symbol,Date,quote_time,ask_price,norm_ask_price,ask_size,bid_price,norm_bid_price,bid_size,last_trade_price,norm_last_trade_price,last_trade_size,mark_price,norm_mark_price,volume,Volume
SPY190830C296,2019-08-29,2019-08-29 09:30:00,0.1,1.0,716,0.08,0.8,858,0.03,0.3,272,0.09,0.9,0,0
SPY190830C296,2019-08-29,2019-08-29 09:30:00,0.5,5.0,10,0.0,0.0,0,0.03,0.3,272,0.25,2.5,0,0
SPY190830C296,2019-08-29,2019-08-29 09:30:01,0.1,1.0,663,0.07,0.7,631,0.03,0.3,272,0.085,0.85,0,0
SPY190830C296,2019-08-29,2019-08-29 09:30:01,0.5,5.0,10,0.0,0.0,0,0.03,0.3,272,0.25,2.5,0,0
SPY190830C296,2019-08-29,2019-08-29 09:30:02,0.1,1.0,1763,0.08,0.8,700,0.03,0.3,272,0.09,0.9,0,0
SPY190830C296,2019-08-29,2019-08-29 09:30:02,0.1,1.0,663,0.08,0.8,272,0.03,0.3,272,0.09,0.9,0,0
SPY190830C296,2019-08-29,2019-08-29 09:30:03,0.1,1.0,1763,0.08,0.8,700,0.03,0.3,272,0.09,0.9,0,0
SPY190830C296,2019-08-29,2019-08-29 09:30:04,0.1,1.0,1668,0.08,0.8,805,0.03,0.3,272,0.09,0.9,0,0
SPY190830C296,2019-08-29,2019-08-29 09:30:05,0.1,1.0,1963,0.08,0.8,800,0.03,0.3,272,0.09,0.9,0,0
SPY190830C296,2019-08-29,2019-08-29 09:30:05,0.1,1.0,1668,0.08,0.8,805,0.03,0.3,272,0.09,0.9,0,0
SPY190830C296,2019-08-29,2019-08-29 09:30:06,0.1,1.0,1963,0.08,0.8,800,0.03,0.3,272,0.09,0.9,0,0
SPY190830C296,2019-08-29,2019-08-29 09:30:07,0.1,1.0,1963,0.08,0.8,800,0.08,0.8,10,0.09,0.9,10,10
SPY190830C296,2019-08-29,2019-08-29 09:30:07,0.1,1.0,1963,0.08,0.8,800,0.08,0.8,10,0.09,0.9,10,0
SPY190830C296,2019-08-29,2019-08-29 09:30:08,0.1,1.0,1963,0.08,0.8,800,0.08,0.8,10,0.09,0.9,10,0
SPY190830C296,2019-08-29,2019-08-29 09:30:09,0.1,1.0,1963,0.08,0.8,800,0.08,0.8,10,0.09,0.9,10,0
SPY190830C296,2019-08-29,2019-08-29 09:30:10,0.1,1.0,1963,0.08,0.8,800,0.08,0.8,10,0.09,0.9,10,0
SPY190830C296,2019-08-29,2019-08-29 09:30:11,0.1,1.0,1663,0.08,0.8,800,0.08,0.8,10,0.09,0.9,10,0
SPY190830C296,2019-08-29,2019-08-29 09:30:11,0.1,1.0,1963,0.08,0.8,800,0.08,0.8,10,0.09,0.9,10,0
SPY190830C296,2019-08-29,2019-08-29 09:30:12,0.1,1.0,1663,0.08,0.8,800,0.08,0.8,10,0.09,0.9,10,0
SPY190830C296,2019-08-29,2019-08-29 09:30:13,0.1,1.0,1663,0.08,0.8,800,0.08,0.8,10,0.09,0.9,10,0
SPY190830C296,2019-08-29,2019-08-29 09:30:14,0.1,1.0,1663,0.08,0.8,800,0.08,0.8,10,0.09,0.9,10,0
SPY190830C296,2019-08-29,2019-08-29 09:30:15,0.09,0.9,373,0.08,0.8,800,0.08,0.8,10,0.085,0.85,10,0
SPY190830C296,2019-08-29,2019-08-29 09:30:15,0.1,1.0,1663,0.08,0.8,800,0.08,0.8,10,0.09,0.9,10,0
SPY190830C296,2019-08-29,2019-08-29 09:30:16,0.09,0.9,373,0.08,0.8,800,0.08,0.8,10,0.085,0.85,10,0
SPY190830C296,2019-08-29,2019-08-29 09:30:17,0.09,0.9,373,0.08,0.8,800,0.08,0.8,10,0.085,0.85,10,0
SPY190830C296,2019-08-29,2019-08-29 09:30:18,0.09,0.9,373,0.08,0.8,800,0.08,0.8,10,0.085,0.85,10,0
SPY190830C296,2019-08-29,2019-08-29 09:30:19,0.09,0.9,373,0.08,0.8,800,0.08,0.8,10,0.085,0.85,10,0
SPY190830C296,2019-08-29,2019-08-29 09:30:20,0.09,0.9,373,0.08,0.8,800,0.08,0.8,10,0.085,0.85,10,0
SPY190830C296,2019-08-29,2019-08-29 09:30:21,0.09,0.9,373,0.08,0.8,800,0.08,0.8,10,0.085,0.85,10,0
SPY190830C296,2019-08-29,2019-08-29 09:30:22,0.09,0.9,149,0.08,0.8,800,0.08,0.8,10,0.085,0.85,10,0
SPY190830C296,2019-08-29,2019-08-29 09:30:23,0.09,0.9,149,0.08,0.8,800,0.08,0.8,10,0.085,0.85,10,0
SPY190830C296,2019-08-29,2019-08-29 09:30:24,0.09,0.9,149,0.08,0.8,800,0.08,0.8,10,0.085,0.85,10,0
SPY190830C296,2019-08-29,2019-08-29 09:30:25,0.09,0.9,149,0.08,0.8,800,0.08,0.8,10,0.085,0.85,10,0
SPY190830C296,2019-08-29,2019-08-29 09:30:26,0.09,0.9,149,0.08,0.8,800,0.08,0.8,10,0.085,0.85,10,0
SPY190830C296,2019-08-29,2019-08-29 09:30:27,0.09,0.9,149,0.08,0.8,700,0.08,0.8,10,0.085,0.85,10,0
SPY190830C296,2019-08-29,2019-08-29 09:30:28,0.09,0.9,149,0.08,0.8,700,0.08,0.8,10,0.085,0.85,10,0
SPY190830C296,2019-08-29,2019-08-29 09:30:29,0.1,1.0,2015,0.08,0.8,1808,0.08,0.8,10,0.09,0.9,10,0
SPY190830C296,2019-08-29,2019-08-29 09:30:29,0.09,0.9,274,0.08,0.8,1605,0.08,0.8,10,0.085,0.85,10,0
SPY190830C296,2019-08-29,2019-08-29 09:30:30,0.09,0.9,277,0.08,0.8,1970,0.08,0.8,10,0.085,0.85,10,0
SPY190830C296,2019-08-29,2019-08-29 09:30:30,0.09,0.9,253,0.08,0.8,2096,0.08,0.8,10,0.085,0.85,10,0
SPY190830C296,2019-08-29,2019-08-29 09:30:31,0.09,0.9,86,0.08,0.8,2076,0.08,0.8,10,0.085,0.85,10,0
SPY190830C296,2019-08-29,2019-08-29 09:30:31,0.09,0.9,277,0.08,0.8,1154,0.08,0.8,10,0.085,0.85,10,0
SPY190830C296,2019-08-29,2019-08-29 09:30:32,0.09,0.9,86,0.08,0.8,3167,0.09,0.9,50,0.085,0.85,60,50
SPY190830C296,2019-08-29,2019-08-29 09:30:32,0.09,0.9,497,0.08,0.8,2794,0.09,0.9,50,0.085,0.85,60,0
SPY190830C296,2019-08-29,2019-08-29 09:30:33,0.09,0.9,497,0.08,0.8,3167,0.09,0.9,50,0.085,0.85,60,0
SPY190830C296,2019-08-29,2019-08-29 09:30:34,0.09,0.9,497,0.08,0.8,3167,0.09,0.9,50,0.085,0.85,60,0
SPY190830C296,2019-08-29,2019-08-29 09:30:35,0.09,0.9,497,0.08,0.8,3167,0.09,0.9,50,0.085,0.85,60,0
SPY190830C296,2019-08-29,2019-08-29 09:30:36,0.09,0.9,497,0.08,0.8,2294,0.09,0.9,50,0.085,0.85,60,0
SPY190830C296,2019-08-29,2019-08-29 09:30:36,0.09,0.9,497,0.08,0.8,3167,0.09,0.9,50,0.085,0.85,60,0
SPY190830C296,2019-08-29,2019-08-29 09:30:37,0.09,0.9,497,0.08,0.8,2794,0.09,0.9,50,0.085,0.85,60,0
SPY190830C296,2019-08-29,2019-08-29 09:30:38,0.09,0.9,497,0.08,0.8,2794,0.09,0.9,50,0.085,0.85,60,0
SPY190830C296,2019-08-29,2019-08-29 09:30:39,0.09,0.9,86,0.08,0.8,3167,0.09,0.9,50,0.085,0.85,60,0
SPY190830C296,2019-08-29,2019-08-29 09:30:40,0.09,0.9,641,0.08,0.8,2294,0.09,0.9,50,0.085,0.85,60,0
SPY190830C296,2019-08-29,2019-08-29 09:30:40,0.09,0.9,83,0.08,0.8,3167,0.09,0.9,50,0.085,0.85,60,0
SPY190830C296,2019-08-29,2019-08-29 09:30:41,0.09,0.9,602,0.08,0.8,2162,0.09,0.9,50,0.085,0.85,60,0
SPY190830C296,2019-08-29,2019-08-29 09:30:41,0.09,0.9,505,0.08,0.8,2229,0.09,0.9,50,0.085,0.85,60,0
SPY190830C296,2019-08-29,2019-08-29 09:30:42,0.09,0.9,120,0.08,0.8,3378,0.09,0.9,50,0.085,0.85,60,0
SPY190830C296,2019-08-29,2019-08-29 09:30:42,0.09,0.9,104,0.08,0.8,1858,0.09,0.9,50,0.085,0.85,60,0
SPY190830C296,2019-08-29,2019-08-29 09:30:43,0.09,0.9,180,0.08,0.8,3378,0.09,0.9,50,0.085,0.85,60,0
SPY190830C296,2019-08-29,2019-08-29 09:30:43,0.09,0.9,120,0.08,0.8,3271,0.09,0.9,50,0.085,0.85,60,0
SPY190830C296,2019-08-29,2019-08-29 09:30:44,0.09,0.9,249,0.08,0.8,3378,0.09,0.9,50,0.085,0.85,60,0
SPY190830C296,2019-08-29,2019-08-29 09:30:44,0.09,0.9,180,0.08,0.8,3378,0.09,0.9,50,0.085,0.85,60,0
SPY190830C296,2019-08-29,2019-08-29 09:30:45,0.09,0.9,249,0.08,0.8,3378,0.09,0.9,50,0.085,0.85,60,0
SPY190830C296,2019-08-29,2019-08-29 09:30:45,0.09,0.9,284,0.08,0.8,3378,0.09,0.9,50,0.085,0.85,60,0
SPY190830C296,2019-08-29,2019-08-29 09:30:46,0.09,0.9,284,0.08,0.8,3204,0.09,0.9,50,0.085,0.85,60,0
SPY190830C296,2019-08-29,2019-08-29 09:30:47,0.09,0.9,284,0.08,0.8,3204,0.09,0.9,50,0.085,0.85,60,0
SPY190830C296,2019-08-29,2019-08-29 09:30:48,0.09,0.9,284,0.08,0.8,3204,0.09,0.9,50,0.085,0.85,60,0
SPY190830C296,2019-08-29,2019-08-29 09:30:48,0.09,0.9,167,0.08,0.8,3204,0.09,0.9,50,0.085,0.85,60,0
SPY190830C296,2019-08-29,2019-08-29 09:30:49,0.09,0.9,242,0.08,0.8,3097,0.09,0.9,50,0.085,0.85,60,0
SPY190830C296,2019-08-29,2019-08-29 09:30:50,0.09,0.9,121,0.08,0.8,3097,0.09,0.9,50,0.085,0.85,60,0
SPY190830C296,2019-08-29,2019-08-29 09:30:50,0.09,0.9,21,0.08,0.8,3327,0.09,0.9,50,0.085,0.85,60,0
SPY190830C296,2019-08-29,2019-08-29 09:30:51,0.09,0.9,86,0.08,0.8,3434,0.09,0.9,50,0.085,0.85,60,0
SPY190830C296,2019-08-29,2019-08-29 09:30:52,0.09,0.9,83,0.08,0.8,3434,0.09,0.9,50,0.085,0.85,60,0
SPY190830C296,2019-08-29,2019-08-29 09:30:53,0.09,0.9,104,0.08,0.8,3434,0.09,0.9,50,0.085,0.85,60,0
SPY190830C296,2019-08-29,2019-08-29 09:30:54,0.09,0.9,86,0.08,0.8,3434,0.09,0.9,50,0.085,0.85,60,0
SPY190830C296,2019-08-29,2019-08-29 09:30:54,0.09,0.9,83,0.08,0.8,3434,0.09,0.9,50,0.085,0.85,60,0
SPY190830C296,2019-08-29,2019-08-29 09:30:55,0.09,0.9,66,0.08,0.8,3434,0.09,0.9,50,0.085,0.85,60,0
SPY190830C296,2019-08-29,2019-08-29 09:30:55,0.09,0.9,83,0.08,0.8,3434,0.09,0.9,50,0.085,0.85,60,0
SPY190830C296,2019-08-29,2019-08-29 09:30:56,0.09,0.9,104,0.08,0.8,3434,0.09,0.9,50,0.085,0.85,60,0
SPY190830C296,2019-08-29,2019-08-29 09:30:56,0.09,0.9,104,0.08,0.8,2934,0.09,0.9,50,0.085,0.85,60,0
SPY190830C296,2019-08-29,2019-08-29 09:30:57,0.09,0.9,136,0.08,0.8,2934,0.09,0.9,50,0.085,0.85,60,0
SPY190830C296,2019-08-29,2019-08-29 09:30:57,0.09,0.9,121,0.08,0.8,3434,0.09,0.9,50,0.085,0.85,60,0
SPY190830C296,2019-08-29,2019-08-29 09:30:58,0.09,0.9,239,0.08,0.8,4349,0.09,0.9,50,0.085,0.85,60,0
SPY190830C296,2019-08-29,2019-08-29 09:30:58,0.09,0.9,239,0.08,0.8,3434,0.09,0.9,50,0.085,0.85,60,0
SPY190830C296,2019-08-29,2019-08-29 09:30:59,0.09,0.9,239,0.08,0.8,4349,0.09,0.9,50,0.085,0.85,60,0
SPY190830C296,2019-08-29,2019-08-29 09:31:00,0.09,0.9,183,0.08,0.8,4242,0.09,0.9,50,0.085,0.85,60,0
SPY190830C296,2019-08-29,2019-08-29 09:31:01,0.09,0.9,18,0.08,0.8,2550,0.09,0.9,50,0.085,0.85,60,0
SPY190830C296,2019-08-29,2019-08-29 09:31:01,0.09,0.9,65,0.08,0.8,2550,0.09,0.9,50,0.085,0.85,60,0
SPY190830C296,2019-08-29,2019-08-29 09:31:02,0.09,0.9,18,0.09,0.9,5,0.09,0.9,50,0.09,0.9,60,0
SPY190830C296,2019-08-29,2019-08-29 09:31:02,0.1,1.0,3299,0.09,0.9,5,0.09,0.9,50,0.095,0.95,60,0
SPY190830C296,2019-08-29,2019-08-29 09:31:03,0.1,1.0,1823,0.09,0.9,471,0.09,0.9,50,0.095,0.95,60,0
SPY190830C296,2019-08-29,2019-08-29 09:31:03,0.1,1.0,3300,0.09,0.9,471,0.09,0.9,50,0.095,0.95,60,0
SPY190830C296,2019-08-29,2019-08-29 09:31:04,0.1,1.0,3300,0.09,0.9,471,0.09,0.9,50,0.095,0.95,60,0
SPY190830C296,2019-08-29,2019-08-29 09:31:04,0.1,1.0,3291,0.09,0.9,471,0.09,0.9,50,0.095,0.95,60,0
SPY190830C296,2019-08-29,2019-08-29 09:31:05,0.1,1.0,3160,0.09,0.9,1193,0.09,0.9,50,0.095,0.95,60,0
SPY190830C296,2019-08-29,2019-08-29 09:31:05,0.1,1.0,3291,0.09,0.9,1193,0.09,0.9,50,0.095,0.95,60,0
SPY190830C296,2019-08-29,2019-08-29 09:31:06,0.1,1.0,3160,0.09,0.9,1457,0.09,0.9,50,0.095,0.95,60,0
SPY190830C296,2019-08-29,2019-08-29 09:31:07,0.1,1.0,1692,0.09,0.9,1559,0.09,0.9,50,0.095,0.95,60,0
SPY190830C296,2019-08-29,2019-08-29 09:31:07,0.1,1.0,2554,0.09,0.9,1559,0.09,0.9,50,0.095,0.95,60,0
SPY190830C296,2019-08-29,2019-08-29 09:31:08,0.1,1.0,1154,0.09,0.9,1193,0.09,0.9,50,0.095,0.95,60,0
SPY190830C296,2019-08-29,2019-08-29 09:31:09,0.1,1.0,2735,0.09,0.9,1296,0.09,0.9,50,0.095,0.95,60,0
SPY190830C296,2019-08-29,2019-08-29 09:31:09,0.1,1.0,1869,0.09,0.9,2514,0.09,0.9,50,0.095,0.95,60,0
SPY190830C296,2019-08-29,2019-08-29 09:31:10,0.1,1.0,1869,0.09,0.9,2109,0.09,0.9,1,0.095,0.95,61,0
SPY190830C296,2019-08-29,2019-08-29 09:31:10,0.1,1.0,1869,0.09,0.9,2109,0.09,0.9,1,0.095,0.95,61,1
SPY190830C296,2019-08-29,2019-08-29 09:31:11,0.1,1.0,1869,0.09,0.9,2964,0.09,0.9,1,0.095,0.95,61,0
SPY190830C296,2019-08-29,2019-08-29 09:31:11,0.1,1.0,1741,0.09,0.9,2964,0.09,0.9,1,0.095,0.95,61,0
SPY190830C296,2019-08-29,2019-08-29 09:31:12,0.1,1.0,1184,0.09,0.9,2495,0.09,0.9,1,0.095,0.95,61,0
SPY190830C296,2019-08-29,2019-08-29 09:31:12,0.1,1.0,1949,0.09,0.9,3730,0.09,0.9,1,0.095,0.95,61,0
SPY190830C296,2019-08-29,2019-08-29 09:31:13,0.1,1.0,812,0.09,0.9,3024,0.1,1.0,8,0.095,0.95,69,0
SPY190830C296,2019-08-29,2019-08-29 09:31:13,0.1,1.0,939,0.09,0.9,3122,0.1,1.0,8,0.095,0.95,69,8
SPY190830C296,2019-08-29,2019-08-29 09:31:14,0.1,1.0,462,0.09,0.9,3024,0.1,1.0,8,0.095,0.95,69,0
SPY190830C296,2019-08-29,2019-08-29 09:31:14,0.1,1.0,812,0.09,0.9,3024,0.1,1.0,8,0.095,0.95,69,0
SPY190830C296,2019-08-29,2019-08-29 09:31:15,0.1,1.0,1203,0.09,0.9,3854,0.1,1.0,8,0.095,0.95,69,0
SPY190830C296,2019-08-29,2019-08-29 09:31:15,0.1,1.0,1018,0.09,0.9,3854,0.1,1.0,8,0.095,0.95,69,0
SPY190830C296,2019-08-29,2019-08-29 09:31:16,0.1,1.0,359,0.09,0.9,2550,0.1,1.0,8,0.095,0.95,69,0
SPY190830C296,2019-08-29,2019-08-29 09:31:16,0.1,1.0,832,0.09,0.9,3854,0.1,1.0,8,0.095,0.95,69,0
SPY190830C296,2019-08-29,2019-08-29 09:31:17,0.1,1.0,820,0.09,0.9,2905,0.1,1.0,8,0.095,0.95,69,0
SPY190830C296,2019-08-29,2019-08-29 09:31:17,0.1,1.0,1448,0.09,0.9,3015,0.1,1.0,8,0.095,0.95,69,0
SPY190830C296,2019-08-29,2019-08-29 09:31:18,0.1,1.0,965,0.09,0.9,2618,0.1,1.0,8,0.095,0.95,69,0
SPY190830C296,2019-08-29,2019-08-29 09:31:18,0.1,1.0,598,0.09,0.9,2184,0.1,1.0,8,0.095,0.95,69,0
SPY190830C296,2019-08-29,2019-08-29 09:31:19,0.1,1.0,367,0.09,0.9,1154,0.1,1.0,8,0.095,0.95,69,0
SPY190830C296,2019-08-29,2019-08-29 09:31:19,0.1,1.0,1420,0.09,0.9,2618,0.1,1.0,8,0.095,0.95,69,0
SPY190830C296,2019-08-29,2019-08-29 09:31:20,0.1,1.0,480,0.09,0.9,1800,0.1,1.0,1,0.095,0.95,70,1
SPY190830C296,2019-08-29,2019-08-29 09:31:20,0.1,1.0,480,0.09,0.9,2653,0.1,1.0,1,0.095,0.95,70,0
SPY190830C296,2019-08-29,2019-08-29 09:31:21,0.1,1.0,480,0.09,0.9,3008,0.1,1.0,1,0.095,0.95,70,0
SPY190830C296,2019-08-29,2019-08-29 09:31:21,0.1,1.0,480,0.09,0.9,2980,0.1,1.0,1,0.095,0.95,70,0
SPY190830C296,2019-08-29,2019-08-29 09:31:22,0.1,1.0,480,0.09,0.9,2625,0.1,1.0,1,0.095,0.95,70,0
SPY190830C296,2019-08-29,2019-08-29 09:31:23,0.1,1.0,480,0.09,0.9,2625,0.1,1.0,1,0.095,0.95,70,0
SPY190830C296,2019-08-29,2019-08-29 09:31:23,0.1,1.0,388,0.09,0.9,2625,0.1,1.0,1,0.095,0.95,70,0
SPY190830C296,2019-08-29,2019-08-29 09:31:24,0.1,1.0,1099,0.09,0.9,584,0.1,1.0,1,0.095,0.95,70,0
SPY190830C296,2019-08-29,2019-08-29 09:31:24,0.1,1.0,475,0.09,0.9,500,0.1,1.0,1,0.095,0.95,70,0
SPY190830C296,2019-08-29,2019-08-29 09:31:25,0.1,1.0,2775,0.09,0.9,1924,0.1,1.0,1,0.095,0.95,70,0
SPY190830C296,2019-08-29,2019-08-29 09:31:25,0.1,1.0,2842,0.09,0.9,1078,0.1,1.0,1,0.095,0.95,70,0
SPY190830C296,2019-08-29,2019-08-29 09:31:26,0.1,1.0,2842,0.09,0.9,1800,0.1,1.0,1,0.095,0.95,70,0
SPY190830C296,2019-08-29,2019-08-29 09:31:27,0.1,1.0,2842,0.09,0.9,1901,0.1,1.0,1,0.095,0.95,70,0
SPY190830C296,2019-08-29,2019-08-29 09:31:28,0.1,1.0,1484,0.09,0.9,1901,0.1,1.0,1,0.095,0.95,70,0
SPY190830C296,2019-08-29,2019-08-29 09:31:29,0.1,1.0,186,0.09,0.9,3006,0.1,1.0,1,0.095,0.95,70,0
SPY190830C296,2019-08-29,2019-08-29 09:31:30,0.1,1.0,186,0.09,0.9,2506,0.1,1.0,1,0.095,0.95,70,0
SPY190830C296,2019-08-29,2019-08-29 09:31:30,0.1,1.0,186,0.09,0.9,3480,0.1,1.0,1,0.095,0.95,70,0
SPY190830C296,2019-08-29,2019-08-29 09:31:31,0.1,1.0,230,0.09,0.9,3480,0.1,1.0,1,0.095,0.95,70,0
SPY190830C296,2019-08-29,2019-08-29 09:31:32,0.1,1.0,230,0.09,0.9,3480,0.1,1.0,1,0.095,0.95,70,0
SPY190830C296,2019-08-29,2019-08-29 09:31:33,0.1,1.0,736,0.09,0.9,2651,0.1,1.0,1,0.095,0.95,70,0
SPY190830C296,2019-08-29,2019-08-29 09:31:33,0.1,1.0,481,0.09,0.9,2651,0.1,1.0,1,0.095,0.95,70,0
SPY190830C296,2019-08-29,2019-08-29 09:31:34,0.1,1.0,736,0.09,0.9,2651,0.1,1.0,1,0.095,0.95,70,0
SPY190830C296,2019-08-29,2019-08-29 09:31:35,0.1,1.0,736,0.09,0.9,2651,0.1,1.0,1,0.095,0.95,70,0
SPY190830C296,2019-08-29,2019-08-29 09:31:36,0.1,1.0,1954,0.09,0.9,2651,0.1,1.0,10,0.095,0.95,80,0
SPY190830C296,2019-08-29,2019-08-29 09:31:36,0.1,1.0,736,0.09,0.9,2651,0.1,1.0,10,0.095,0.95,80,10
SPY190830C296,2019-08-29,2019-08-29 09:31:37,0.1,1.0,1954,0.09,0.9,2670,0.1,1.0,10,0.095,0.95,80,0
SPY190830C296,2019-08-29,2019-08-29 09:31:37,0.1,1.0,1954,0.09,0.9,2550,0.1,1.0,10,0.095,0.95,80,0
SPY190830C296,2019-08-29,2019-08-29 09:31:38,0.1,1.0,1954,0.09,0.9,2670,0.1,1.0,10,0.095,0.95,80,0
SPY190830C296,2019-08-29,2019-08-29 09:31:39,0.1,1.0,1016,0.09,0.9,2170,0.1,1.0,10,0.095,0.95,80,0
SPY190830C296,2019-08-29,2019-08-29 09:31:40,0.1,1.0,1016,0.09,0.9,2670,0.1,1.0,10,0.095,0.95,80,0
SPY190830C296,2019-08-29,2019-08-29 09:31:40,0.1,1.0,1016,0.09,0.9,2170,0.1,1.0,10,0.095,0.95,80,0
SPY190830C296,2019-08-29,2019-08-29 09:31:41,0.1,1.0,1005,0.09,0.9,2670,0.1,1.0,1,0.095,0.95,81,0
SPY190830C296,2019-08-29,2019-08-29 09:31:41,0.1,1.0,1016,0.09,0.9,2670,0.1,1.0,1,0.095,0.95,81,1
SPY190830C296,2019-08-29,2019-08-29 09:31:42,0.1,1.0,1005,0.09,0.9,2670,0.1,1.0,1,0.095,0.95,81,0
SPY190830C296,2019-08-29,2019-08-29 09:31:43,0.1,1.0,492,0.09,0.9,2236,0.1,1.0,1,0.095,0.95,81,0
SPY190830C296,2019-08-29,2019-08-29 09:31:44,0.1,1.0,492,0.09,0.9,2236,0.1,1.0,1,0.095,0.95,81,0
SPY190830C296,2019-08-29,2019-08-29 09:31:44,0.1,1.0,453,0.09,0.9,2670,0.1,1.0,1,0.095,0.95,81,0
SPY190830C296,2019-08-29,2019-08-29 09:31:45,0.1,1.0,453,0.09,0.9,3434,0.1,1.0,1,0.095,0.95,81,0
SPY190830C296,2019-08-29,2019-08-29 09:31:46,0.1,1.0,111,0.09,0.9,3314,0.1,1.0,1,0.095,0.95,81,0
SPY190830C296,2019-08-29,2019-08-29 09:31:46,0.1,1.0,167,0.09,0.9,3792,0.1,1.0,1,0.095,0.95,81,0
SPY190830C296,2019-08-29,2019-08-29 09:31:47,0.1,1.0,167,0.09,0.9,3792,0.1,1.0,1,0.095,0.95,81,0
SPY190830C296,2019-08-29,2019-08-29 09:31:47,0.1,1.0,65,0.09,0.9,2050,0.1,1.0,1,0.095,0.95,82,1
SPY190830C296,2019-08-29,2019-08-29 09:31:48,0.1,1.0,228,0.09,0.9,3637,0.1,1.0,9,0.095,0.95,91,0
SPY190830C296,2019-08-29,2019-08-29 09:31:48,0.1,1.0,231,0.09,0.9,2704,0.1,1.0,9,0.095,0.95,91,9
SPY190830C296,2019-08-29,2019-08-29 09:31:49,0.1,1.0,228,0.09,0.9,3637,0.1,1.0,9,0.095,0.95,91,0
SPY190830C296,2019-08-29,2019-08-29 09:31:50,0.1,1.0,129,0.09,0.9,3637,0.1,1.0,9,0.095,0.95,91,0
SPY190830C296,2019-08-29,2019-08-29 09:31:50,0.1,1.0,129,0.09,0.9,4137,0.1,1.0,9,0.095,0.95,91,0
SPY190830C296,2019-08-29,2019-08-29 09:31:51,0.1,1.0,35,0.09,0.9,4014,0.1,1.0,9,0.095,0.95,91,0
SPY190830C296,2019-08-29,2019-08-29 09:31:51,0.1,1.0,65,0.09,0.9,4149,0.1,1.0,9,0.095,0.95,91,0
SPY190830C296,2019-08-29,2019-08-29 09:31:52,0.1,1.0,104,0.09,0.9,3325,0.1,1.0,9,0.095,0.95,91,0
SPY190830C296,2019-08-29,2019-08-29 09:31:52,0.1,1.0,65,0.09,0.9,3081,0.1,1.0,9,0.095,0.95,91,0
SPY190830C296,2019-08-29,2019-08-29 09:31:53,0.1,1.0,104,0.09,0.9,3291,0.1,1.0,9,0.095,0.95,91,0
SPY190830C296,2019-08-29,2019-08-29 09:31:53,0.1,1.0,83,0.09,0.9,3936,0.1,1.0,9,0.095,0.95,91,0
SPY190830C296,2019-08-29,2019-08-29 09:31:54,0.1,1.0,20,0.09,0.9,3936,0.1,1.0,9,0.095,0.95,91,0
SPY190830C296,2019-08-29,2019-08-29 09:31:54,0.1,1.0,83,0.09,0.9,3436,0.1,1.0,9,0.095,0.95,91,0
SPY190830C296,2019-08-29,2019-08-29 09:31:55,0.1,1.0,21,0.09,0.9,4068,0.1,1.0,9,0.095,0.95,91,0
SPY190830C296,2019-08-29,2019-08-29 09:31:55,0.1,1.0,20,0.09,0.9,3936,0.1,1.0,9,0.095,0.95,91,0
SPY190830C296,2019-08-29,2019-08-29 09:31:56,0.1,1.0,20,0.09,0.9,3936,0.1,1.0,9,0.095,0.95,91,0
SPY190830C296,2019-08-29,2019-08-29 09:31:56,0.1,1.0,20,0.09,0.9,3936,0.11,1.1,24,0.095,0.95,115,24
SPY190830C296,2019-08-29,2019-08-29 09:31:57,0.1,1.0,21,0.09,0.9,2822,0.11,1.1,24,0.095,0.95,115,0
SPY190830C296,2019-08-29,2019-08-29 09:31:57,0.1,1.0,1,0.09,0.9,2690,0.11,1.1,24,0.095,0.95,115,0
SPY190830C296,2019-08-29,2019-08-29 09:31:58,0.1,1.0,21,0.09,0.9,3190,0.11,1.1,24,0.095,0.95,115,0
SPY190830C296,2019-08-29,2019-08-29 09:31:58,0.1,1.0,1,0.09,0.9,4233,0.11,1.1,24,0.095,0.95,115,0
SPY190830C296,2019-08-29,2019-08-29 09:31:59,0.1,1.0,1,0.09,0.9,4233,0.11,1.1,24,0.095,0.95,115,0
SPY190830C296,2019-08-29,2019-08-29 09:31:59,0.1,1.0,1,0.09,0.9,4365,0.11,1.1,24,0.095,0.95,115,0
SPY190830C296,2019-08-29,2019-08-29 09:32:00,0.11,1.1,565,0.1,1.0,1500,0.1,1.0,1,0.105,1.05,116,0
SPY190830C296,2019-08-29,2019-08-29 09:32:00,0.1,1.0,1,0.1,1.0,1500,0.1,1.0,1,0.1,1.0,116,1
SPY190830C296,2019-08-29,2019-08-29 09:32:01,0.11,1.1,65,0.1,1.0,2400,0.1,1.0,1,0.105,1.05,116,0
SPY190830C296,2019-08-29,2019-08-29 09:32:01,0.11,1.1,65,0.1,1.0,3522,0.1,1.0,1,0.105,1.05,116,0
SPY190830C296,2019-08-29,2019-08-29 09:32:02,0.11,1.1,21,0.1,1.0,3456,0.1,1.0,1,0.105,1.05,116,0
SPY190830C296,2019-08-29,2019-08-29 09:32:02,0.11,1.1,86,0.1,1.0,3522,0.1,1.0,1,0.105,1.05,116,0
SPY190830C296,2019-08-29,2019-08-29 09:32:03,0.11,1.1,21,0.1,1.0,2888,0.11,1.1,20,0.105,1.05,137,21
SPY190830C296,2019-08-29,2019-08-29 09:32:03,0.11,1.1,21,0.1,1.0,2520,0.1,1.0,1,0.105,1.05,116,0
SPY190830C296,2019-08-29,2019-08-29 09:32:04,0.12,1.2,712,0.11,1.1,3020,0.11,1.1,20,0.115,1.15,137,0
SPY190830C296,2019-08-29,2019-08-29 09:32:04,0.12,1.2,258,0.11,1.1,2389,0.11,1.1,20,0.115,1.15,137,0
SPY190830C296,2019-08-29,2019-08-29 09:32:05,0.12,1.2,275,0.11,1.1,2657,0.12,1.2,1,0.115,1.15,138,0
SPY190830C296,2019-08-29,2019-08-29 09:32:05,0.12,1.2,275,0.11,1.1,2050,0.12,1.2,1,0.115,1.15,138,1
SPY190830C296,2019-08-29,2019-08-29 09:32:06,0.12,1.2,275,0.11,1.1,2000,0.11,1.1,1,0.115,1.15,139,1
SPY190830C296,2019-08-29,2019-08-29 09:32:06,0.12,1.2,437,0.11,1.1,2461,0.11,1.1,1,0.115,1.15,139,0
SPY190830C296,2019-08-29,2019-08-29 09:32:07,0.12,1.2,291,0.11,1.1,3005,0.11,1.1,1,0.115,1.15,139,0
SPY190830C296,2019-08-29,2019-08-29 09:32:07,0.12,1.2,224,0.11,1.1,3235,0.11,1.1,1,0.115,1.15,139,0
SPY190830C296,2019-08-29,2019-08-29 09:32:08,0.12,1.2,224,0.11,1.1,3235,0.11,1.1,1,0.115,1.15,139,0
SPY190830C296,2019-08-29,2019-08-29 09:32:09,0.12,1.2,230,0.11,1.1,3235,0.11,1.1,1,0.115,1.15,139,0
SPY190830C296,2019-08-29,2019-08-29 09:32:09,0.12,1.2,551,0.11,1.1,2050,0.11,1.1,1,0.115,1.15,139,0
SPY190830C296,2019-08-29,2019-08-29 09:32:10,0.12,1.2,2231,0.11,1.1,2050,0.11,1.1,1,0.115,1.15,139,0
SPY190830C296,2019-08-29,2019-08-29 09:32:10,0.12,1.2,2151,0.11,1.1,2050,0.12,1.2,15,0.115,1.15,219,80
SPY190830C296,2019-08-29,2019-08-29 09:32:11,0.12,1.2,2169,0.11,1.1,1050,0.12,1.2,15,0.115,1.15,219,0
SPY190830C296,2019-08-29,2019-08-29 09:32:12,0.12,1.2,2169,0.11,1.1,1050,0.12,1.2,15,0.115,1.15,219,0
SPY190830C296,2019-08-29,2019-08-29 09:32:13,0.12,1.2,2275,0.11,1.1,1050,0.12,1.2,15,0.115,1.15,219,0
SPY190830C296,2019-08-29,2019-08-29 09:32:14,0.12,1.2,2291,0.11,1.1,192,0.12,1.2,15,0.115,1.15,219,0
SPY190830C296,2019-08-29,2019-08-29 09:32:14,0.12,1.2,2291,0.11,1.1,1050,0.12,1.2,15,0.115,1.15,219,0
SPY190830C296,2019-08-29,2019-08-29 09:32:15,0.12,1.2,2401,0.11,1.1,199,0.12,1.2,12,0.115,1.15,231,0
SPY190830C296,2019-08-29,2019-08-29 09:32:15,0.12,1.2,2559,0.11,1.1,192,0.12,1.2,12,0.115,1.15,231,12
SPY190830C296,2019-08-29,2019-08-29 09:32:16,0.12,1.2,3502,0.11,1.1,199,0.12,1.2,12,0.115,1.15,231,0
SPY190830C296,2019-08-29,2019-08-29 09:32:17,0.12,1.2,2912,0.1,1.0,3898,0.12,1.2,12,0.11,1.1,231,0
SPY190830C296,2019-08-29,2019-08-29 09:32:17,0.12,1.2,3056,0.1,1.0,3671,0.12,1.2,12,0.11,1.1,231,0
SPY190830C296,2019-08-29,2019-08-29 09:32:18,0.11,1.1,21,0.1,1.0,2710,0.12,1.2,12,0.105,1.05,231,0
SPY190830C296,2019-08-29,2019-08-29 09:32:18,0.12,1.2,2908,0.1,1.0,2550,0.12,1.2,12,0.11,1.1,231,0
SPY190830C296,2019-08-29,2019-08-29 09:32:19,0.11,1.1,300,0.1,1.0,2710,0.12,1.2,12,0.105,1.05,231,0
SPY190830C296,2019-08-29,2019-08-29 09:32:19,0.11,1.1,2493,0.1,1.0,2709,0.11,1.1,5,0.105,1.05,236,5
SPY190830C296,2019-08-29,2019-08-29 09:32:20,0.11,1.1,2493,0.1,1.0,2709,0.11,1.1,5,0.105,1.05,236,0
SPY190830C296,2019-08-29,2019-08-29 09:32:20,0.11,1.1,2822,0.1,1.0,2550,0.11,1.1,5,0.105,1.05,236,0
SPY190830C296,2019-08-29,2019-08-29 09:32:21,0.11,1.1,1900,0.1,1.0,2210,0.11,1.1,5,0.105,1.05,236,0
SPY190830C296,2019-08-29,2019-08-29 09:32:21,0.11,1.1,2828,0.1,1.0,2710,0.11,1.1,5,0.105,1.05,236,0
SPY190830C296,2019-08-29,2019-08-29 09:32:22,0.11,1.1,1900,0.1,1.0,2710,0.11,1.1,1,0.105,1.05,237,1
SPY190830C296,2019-08-29,2019-08-29 09:32:22,0.11,1.1,1571,0.1,1.0,2210,0.11,1.1,1,0.105,1.05,237,0
SPY190830C296,2019-08-29,2019-08-29 09:32:23,0.11,1.1,2850,0.1,1.0,2710,0.11,1.1,1,0.105,1.05,237,0
SPY190830C296,2019-08-29,2019-08-29 09:32:24,0.11,1.1,2763,0.1,1.0,2710,0.11,1.1,1,0.105,1.05,237,0
SPY190830C296,2019-08-29,2019-08-29 09:32:24,0.11,1.1,2850,0.1,1.0,2710,0.11,1.1,1,0.105,1.05,237,0
SPY190830C296,2019-08-29,2019-08-29 09:32:25,0.11,1.1,1945,0.1,1.0,2710,0.11,1.1,1,0.105,1.05,237,0
SPY190830C296,2019-08-29,2019-08-29 09:32:25,0.11,1.1,1527,0.1,1.0,2550,0.11,1.1,1,0.105,1.05,237,0
SPY190830C296,2019-08-29,2019-08-29 09:32:26,0.11,1.1,1961,0.1,1.0,2550,0.11,1.1,1,0.105,1.05,237,0
SPY190830C296,2019-08-29,2019-08-29 09:32:26,0.11,1.1,1527,0.1,1.0,2710,0.11,1.1,1,0.105,1.05,237,0
SPY190830C296,2019-08-29,2019-08-29 09:32:27,0.12,1.2,2999,0.1,1.0,3373,0.11,1.1,1,0.11,1.1,237,0
SPY190830C296,2019-08-29,2019-08-29 09:32:27,0.12,1.2,2384,0.11,1.1,750,0.11,1.1,1,0.115,1.15,237,0
SPY190830C296,2019-08-29,2019-08-29 09:32:28,0.12,1.2,2870,0.1,1.0,3373,0.11,1.1,1,0.11,1.1,237,0
SPY190830C296,2019-08-29,2019-08-29 09:32:28,0.12,1.2,2705,0.11,1.1,750,0.11,1.1,1,0.115,1.15,237,0
SPY190830C296,2019-08-29,2019-08-29 09:32:29,0.12,1.2,3684,0.11,1.1,1531,0.11,1.1,1,0.115,1.15,237,0
SPY190830C296,2019-08-29,2019-08-29 09:32:29,0.12,1.2,3192,0.11,1.1,750,0.11,1.1,1,0.115,1.15,237,0
SPY190830C296,2019-08-29,2019-08-29 09:32:30,0.12,1.2,3684,0.11,1.1,1531,0.11,1.1,1,0.115,1.15,237,0
SPY190830C296,2019-08-29,2019-08-29 09:32:31,0.12,1.2,2253,0.11,1.1,1160,0.11,1.1,1,0.115,1.15,237,0
SPY190830C296,2019-08-29,2019-08-29 09:32:32,0.12,1.2,1976,0.11,1.1,1160,0.11,1.1,1,0.115,1.15,237,0
SPY190830C296,2019-08-29,2019-08-29 09:32:32,0.12,1.2,3658,0.11,1.1,1782,0.11,1.1,1,0.115,1.15,237,0
SPY190830C296,2019-08-29,2019-08-29 09:32:33,0.12,1.2,3138,0.11,1.1,1806,0.11,1.1,1,0.115,1.15,237,0
SPY190830C296,2019-08-29,2019-08-29 09:32:33,0.12,1.2,3138,0.11,1.1,1782,0.11,1.1,1,0.115,1.15,237,0
SPY190830C296,2019-08-29,2019-08-29 09:32:34,0.12,1.2,2117,0.11,1.1,2022,0.11,1.1,3,0.115,1.15,240,3
SPY190830C296,2019-08-29,2019-08-29 09:32:34,0.12,1.2,1753,0.11,1.1,2442,0.11,1.1,3,0.115,1.15,240,0
SPY190830C296,2019-08-29,2019-08-29 09:32:35,0.12,1.2,1649,0.11,1.1,2716,0.11,1.1,3,0.115,1.15,240,0
SPY190830C296,2019-08-29,2019-08-29 09:32:35,0.12,1.2,1753,0.11,1.1,2876,0.11,1.1,3,0.115,1.15,240,0
SPY190830C296,2019-08-29,2019-08-29 09:32:36,0.12,1.2,2575,0.11,1.1,2876,0.11,1.1,3,0.115,1.15,240,0
SPY190830C296,2019-08-29,2019-08-29 09:32:37,0.12,1.2,2575,0.11,1.1,2876,0.11,1.1,3,0.115,1.15,240,0
SPY190830C296,2019-08-29,2019-08-29 09:32:37,0.12,1.2,3034,0.11,1.1,2210,0.11,1.1,3,0.115,1.15,240,0
SPY190830C296,2019-08-29,2019-08-29 09:32:38,0.12,1.2,3034,0.11,1.1,2210,0.11,1.1,3,0.115,1.15,240,0
SPY190830C296,2019-08-29,2019-08-29 09:32:38,0.12,1.2,3433,0.11,1.1,2710,0.11,1.1,3,0.115,1.15,240,0
SPY190830C296,2019-08-29,2019-08-29 09:32:39,0.12,1.2,2121,0.11,1.1,2210,0.11,1.1,3,0.115,1.15,240,0
SPY190830C296,2019-08-29,2019-08-29 09:32:39,0.12,1.2,2121,0.11,1.1,2710,0.11,1.1,3,0.115,1.15,240,0
SPY190830C296,2019-08-29,2019-08-29 09:32:40,0.12,1.2,1792,0.11,1.1,2710,0.11,1.1,3,0.115,1.15,240,0
SPY190830C296,2019-08-29,2019-08-29 09:32:41,0.12,1.2,1669,0.11,1.1,3624,0.11,1.1,3,0.115,1.15,240,0
SPY190830C296,2019-08-29,2019-08-29 09:32:41,0.12,1.2,1669,0.11,1.1,2710,0.11,1.1,3,0.115,1.15,240,0
SPY190830C296,2019-08-29,2019-08-29 09:32:42,0.12,1.2,166,0.11,1.1,2710,0.11,1.1,3,0.115,1.15,240,0
SPY190830C296,2019-08-29,2019-08-29 09:32:42,0.12,1.2,60,0.11,1.1,3474,0.12,1.2,10,0.115,1.15,250,10
SPY190830C296,2019-08-29,2019-08-29 09:32:43,0.12,1.2,60,0.11,1.1,3474,0.12,1.2,10,0.115,1.15,250,0
SPY190830C296,2019-08-29,2019-08-29 09:32:44,0.12,1.2,60,0.11,1.1,3636,0.12,1.2,10,0.115,1.15,250,0
SPY190830C296,2019-08-29,2019-08-29 09:32:44,0.12,1.2,60,0.11,1.1,3474,0.12,1.2,10,0.115,1.15,250,0
SPY190830C296,2019-08-29,2019-08-29 09:32:45,0.12,1.2,86,0.11,1.1,3636,0.12,1.2,1,0.115,1.15,251,0
SPY190830C296,2019-08-29,2019-08-29 09:32:45,0.12,1.2,97,0.11,1.1,3474,0.12,1.2,1,0.115,1.15,251,1
SPY190830C296,2019-08-29,2019-08-29 09:32:46,0.12,1.2,97,0.11,1.1,3474,0.12,1.2,10,0.115,1.15,261,0
SPY190830C296,2019-08-29,2019-08-29 09:32:46,0.12,1.2,60,0.11,1.1,3636,0.12,1.2,10,0.115,1.15,261,10
SPY190830C296,2019-08-29,2019-08-29 09:32:47,0.12,1.2,112,0.11,1.1,3636,0.12,1.2,10,0.115,1.15,261,0
SPY190830C296,2019-08-29,2019-08-29 09:32:47,0.12,1.2,112,0.11,1.1,3474,0.12,1.2,10,0.115,1.15,261,0
SPY190830C296,2019-08-29,2019-08-29 09:32:48,0.12,1.2,112,0.11,1.1,3636,0.12,1.2,10,0.115,1.15,261,0
SPY190830C296,2019-08-29,2019-08-29 09:32:49,0.12,1.2,112,0.11,1.1,2712,0.12,1.2,10,0.115,1.15,261,0
SPY190830C296,2019-08-29,2019-08-29 09:32:49,0.12,1.2,112,0.11,1.1,3171,0.12,1.2,10,0.115,1.15,261,0
SPY190830C296,2019-08-29,2019-08-29 09:32:50,0.12,1.2,60,0.11,1.1,3953,0.12,1.2,1,0.115,1.15,262,0
SPY190830C296,2019-08-29,2019-08-29 09:32:50,0.12,1.2,112,0.11,1.1,4453,0.12,1.2,1,0.115,1.15,262,1
SPY190830C296,2019-08-29,2019-08-29 09:32:51,0.12,1.2,60,0.11,1.1,2773,0.11,1.1,2,0.115,1.15,264,0
SPY190830C296,2019-08-29,2019-08-29 09:32:51,0.12,1.2,60,0.11,1.1,2773,0.11,1.1,2,0.115,1.15,264,2
SPY190830C296,2019-08-29,2019-08-29 09:32:52,0.13,1.3,2628,0.12,1.2,2050,0.12,1.2,60,0.125,1.25,328,64
SPY190830C296,2019-08-29,2019-08-29 09:32:52,0.12,1.2,60,0.11,1.1,4116,0.11,1.1,2,0.115,1.15,264,0
SPY190830C296,2019-08-29,2019-08-29 09:32:53,0.13,1.3,2628,0.12,1.2,2050,0.12,1.2,60,0.125,1.25,328,0
SPY190830C296,2019-08-29,2019-08-29 09:32:54,0.13,1.3,2648,0.12,1.2,2050,0.12,1.2,60,0.125,1.25,328,0
SPY190830C296,2019-08-29,2019-08-29 09:32:55,0.13,1.3,2648,0.12,1.2,2050,0.12,1.2,60,0.125,1.25,328,0
SPY190830C296,2019-08-29,2019-08-29 09:32:55,0.13,1.3,454,0.12,1.2,2050,0.12,1.2,60,0.125,1.25,328,0
SPY190830C296,2019-08-29,2019-08-29 09:32:56,0.13,1.3,960,0.12,1.2,2050,0.12,1.2,60,0.125,1.25,328,0
SPY190830C296,2019-08-29,2019-08-29 09:32:56,0.13,1.3,686,0.12,1.2,2050,0.12,1.2,60,0.125,1.25,328,0
SPY190830C296,2019-08-29,2019-08-29 09:32:57,0.13,1.3,1989,0.12,1.2,2212,0.12,1.2,60,0.125,1.25,328,0
SPY190830C296,2019-08-29,2019-08-29 09:32:57,0.13,1.3,666,0.12,1.2,2050,0.12,1.2,60,0.125,1.25,328,0
SPY190830C296,2019-08-29,2019-08-29 09:32:58,0.13,1.3,1989,0.12,1.2,2212,0.12,1.2,60,0.125,1.25,328,0
SPY190830C296,2019-08-29,2019-08-29 09:32:59,0.13,1.3,1711,0.12,1.2,2212,0.12,1.2,60,0.125,1.25,328,0
SPY190830C296,2019-08-29,2019-08-29 09:32:59,0.13,1.3,444,0.12,1.2,2212,0.12,1.2,60,0.125,1.25,328,0
SPY190830C296,2019-08-29,2019-08-29 09:33:00,0.13,1.3,1645,0.12,1.2,2212,0.12,1.2,60,0.125,1.25,328,0
SPY190830C296,2019-08-29,2019-08-29 09:33:00,0.13,1.3,1027,0.12,1.2,2212,0.13,1.3,1,0.125,1.25,329,1
SPY190830C296,2019-08-29,2019-08-29 09:33:01,0.13,1.3,302,0.12,1.2,2171,0.13,1.3,1,0.125,1.25,329,0
SPY190830C296,2019-08-29,2019-08-29 09:33:01,0.13,1.3,184,0.12,1.2,2171,0.13,1.3,1,0.125,1.25,329,0
SPY190830C296,2019-08-29,2019-08-29 09:33:02,0.13,1.3,32,0.12,1.2,2050,0.13,1.3,1,0.125,1.25,329,0
SPY190830C296,2019-08-29,2019-08-29 09:33:02,0.13,1.3,86,0.12,1.2,1745,0.13,1.3,1,0.125,1.25,329,0
SPY190830C296,2019-08-29,2019-08-29 09:33:03,0.13,1.3,107,0.12,1.2,2190,0.13,1.3,1,0.125,1.25,329,0
SPY190830C296,2019-08-29,2019-08-29 09:33:03,0.14,1.4,4869,0.13,1.3,4,0.12,1.2,2,0.135,1.35,331,2
SPY190830C296,2019-08-29,2019-08-29 09:33:04,0.14,1.4,5346,0.13,1.3,4,0.12,1.2,2,0.135,1.35,331,0
SPY190830C296,2019-08-29,2019-08-29 09:33:04,0.14,1.4,5678,0.13,1.3,4,0.12,1.2,2,0.135,1.35,331,0
SPY190830C296,2019-08-29,2019-08-29 09:33:05,0.14,1.4,3753,0.13,1.3,4,0.12,1.2,2,0.135,1.35,331,0
SPY190830C296,2019-08-29,2019-08-29 09:33:05,0.14,1.4,5675,0.13,1.3,4,0.14,1.4,1,0.135,1.35,332,1
SPY190830C296,2019-08-29,2019-08-29 09:33:06,0.14,1.4,5675,0.13,1.3,14,0.14,1.4,1,0.135,1.35,332,0
SPY190830C296,2019-08-29,2019-08-29 09:33:06,0.14,1.4,5675,0.13,1.3,4,0.14,1.4,1,0.135,1.35,332,0
SPY190830C296,2019-08-29,2019-08-29 09:33:07,0.14,1.4,5675,0.13,1.3,14,0.14,1.4,1,0.135,1.35,332,0
SPY190830C296,2019-08-29,2019-08-29 09:33:08,0.14,1.4,4273,0.13,1.3,14,0.14,1.4,1,0.135,1.35,332,0
SPY190830C296,2019-08-29,2019-08-29 09:33:08,0.14,1.4,5675,0.13,1.3,14,0.14,1.4,1,0.135,1.35,332,0
SPY190830C296,2019-08-29,2019-08-29 09:33:09,0.14,1.4,6519,0.13,1.3,14,0.14,1.4,1,0.135,1.35,332,0
SPY190830C296,2019-08-29,2019-08-29 09:33:09,0.14,1.4,6539,0.13,1.3,10,0.14,1.4,1,0.135,1.35,332,0
SPY190830C296,2019-08-29,2019-08-29 09:33:10,0.14,1.4,6539,0.13,1.3,10,0.14,1.4,1,0.135,1.35,332,0
SPY190830C296,2019-08-29,2019-08-29 09:33:11,0.14,1.4,5699,0.13,1.3,7,0.13,1.3,1,0.135,1.35,336,3
SPY190830C296,2019-08-29,2019-08-29 09:33:11,0.14,1.4,5679,0.13,1.3,10,0.14,1.4,1,0.135,1.35,333,1
SPY190830C296,2019-08-29,2019-08-29 09:33:12,0.14,1.4,5153,0.13,1.3,3,0.12,1.2,2,0.135,1.35,368,0
SPY190830C296,2019-08-29,2019-08-29 09:33:12,0.14,1.4,5699,0.13,1.3,3,0.12,1.2,2,0.135,1.35,368,32
SPY190830C296,2019-08-29,2019-08-29 09:33:13,0.14,1.4,5653,0.13,1.3,3,0.12,1.2,2,0.135,1.35,368,0
SPY190830C296,2019-08-29,2019-08-29 09:33:13,0.14,1.4,5673,0.13,1.3,3,0.12,1.2,2,0.135,1.35,368,0
SPY190830C296,2019-08-29,2019-08-29 09:33:14,0.14,1.4,5673,0.13,1.3,3,0.12,1.2,2,0.135,1.35,368,0
SPY190830C296,2019-08-29,2019-08-29 09:33:15,0.14,1.4,4707,0.13,1.3,3,0.12,1.2,2,0.135,1.35,368,0
SPY190830C296,2019-08-29,2019-08-29 09:33:15,0.14,1.4,5673,0.13,1.3,3,0.12,1.2,2,0.135,1.35,368,0
SPY190830C296,2019-08-29,2019-08-29 09:33:16,0.14,1.4,4707,0.13,1.3,3,0.12,1.2,2,0.135,1.35,368,0
SPY190830C296,2019-08-29,2019-08-29 09:33:16,0.14,1.4,5207,0.13,1.3,3,0.12,1.2,2,0.135,1.35,368,0
SPY190830C296,2019-08-29,2019-08-29 09:33:17,0.14,1.4,5207,0.13,1.3,3,0.12,1.2,2,0.135,1.35,368,0
SPY190830C296,2019-08-29,2019-08-29 09:33:18,0.14,1.4,5207,0.13,1.3,3,0.12,1.2,2,0.135,1.35,368,0
SPY190830C296,2019-08-29,2019-08-29 09:33:19,0.14,1.4,5180,0.13,1.3,3,0.12,1.2,2,0.135,1.35,368,0
SPY190830C296,2019-08-29,2019-08-29 09:33:19,0.14,1.4,4660,0.13,1.3,3,0.12,1.2,2,0.135,1.35,368,0
SPY190830C296,2019-08-29,2019-08-29 09:33:20,0.14,1.4,5180,0.13,1.3,3,0.12,1.2,2,0.135,1.35,368,0
SPY190830C296,2019-08-29,2019-08-29 09:33:20,0.14,1.4,4285,0.13,1.3,21,0.12,1.2,2,0.135,1.35,368,0
SPY190830C296,2019-08-29,2019-08-29 09:33:21,0.14,1.4,4785,0.13,1.3,21,0.12,1.2,2,0.135,1.35,368,0
SPY190830C296,2019-08-29,2019-08-29 09:33:21,0.14,1.4,4265,0.13,1.3,21,0.12,1.2,2,0.135,1.35,368,0
SPY190830C296,2019-08-29,2019-08-29 09:33:22,0.14,1.4,4785,0.13,1.3,3,0.12,1.2,2,0.135,1.35,368,0
SPY190830C296,2019-08-29,2019-08-29 09:33:22,0.14,1.4,4785,0.13,1.3,65,0.12,1.2,2,0.135,1.35,368,0
SPY190830C296,2019-08-29,2019-08-29 09:33:23,0.14,1.4,4785,0.13,1.3,65,0.12,1.2,2,0.135,1.35,368,0
SPY190830C296,2019-08-29,2019-08-29 09:33:23,0.14,1.4,4785,0.13,1.3,86,0.12,1.2,2,0.135,1.35,368,0
SPY190830C296,2019-08-29,2019-08-29 09:33:24,0.14,1.4,4785,0.13,1.3,86,0.12,1.2,2,0.135,1.35,368,0
SPY190830C296,2019-08-29,2019-08-29 09:33:24,0.14,1.4,4785,0.13,1.3,758,0.12,1.2,2,0.135,1.35,368,0
SPY190830C296,2019-08-29,2019-08-29 09:33:25,0.14,1.4,4308,0.13,1.3,758,0.12,1.2,2,0.135,1.35,368,0
SPY190830C296,2019-08-29,2019-08-29 09:33:25,0.14,1.4,4308,0.13,1.3,3,0.12,1.2,2,0.135,1.35,368,0
SPY190830C296,2019-08-29,2019-08-29 09:33:26,0.14,1.4,4786,0.13,1.3,3,0.12,1.2,2,0.135,1.35,368,0
SPY190830C296,2019-08-29,2019-08-29 09:33:27,0.14,1.4,4766,0.13,1.3,31,0.12,1.2,2,0.135,1.35,368,0
SPY190830C296,2019-08-29,2019-08-29 09:33:27,0.14,1.4,4766,0.13,1.3,3,0.12,1.2,2,0.135,1.35,368,0
SPY190830C296,2019-08-29,2019-08-29 09:33:28,0.14,1.4,4766,0.13,1.3,3,0.12,1.2,2,0.135,1.35,368,0
SPY190830C296,2019-08-29,2019-08-29 09:33:28,0.14,1.4,4766,0.13,1.3,21,0.12,1.2,2,0.135,1.35,368,0
SPY190830C296,2019-08-29,2019-08-29 09:33:29,0.14,1.4,4766,0.13,1.3,3,0.12,1.2,2,0.135,1.35,368,0
SPY190830C296,2019-08-29,2019-08-29 09:33:29,0.14,1.4,4786,0.13,1.3,3,0.12,1.2,2,0.135,1.35,368,0
SPY190830C296,2019-08-29,2019-08-29 09:33:30,0.14,1.4,4619,0.13,1.3,8,0.12,1.2,2,0.135,1.35,368,0
SPY190830C296,2019-08-29,2019-08-29 09:33:31,0.14,1.4,4639,0.13,1.3,1186,0.12,1.2,2,0.135,1.35,368,0
SPY190830C296,2019-08-29,2019-08-29 09:33:31,0.14,1.4,4639,0.13,1.3,1140,0.12,1.2,2,0.135,1.35,368,0
SPY190830C296,2019-08-29,2019-08-29 09:33:32,0.14,1.4,4619,0.13,1.3,1176,0.13,1.3,1,0.135,1.35,378,0
SPY190830C296,2019-08-29,2019-08-29 09:33:32,0.14,1.4,4639,0.13,1.3,1582,0.13,1.3,1,0.135,1.35,378,10
SPY190830C296,2019-08-29,2019-08-29 09:33:33,0.14,1.4,4639,0.13,1.3,100,0.13,1.3,1,0.135,1.35,378,0
SPY190830C296,2019-08-29,2019-08-29 09:33:33,0.14,1.4,2886,0.13,1.3,3,0.13,1.3,1,0.135,1.35,378,0
SPY190830C296,2019-08-29,2019-08-29 09:33:34,0.14,1.4,4744,0.13,1.3,8,0.13,1.3,1,0.135,1.35,378,0
SPY190830C296,2019-08-29,2019-08-29 09:33:35,0.14,1.4,4744,0.13,1.3,86,0.13,1.3,1,0.135,1.35,378,0
SPY190830C296,2019-08-29,2019-08-29 09:33:35,0.14,1.4,4592,0.13,1.3,86,0.13,1.3,1,0.135,1.35,378,0
SPY190830C296,2019-08-29,2019-08-29 09:33:36,0.14,1.4,4592,0.13,1.3,86,0.14,1.4,4,0.135,1.35,382,0
SPY190830C296,2019-08-29,2019-08-29 09:33:36,0.14,1.4,4592,0.13,1.3,86,0.14,1.4,4,0.135,1.35,382,4
SPY190830C296,2019-08-29,2019-08-29 09:33:37,0.14,1.4,4092,0.13,1.3,86,0.14,1.4,4,0.135,1.35,382,0
SPY190830C296,2019-08-29,2019-08-29 09:33:37,0.14,1.4,4592,0.13,1.3,86,0.14,1.4,4,0.135,1.35,382,0
SPY190830C296,2019-08-29,2019-08-29 09:33:38,0.14,1.4,4092,0.13,1.3,65,0.14,1.4,4,0.135,1.35,382,0
SPY190830C296,2019-08-29,2019-08-29 09:33:38,0.14,1.4,4581,0.13,1.3,3,0.14,1.4,4,0.135,1.35,382,0
SPY190830C296,2019-08-29,2019-08-29 09:33:39,0.14,1.4,5081,0.13,1.3,3,0.14,1.4,4,0.135,1.35,382,0
SPY190830C296,2019-08-29,2019-08-29 09:33:40,0.14,1.4,5081,0.13,1.3,21,0.14,1.4,4,0.135,1.35,382,0
SPY190830C296,2019-08-29,2019-08-29 09:33:40,0.14,1.4,5087,0.13,1.3,21,0.13,1.3,1,0.135,1.35,383,1
SPY190830C296,2019-08-29,2019-08-29 09:33:41,0.14,1.4,5087,0.13,1.3,3,0.13,1.3,1,0.135,1.35,383,0
SPY190830C296,2019-08-29,2019-08-29 09:33:41,0.14,1.4,5087,0.13,1.3,21,0.13,1.3,1,0.135,1.35,383,0
SPY190830C296,2019-08-29,2019-08-29 09:33:42,0.14,1.4,5087,0.13,1.3,3,0.14,1.4,14,0.135,1.35,397,14
SPY190830C296,2019-08-29,2019-08-29 09:33:42,0.14,1.4,5087,0.13,1.3,3,0.14,1.4,14,0.135,1.35,397,0
SPY190830C296,2019-08-29,2019-08-29 09:33:43,0.14,1.4,5050,0.13,1.3,43,0.14,1.4,14,0.135,1.35,397,0
SPY190830C296,2019-08-29,2019-08-29 09:33:43,0.14,1.4,3203,0.13,1.3,21,0.14,1.4,14,0.135,1.35,397,0
SPY190830C296,2019-08-29,2019-08-29 09:33:44,0.14,1.4,5051,0.13,1.3,3,0.14,1.4,14,0.135,1.35,397,0
SPY190830C296,2019-08-29,2019-08-29 09:33:44,0.14,1.4,4588,0.13,1.3,21,0.14,1.4,14,0.135,1.35,397,0
SPY190830C296,2019-08-29,2019-08-29 09:33:45,0.14,1.4,5051,0.13,1.3,3,0.14,1.4,14,0.135,1.35,397,0
SPY190830C296,2019-08-29,2019-08-29 09:33:45,0.14,1.4,5088,0.13,1.3,3,0.14,1.4,14,0.135,1.35,397,0
SPY190830C296,2019-08-29,2019-08-29 09:33:46,0.14,1.4,5088,0.13,1.3,3,0.14,1.4,14,0.135,1.35,397,0
SPY190830C296,2019-08-29,2019-08-29 09:33:46,0.14,1.4,3805,0.13,1.3,3,0.14,1.4,14,0.135,1.35,397,0
SPY190830C296,2019-08-29,2019-08-29 09:33:47,0.14,1.4,3805,0.13,1.3,3,0.14,1.4,14,0.135,1.35,397,0
SPY190830C296,2019-08-29,2019-08-29 09:33:48,0.14,1.4,3805,0.13,1.3,3,0.14,1.4,14,0.135,1.35,397,0
SPY190830C296,2019-08-29,2019-08-29 09:33:48,0.14,1.4,5203,0.13,1.3,3,0.14,1.4,14,0.135,1.35,397,0
SPY190830C296,2019-08-29,2019-08-29 09:33:49,0.14,1.4,5203,0.13,1.3,3,0.14,1.4,14,0.135,1.35,397,0
SPY190830C296,2019-08-29,2019-08-29 09:33:50,0.14,1.4,4854,0.13,1.3,3,0.14,1.4,14,0.135,1.35,397,0
SPY190830C296,2019-08-29,2019-08-29 09:33:51,0.14,1.4,1678,0.13,1.3,1935,0.14,1.4,14,0.135,1.35,397,0
SPY190830C296,2019-08-29,2019-08-29 09:33:51,0.14,1.4,1658,0.13,1.3,1131,0.14,1.4,14,0.135,1.35,397,0
SPY190830C296,2019-08-29,2019-08-29 09:33:52,0.14,1.4,2275,0.13,1.3,1935,0.14,1.4,14,0.135,1.35,397,0
SPY190830C296,2019-08-29,2019-08-29 09:33:52,0.14,1.4,2928,0.13,1.3,1935,0.14,1.4,14,0.135,1.35,397,0
SPY190830C296,2019-08-29,2019-08-29 09:33:53,0.14,1.4,2928,0.13,1.3,1766,0.14,1.4,14,0.135,1.35,397,0
SPY190830C296,2019-08-29,2019-08-29 09:33:53,0.14,1.4,3315,0.13,1.3,912,0.14,1.4,14,0.135,1.35,397,0
SPY190830C296,2019-08-29,2019-08-29 09:33:54,0.14,1.4,2928,0.13,1.3,1016,0.14,1.4,14,0.135,1.35,397,0
SPY190830C296,2019-08-29,2019-08-29 09:33:55,0.14,1.4,3326,0.13,1.3,1154,0.14,1.4,14,0.135,1.35,397,0
SPY190830C296,2019-08-29,2019-08-29 09:33:56,0.14,1.4,3326,0.13,1.3,1154,0.14,1.4,14,0.135,1.35,397,0
SPY190830C296,2019-08-29,2019-08-29 09:33:57,0.14,1.4,4684,0.13,1.3,2198,0.14,1.4,14,0.135,1.35,397,0
SPY190830C296,2019-08-29,2019-08-29 09:33:57,0.14,1.4,4684,0.13,1.3,2050,0.14,1.4,14,0.135,1.35,397,0
SPY190830C296,2019-08-29,2019-08-29 09:33:58,0.14,1.4,4826,0.13,1.3,216,0.14,1.4,14,0.135,1.35,397,0
SPY190830C296,2019-08-29,2019-08-29 09:33:58,0.14,1.4,4846,0.13,1.3,3,0.14,1.4,14,0.135,1.35,397,0
SPY190830C296,2019-08-29,2019-08-29 09:33:59,0.14,1.4,4846,0.13,1.3,3,0.14,1.4,14,0.135,1.35,397,0
SPY190830C296,2019-08-29,2019-08-29 09:33:59,0.14,1.4,5444,0.13,1.3,86,0.14,1.4,14,0.135,1.35,397,0
SPY190830C296,2019-08-29,2019-08-29 09:34:00,0.14,1.4,3330,0.13,1.3,157,0.14,1.4,14,0.135,1.35,397,0
SPY190830C296,2019-08-29,2019-08-29 09:34:00,0.14,1.4,2948,0.13,1.3,439,0.14,1.4,14,0.135,1.35,397,0
SPY190830C296,2019-08-29,2019-08-29 09:34:01,0.14,1.4,2962,0.13,1.3,157,0.14,1.4,14,0.135,1.35,397,0
SPY190830C296,2019-08-29,2019-08-29 09:34:01,0.14,1.4,3482,0.13,1.3,157,0.14,1.4,14,0.135,1.35,397,0
SPY190830C296,2019-08-29,2019-08-29 09:34:02,0.14,1.4,3482,0.13,1.3,157,0.14,1.4,14,0.135,1.35,397,0
SPY190830C296,2019-08-29,2019-08-29 09:34:02,0.14,1.4,2732,0.13,1.3,1159,0.14,1.4,14,0.135,1.35,397,0
SPY190830C296,2019-08-29,2019-08-29 09:34:03,0.14,1.4,2732,0.13,1.3,1257,0.14,1.4,14,0.135,1.35,397,0
SPY190830C296,2019-08-29,2019-08-29 09:34:04,0.14,1.4,3955,0.13,1.3,1257,0.14,1.4,14,0.135,1.35,397,0
SPY190830C296,2019-08-29,2019-08-29 09:34:04,0.14,1.4,2732,0.13,1.3,1257,0.14,1.4,14,0.135,1.35,397,0
SPY190830C296,2019-08-29,2019-08-29 09:34:05,0.14,1.4,3603,0.13,1.3,1000,0.14,1.4,14,0.135,1.35,397,0
SPY190830C296,2019-08-29,2019-08-29 09:34:05,0.14,1.4,4045,0.13,1.3,1248,0.14,1.4,14,0.135,1.35,397,0
SPY190830C296,2019-08-29,2019-08-29 09:34:06,0.14,1.4,4045,0.13,1.3,1248,0.14,1.4,14,0.135,1.35,397,0
SPY190830C296,2019-08-29,2019-08-29 09:34:07,0.14,1.4,4045,0.13,1.3,1248,0.14,1.4,14,0.135,1.35,397,0
SPY190830C296,2019-08-29,2019-08-29 09:34:08,0.14,1.4,4045,0.13,1.3,1248,0.14,1.4,14,0.135,1.35,397,0
SPY190830C296,2019-08-29,2019-08-29 09:34:09,0.14,1.4,3882,0.13,1.3,1672,0.14,1.4,14,0.135,1.35,397,0
SPY190830C296,2019-08-29,2019-08-29 09:34:09,0.14,1.4,4045,0.13,1.3,1414,0.14,1.4,14,0.135,1.35,397,0
SPY190830C296,2019-08-29,2019-08-29 09:34:10,0.14,1.4,3996,0.13,1.3,1414,0.14,1.4,14,0.135,1.35,397,0
SPY190830C296,2019-08-29,2019-08-29 09:34:10,0.14,1.4,2319,0.13,1.3,1414,0.14,1.4,14,0.135,1.35,397,0
SPY190830C296,2019-08-29,2019-08-29 09:34:11,0.14,1.4,3885,0.13,1.3,1669,0.14,1.4,14,0.135,1.35,397,0
SPY190830C296,2019-08-29,2019-08-29 09:34:11,0.14,1.4,3885,0.13,1.3,1414,0.14,1.4,14,0.135,1.35,397,0
SPY190830C296,2019-08-29,2019-08-29 09:34:12,0.14,1.4,3885,0.13,1.3,1681,0.14,1.4,14,0.135,1.35,397,0
SPY190830C296,2019-08-29,2019-08-29 09:34:12,0.14,1.4,3885,0.13,1.3,1798,0.14,1.4,14,0.135,1.35,397,0
SPY190830C296,2019-08-29,2019-08-29 09:34:13,0.14,1.4,4368,0.13,1.3,1414,0.14,1.4,14,0.135,1.35,397,0
SPY190830C296,2019-08-29,2019-08-29 09:34:13,0.14,1.4,3193,0.13,1.3,1414,0.14,1.4,14,0.135,1.35,397,0
SPY190830C296,2019-08-29,2019-08-29 09:34:14,0.14,1.4,4368,0.13,1.3,1414,0.14,1.4,14,0.135,1.35,397,0
SPY190830C296,2019-08-29,2019-08-29 09:34:14,0.14,1.4,4368,0.13,1.3,1000,0.14,1.4,14,0.135,1.35,397,0
SPY190830C296,2019-08-29,2019-08-29 09:34:15,0.14,1.4,4368,0.13,1.3,1250,0.14,1.4,14,0.135,1.35,397,0
SPY190830C296,2019-08-29,2019-08-29 09:34:16,0.14,1.4,4348,0.13,1.3,1250,0.14,1.4,14,0.135,1.35,397,0
SPY190830C296,2019-08-29,2019-08-29 09:34:16,0.14,1.4,4368,0.13,1.3,1250,0.13,1.3,1,0.135,1.35,398,1
SPY190830C296,2019-08-29,2019-08-29 09:34:17,0.14,1.4,5118,0.13,1.3,1250,0.13,1.3,1,0.135,1.35,398,0
SPY190830C296,2019-08-29,2019-08-29 09:34:17,0.14,1.4,4368,0.13,1.3,1250,0.13,1.3,1,0.135,1.35,398,0
SPY190830C296,2019-08-29,2019-08-29 09:34:18,0.14,1.4,5340,0.13,1.3,104,0.13,1.3,1,0.135,1.35,398,0
SPY190830C296,2019-08-29,2019-08-29 09:34:18,0.14,1.4,4926,0.13,1.3,104,0.13,1.3,1,0.135,1.35,398,0
SPY190830C296,2019-08-29,2019-08-29 09:34:19,0.14,1.4,5340,0.13,1.3,104,0.13,1.3,1,0.135,1.35,398,0
SPY190830C296,2019-08-29,2019-08-29 09:34:19,0.14,1.4,5550,0.13,1.3,104,0.13,1.3,1,0.135,1.35,398,0
SPY190830C296,2019-08-29,2019-08-29 09:34:20,0.14,1.4,5928,0.13,1.3,104,0.13,1.3,1,0.135,1.35,398,0
SPY190830C296,2019-08-29,2019-08-29 09:34:21,0.14,1.4,5258,0.13,1.3,104,0.13,1.3,1,0.135,1.35,398,0
SPY190830C296,2019-08-29,2019-08-29 09:34:21,0.14,1.4,3818,0.13,1.3,104,0.13,1.3,1,0.135,1.35,398,0
SPY190830C296,2019-08-29,2019-08-29 09:34:22,0.13,1.3,42,0.12,1.2,3141,0.13,1.3,3,0.125,1.25,401,0
SPY190830C296,2019-08-29,2019-08-29 09:34:22,0.13,1.3,11,0.12,1.2,3141,0.13,1.3,3,0.125,1.25,401,3
SPY190830C296,2019-08-29,2019-08-29 09:34:23,0.13,1.3,24,0.12,1.2,3786,0.13,1.3,3,0.125,1.25,401,0
SPY190830C296,2019-08-29,2019-08-29 09:34:23,0.13,1.3,42,0.12,1.2,3523,0.13,1.3,3,0.125,1.25,401,0
SPY190830C296,2019-08-29,2019-08-29 09:34:24,0.13,1.3,604,0.12,1.2,2747,0.13,1.3,3,0.125,1.25,401,0
SPY190830C296,2019-08-29,2019-08-29 09:34:24,0.13,1.3,14,0.12,1.2,3786,0.13,1.3,3,0.125,1.25,401,0
SPY190830C296,2019-08-29,2019-08-29 09:34:25,0.13,1.3,1740,0.12,1.2,2747,0.13,1.3,3,0.125,1.25,401,0
SPY190830C296,2019-08-29,2019-08-29 09:34:26,0.13,1.3,2174,0.12,1.2,2747,0.13,1.3,3,0.125,1.25,401,0
SPY190830C296,2019-08-29,2019-08-29 09:34:26,0.13,1.3,2154,0.12,1.2,2747,0.13,1.3,3,0.125,1.25,401,0
SPY190830C296,2019-08-29,2019-08-29 09:34:27,0.13,1.3,3230,0.12,1.2,2747,0.13,1.3,3,0.125,1.25,401,0
SPY190830C296,2019-08-29,2019-08-29 09:34:28,0.13,1.3,2550,0.12,1.2,1759,0.13,1.3,3,0.125,1.25,401,0
SPY190830C296,2019-08-29,2019-08-29 09:34:28,0.13,1.3,4291,0.12,1.2,1759,0.13,1.3,3,0.125,1.25,401,0
SPY190830C296,2019-08-29,2019-08-29 09:34:29,0.13,1.3,4291,0.12,1.2,1759,0.13,1.3,3,0.125,1.25,401,0
SPY190830C296,2019-08-29,2019-08-29 09:34:29,0.13,1.3,4291,0.12,1.2,2016,0.13,1.3,3,0.125,1.25,401,0
SPY190830C296,2019-08-29,2019-08-29 09:34:30,0.13,1.3,4291,0.12,1.2,2016,0.13,1.3,3,0.125,1.25,401,0
SPY190830C296,2019-08-29,2019-08-29 09:34:30,0.13,1.3,4138,0.12,1.2,2807,0.13,1.3,3,0.125,1.25,401,0
SPY190830C296,2019-08-29,2019-08-29 09:34:31,0.13,1.3,4138,0.12,1.2,2807,0.13,1.3,3,0.125,1.25,401,0
SPY190830C296,2019-08-29,2019-08-29 09:34:31,0.13,1.3,1324,0.12,1.2,2550,0.13,1.3,3,0.125,1.25,401,0
SPY190830C296,2019-08-29,2019-08-29 09:34:32,0.13,1.3,14,0.12,1.2,2699,0.13,1.3,3,0.125,1.25,401,0
SPY190830C296,2019-08-29,2019-08-29 09:34:32,0.13,1.3,13,0.12,1.2,2699,0.13,1.3,3,0.125,1.25,401,0
SPY190830C296,2019-08-29,2019-08-29 09:34:33,0.13,1.3,15,0.12,1.2,3958,0.13,1.3,3,0.125,1.25,401,0
SPY190830C296,2019-08-29,2019-08-29 09:34:34,0.13,1.3,20,0.12,1.2,4139,0.13,1.3,3,0.125,1.25,401,0
SPY190830C296,2019-08-29,2019-08-29 09:34:34,0.13,1.3,20,0.12,1.2,3958,0.13,1.3,3,0.125,1.25,401,0
SPY190830C296,2019-08-29,2019-08-29 09:34:35,0.13,1.3,12,0.12,1.2,3518,0.13,1.3,3,0.125,1.25,401,0
SPY190830C296,2019-08-29,2019-08-29 09:34:35,0.13,1.3,26,0.12,1.2,4139,0.13,1.3,3,0.125,1.25,401,0
SPY190830C296,2019-08-29,2019-08-29 09:34:36,0.13,1.3,12,0.12,1.2,3518,0.13,1.3,3,0.125,1.25,401,0
SPY190830C296,2019-08-29,2019-08-29 09:34:37,0.13,1.3,12,0.12,1.2,3518,0.13,1.3,3,0.125,1.25,401,0
SPY190830C296,2019-08-29,2019-08-29 09:34:37,0.13,1.3,12,0.12,1.2,3731,0.13,1.3,3,0.125,1.25,401,0
SPY190830C296,2019-08-29,2019-08-29 09:34:38,0.13,1.3,12,0.12,1.2,4288,0.13,1.3,3,0.125,1.25,401,0
SPY190830C296,2019-08-29,2019-08-29 09:34:39,0.13,1.3,12,0.12,1.2,4288,0.13,1.3,3,0.125,1.25,401,0
SPY190830C296,2019-08-29,2019-08-29 09:34:39,0.13,1.3,7,0.12,1.2,4288,0.13,1.3,3,0.125,1.25,401,0
SPY190830C296,2019-08-29,2019-08-29 09:34:40,0.13,1.3,20,0.12,1.2,3788,0.13,1.3,3,0.125,1.25,401,0
SPY190830C296,2019-08-29,2019-08-29 09:34:40,0.13,1.3,152,0.12,1.2,4288,0.13,1.3,25,0.125,1.25,426,25
SPY190830C296,2019-08-29,2019-08-29 09:34:41,0.13,1.3,159,0.12,1.2,3606,0.13,1.3,1,0.125,1.25,427,1
SPY190830C296,2019-08-29,2019-08-29 09:34:41,0.13,1.3,160,0.12,1.2,4223,0.13,1.3,25,0.125,1.25,426,0
SPY190830C296,2019-08-29,2019-08-29 09:34:42,0.13,1.3,46,0.12,1.2,3093,0.13,1.3,1,0.125,1.25,427,0
SPY190830C296,2019-08-29,2019-08-29 09:34:42,0.13,1.3,56,0.12,1.2,3606,0.13,1.3,1,0.125,1.25,427,0
SPY190830C296,2019-08-29,2019-08-29 09:34:43,0.13,1.3,180,0.12,1.2,3527,0.13,1.3,1,0.125,1.25,427,0
SPY190830C296,2019-08-29,2019-08-29 09:34:44,0.13,1.3,8,0.12,1.2,4027,0.13,1.3,1,0.125,1.25,427,0
SPY190830C296,2019-08-29,2019-08-29 09:34:45,0.13,1.3,180,0.12,1.2,4027,0.13,1.3,1,0.125,1.25,427,0
SPY190830C296,2019-08-29,2019-08-29 09:34:46,0.13,1.3,180,0.12,1.2,3304,0.13,1.3,1,0.125,1.25,427,0
SPY190830C296,2019-08-29,2019-08-29 09:34:46,0.13,1.3,180,0.12,1.2,4027,0.13,1.3,1,0.125,1.25,427,0
SPY190830C296,2019-08-29,2019-08-29 09:34:47,0.13,1.3,29,0.12,1.2,2941,0.13,1.3,1,0.125,1.25,427,0
SPY190830C296,2019-08-29,2019-08-29 09:34:47,0.13,1.3,180,0.12,1.2,3304,0.13,1.3,1,0.125,1.25,427,0
SPY190830C296,2019-08-29,2019-08-29 09:34:48,0.13,1.3,8,0.12,1.2,3441,0.13,1.3,1,0.125,1.25,427,0
SPY190830C296,2019-08-29,2019-08-29 09:34:48,0.13,1.3,29,0.12,1.2,2941,0.13,1.3,1,0.125,1.25,427,0
SPY190830C296,2019-08-29,2019-08-29 09:34:49,0.13,1.3,8,0.12,1.2,3441,0.13,1.3,1,0.125,1.25,427,0
SPY190830C296,2019-08-29,2019-08-29 09:34:50,0.13,1.3,25,0.12,1.2,4072,0.13,1.3,4,0.125,1.25,431,4
SPY190830C296,2019-08-29,2019-08-29 09:34:50,0.13,1.3,25,0.12,1.2,4072,0.13,1.3,4,0.125,1.25,431,0
SPY190830C296,2019-08-29,2019-08-29 09:34:51,0.13,1.3,90,0.12,1.2,4426,0.13,1.3,4,0.125,1.25,431,0
SPY190830C296,2019-08-29,2019-08-29 09:34:51,0.13,1.3,102,0.12,1.2,6355,0.13,1.3,4,0.125,1.25,431,0
SPY190830C296,2019-08-29,2019-08-29 09:34:52,0.13,1.3,240,0.12,1.2,6355,0.13,1.3,4,0.125,1.25,431,0
SPY190830C296,2019-08-29,2019-08-29 09:34:52,0.13,1.3,270,0.12,1.2,4772,0.13,1.3,4,0.125,1.25,431,0
SPY190830C296,2019-08-29,2019-08-29 09:34:53,0.13,1.3,276,0.12,1.2,4772,0.13,1.3,4,0.125,1.25,431,0
SPY190830C296,2019-08-29,2019-08-29 09:34:53,0.13,1.3,154,0.12,1.2,6178,0.13,1.3,4,0.125,1.25,431,0
SPY190830C296,2019-08-29,2019-08-29 09:34:54,0.13,1.3,154,0.12,1.2,6178,0.13,1.3,4,0.125,1.25,431,0
SPY190830C296,2019-08-29,2019-08-29 09:34:55,0.13,1.3,154,0.12,1.2,6178,0.13,1.3,4,0.125,1.25,431,0
SPY190830C296,2019-08-29,2019-08-29 09:34:56,0.13,1.3,265,0.12,1.2,4693,0.13,1.3,4,0.125,1.25,431,0
SPY190830C296,2019-08-29,2019-08-29 09:34:56,0.13,1.3,190,0.12,1.2,5281,0.13,1.3,4,0.125,1.25,431,0
SPY190830C296,2019-08-29,2019-08-29 09:34:57,0.13,1.3,154,0.12,1.2,5516,0.13,1.3,4,0.125,1.25,431,0
SPY190830C296,2019-08-29,2019-08-29 09:34:57,0.13,1.3,190,0.12,1.2,4237,0.13,1.3,4,0.125,1.25,431,0
SPY190830C296,2019-08-29,2019-08-29 09:34:58,0.13,1.3,153,0.12,1.2,5934,0.13,1.3,1,0.125,1.25,432,1
SPY190830C296,2019-08-29,2019-08-29 09:34:58,0.13,1.3,154,0.12,1.2,5937,0.13,1.3,4,0.125,1.25,431,0
SPY190830C296,2019-08-29,2019-08-29 09:34:59,0.13,1.3,153,0.12,1.2,4110,0.13,1.3,1,0.125,1.25,432,0
SPY190830C296,2019-08-29,2019-08-29 09:35:00,0.14,1.4,2608,0.13,1.3,65,0.13,1.3,1,0.135,1.35,439,7
SPY190830C296,2019-08-29,2019-08-29 09:35:00,0.13,1.3,4,0.12,1.2,4528,0.13,1.3,1,0.125,1.25,432,0
SPY190830C296,2019-08-29,2019-08-29 09:35:01,0.14,1.4,3499,0.13,1.3,134,0.13,1.3,1,0.135,1.35,439,0
SPY190830C296,2019-08-29,2019-08-29 09:35:01,0.14,1.4,2182,0.13,1.3,3664,0.13,1.3,1,0.135,1.35,439,0
SPY190830C296,2019-08-29,2019-08-29 09:35:02,0.14,1.4,2579,0.13,1.3,3498,0.14,1.4,4,0.135,1.35,443,4
SPY190830C296,2019-08-29,2019-08-29 09:35:02,0.14,1.4,2579,0.13,1.3,2887,0.14,1.4,4,0.135,1.35,443,0
SPY190830C296,2019-08-29,2019-08-29 09:35:03,0.14,1.4,866,0.13,1.3,1523,0.14,1.4,4,0.135,1.35,443,0
SPY190830C296,2019-08-29,2019-08-29 09:35:03,0.14,1.4,1542,0.13,1.3,2903,0.14,1.4,4,0.135,1.35,443,0
SPY190830C296,2019-08-29,2019-08-29 09:35:04,0.14,1.4,2104,0.13,1.3,2064,0.14,1.4,4,0.135,1.35,443,0
SPY190830C296,2019-08-29,2019-08-29 09:35:04,0.14,1.4,1453,0.13,1.3,2064,0.14,1.4,4,0.135,1.35,443,0
SPY190830C296,2019-08-29,2019-08-29 09:35:05,0.14,1.4,3342,0.13,1.3,2303,0.14,1.4,4,0.135,1.35,443,0
SPY190830C296,2019-08-29,2019-08-29 09:35:05,0.14,1.4,2496,0.13,1.3,2303,0.14,1.4,4,0.135,1.35,443,0
SPY190830C296,2019-08-29,2019-08-29 09:35:06,0.14,1.4,1980,0.13,1.3,300,0.14,1.4,4,0.135,1.35,443,0
SPY190830C296,2019-08-29,2019-08-29 09:35:06,0.14,1.4,2462,0.13,1.3,989,0.14,1.4,4,0.135,1.35,443,0
SPY190830C296,2019-08-29,2019-08-29 09:35:07,0.14,1.4,2969,0.13,1.3,535,0.14,1.4,4,0.135,1.35,443,0
SPY190830C296,2019-08-29,2019-08-29 09:35:07,0.14,1.4,2929,0.13,1.3,535,0.14,1.4,4,0.135,1.35,443,0
SPY190830C296,2019-08-29,2019-08-29 09:35:08,0.14,1.4,2969,0.13,1.3,529,0.14,1.4,4,0.135,1.35,443,0
SPY190830C296,2019-08-29,2019-08-29 09:35:08,0.14,1.4,3482,0.13,1.3,529,0.14,1.4,4,0.135,1.35,443,0
SPY190830C296,2019-08-29,2019-08-29 09:35:09,0.14,1.4,3404,0.13,1.3,299,0.14,1.4,4,0.135,1.35,443,0
SPY190830C296,2019-08-29,2019-08-29 09:35:10,0.14,1.4,3904,0.13,1.3,539,0.14,1.4,4,0.135,1.35,443,0
SPY190830C296,2019-08-29,2019-08-29 09:35:10,0.14,1.4,3904,0.13,1.3,242,0.14,1.4,4,0.135,1.35,443,0
SPY190830C296,2019-08-29,2019-08-29 09:35:11,0.14,1.4,3904,0.13,1.3,86,0.13,1.3,5,0.135,1.35,448,5
SPY190830C296,2019-08-29,2019-08-29 09:35:11,0.14,1.4,3904,0.13,1.3,86,0.13,1.3,5,0.135,1.35,448,0
SPY190830C296,2019-08-29,2019-08-29 09:35:12,0.14,1.4,3904,0.13,1.3,83,0.13,1.3,5,0.135,1.35,448,0
SPY190830C296,2019-08-29,2019-08-29 09:35:13,0.14,1.4,3270,0.13,1.3,23,0.14,1.4,100,0.135,1.35,548,100
SPY190830C296,2019-08-29,2019-08-29 09:35:13,0.14,1.4,3310,0.13,1.3,23,0.14,1.4,100,0.135,1.35,548,0
SPY190830C296,2019-08-29,2019-08-29 09:35:14,0.14,1.4,3310,0.13,1.3,104,0.14,1.4,100,0.135,1.35,548,0
SPY190830C296,2019-08-29,2019-08-29 09:35:14,0.14,1.4,4108,0.13,1.3,104,0.14,1.4,100,0.135,1.35,548,0
SPY190830C296,2019-08-29,2019-08-29 09:35:15,0.14,1.4,4108,0.13,1.3,23,0.14,1.4,100,0.135,1.35,548,0
SPY190830C296,2019-08-29,2019-08-29 09:35:16,0.14,1.4,4625,0.13,1.3,23,0.14,1.4,100,0.135,1.35,548,0
SPY190830C296,2019-08-29,2019-08-29 09:35:16,0.14,1.4,4251,0.13,1.3,23,0.14,1.4,100,0.135,1.35,548,0
SPY190830C296,2019-08-29,2019-08-29 09:35:17,0.14,1.4,4251,0.13,1.3,23,0.14,1.4,19,0.135,1.35,603,0
SPY190830C296,2019-08-29,2019-08-29 09:35:17,0.14,1.4,4625,0.13,1.3,23,0.14,1.4,19,0.135,1.35,603,55
SPY190830C296,2019-08-29,2019-08-29 09:35:18,0.14,1.4,4251,0.13,1.3,23,0.14,1.4,19,0.135,1.35,603,0
SPY190830C296,2019-08-29,2019-08-29 09:35:19,0.14,1.4,4251,0.13,1.3,23,0.14,1.4,19,0.135,1.35,603,0
SPY190830C296,2019-08-29,2019-08-29 09:35:20,0.14,1.4,4251,0.13,1.3,23,0.14,1.4,19,0.135,1.35,603,0
SPY190830C296,2019-08-29,2019-08-29 09:35:21,0.14,1.4,4321,0.13,1.3,23,0.14,1.4,19,0.135,1.35,603,0
SPY190830C296,2019-08-29,2019-08-29 09:35:22,0.14,1.4,4321,0.13,1.3,23,0.14,1.4,19,0.135,1.35,603,0
SPY190830C296,2019-08-29,2019-08-29 09:35:23,0.14,1.4,4321,0.13,1.3,23,0.14,1.4,19,0.135,1.35,603,0
SPY190830C296,2019-08-29,2019-08-29 09:35:23,0.14,1.4,2227,0.13,1.3,23,0.14,1.4,19,0.135,1.35,603,0
SPY190830C296,2019-08-29,2019-08-29 09:35:24,0.14,1.4,2844,0.13,1.3,23,0.14,1.4,19,0.135,1.35,603,0
SPY190830C296,2019-08-29,2019-08-29 09:35:24,0.14,1.4,4004,0.13,1.3,23,0.13,1.3,1,0.135,1.35,605,2
SPY190830C296,2019-08-29,2019-08-29 09:35:25,0.14,1.4,4438,0.13,1.3,22,0.13,1.3,1,0.135,1.35,605,0
SPY190830C296,2019-08-29,2019-08-29 09:35:25,0.13,1.3,1170,0.12,1.2,750,0.09,0.9,2,0.125,1.25,630,25
SPY190830C296,2019-08-29,2019-08-29 09:35:26,0.13,1.3,1452,0.12,1.2,815,0.09,0.9,2,0.125,1.25,630,0
SPY190830C296,2019-08-29,2019-08-29 09:35:26,0.13,1.3,1452,0.12,1.2,123,0.09,0.9,2,0.125,1.25,630,0
SPY190830C296,2019-08-29,2019-08-29 09:35:27,0.13,1.3,3278,0.12,1.2,117,0.09,0.9,2,0.125,1.25,630,0
SPY190830C296,2019-08-29,2019-08-29 09:35:27,0.13,1.3,2844,0.12,1.2,232,0.09,0.9,2,0.125,1.25,630,0
SPY190830C296,2019-08-29,2019-08-29 09:35:28,0.13,1.3,3278,0.11,1.1,2213,0.12,1.2,8,0.12,1.2,644,14
SPY190830C296,2019-08-29,2019-08-29 09:35:28,0.13,1.3,3278,0.12,1.2,100,0.09,0.9,2,0.125,1.25,630,0
SPY190830C296,2019-08-29,2019-08-29 09:35:29,0.12,1.2,476,0.11,1.1,2040,0.14,1.4,10,0.115,1.15,658,14
SPY190830C296,2019-08-29,2019-08-29 09:35:29,0.12,1.2,180,0.11,1.1,3023,0.14,1.4,10,0.115,1.15,658,0
SPY190830C296,2019-08-29,2019-08-29 09:35:30,0.12,1.2,180,0.11,1.1,3023,0.14,1.4,10,0.115,1.15,658,0
SPY190830C296,2019-08-29,2019-08-29 09:35:31,0.13,1.3,3832,0.11,1.1,3457,0.14,1.4,10,0.12,1.2,658,0
SPY190830C296,2019-08-29,2019-08-29 09:35:32,0.13,1.3,3832,0.12,1.2,21,0.14,1.4,10,0.125,1.25,658,0
SPY190830C296,2019-08-29,2019-08-29 09:35:33,0.13,1.3,3500,0.12,1.2,21,0.14,1.4,10,0.125,1.25,658,0
SPY190830C296,2019-08-29,2019-08-29 09:35:33,0.13,1.3,3661,0.12,1.2,4,0.14,1.4,10,0.125,1.25,658,0
SPY190830C296,2019-08-29,2019-08-29 09:35:34,0.12,1.2,515,0.11,1.1,2850,0.14,1.4,10,0.115,1.15,658,0
SPY190830C296,2019-08-29,2019-08-29 09:35:34,0.12,1.2,571,0.11,1.1,2809,0.14,1.4,10,0.115,1.15,658,0
SPY190830C296,2019-08-29,2019-08-29 09:35:35,0.12,1.2,180,0.11,1.1,2309,0.14,1.4,10,0.115,1.15,658,0
SPY190830C296,2019-08-29,2019-08-29 09:35:35,0.12,1.2,259,0.11,1.1,2309,0.14,1.4,10,0.115,1.15,658,0
SPY190830C296,2019-08-29,2019-08-29 09:35:36,0.13,1.3,3916,0.12,1.2,65,0.14,1.4,10,0.125,1.25,658,0
SPY190830C296,2019-08-29,2019-08-29 09:35:36,0.13,1.3,3278,0.12,1.2,83,0.14,1.4,10,0.125,1.25,658,0
SPY190830C296,2019-08-29,2019-08-29 09:35:37,0.12,1.2,21,0.11,1.1,3522,0.14,1.4,10,0.115,1.15,658,0
SPY190830C296,2019-08-29,2019-08-29 09:35:38,0.12,1.2,180,0.11,1.1,3522,0.14,1.4,10,0.115,1.15,658,0
SPY190830C296,2019-08-29,2019-08-29 09:35:38,0.12,1.2,180,0.11,1.1,3022,0.14,1.4,10,0.115,1.15,658,0
SPY190830C296,2019-08-29,2019-08-29 09:35:39,0.12,1.2,485,0.11,1.1,3522,0.14,1.4,10,0.115,1.15,658,0
SPY190830C296,2019-08-29,2019-08-29 09:35:40,0.13,1.3,3726,0.11,1.1,3579,0.14,1.4,10,0.12,1.2,658,0
SPY190830C296,2019-08-29,2019-08-29 09:35:40,0.12,1.2,485,0.11,1.1,3522,0.14,1.4,10,0.115,1.15,658,0
SPY190830C296,2019-08-29,2019-08-29 09:35:41,0.12,1.2,165,0.11,1.1,3579,0.14,1.4,10,0.115,1.15,658,0
SPY190830C296,2019-08-29,2019-08-29 09:35:41,0.12,1.2,65,0.11,1.1,3579,0.14,1.4,10,0.115,1.15,658,0
SPY190830C296,2019-08-29,2019-08-29 09:35:42,0.12,1.2,470,0.11,1.1,3579,0.14,1.4,10,0.115,1.15,658,0
SPY190830C296,2019-08-29,2019-08-29 09:35:43,0.12,1.2,470,0.11,1.1,3413,0.14,1.4,10,0.115,1.15,658,0
SPY190830C296,2019-08-29,2019-08-29 09:35:43,0.12,1.2,792,0.11,1.1,2877,0.14,1.4,10,0.115,1.15,658,0
SPY190830C296,2019-08-29,2019-08-29 09:35:44,0.12,1.2,1745,0.11,1.1,3386,0.14,1.4,10,0.115,1.15,658,0
SPY190830C296,2019-08-29,2019-08-29 09:35:45,0.12,1.2,1154,0.11,1.1,2744,0.14,1.4,10,0.115,1.15,658,0
SPY190830C296,2019-08-29,2019-08-29 09:35:45,0.12,1.2,1745,0.11,1.1,3386,0.14,1.4,10,0.115,1.15,658,0
SPY190830C296,2019-08-29,2019-08-29 09:35:46,0.12,1.2,1154,0.11,1.1,2744,0.14,1.4,10,0.115,1.15,658,0
SPY190830C296,2019-08-29,2019-08-29 09:35:47,0.12,1.2,165,0.11,1.1,2744,0.14,1.4,10,0.115,1.15,658,0
SPY190830C296,2019-08-29,2019-08-29 09:35:47,0.12,1.2,245,0.11,1.1,2744,0.14,1.4,10,0.115,1.15,658,0
SPY190830C296,2019-08-29,2019-08-29 09:35:48,0.12,1.2,245,0.11,1.1,2744,0.14,1.4,10,0.115,1.15,658,0
SPY190830C296,2019-08-29,2019-08-29 09:35:48,0.12,1.2,165,0.11,1.1,2744,0.14,1.4,10,0.115,1.15,658,0
SPY190830C296,2019-08-29,2019-08-29 09:35:49,0.12,1.2,266,0.11,1.1,2744,0.14,1.4,10,0.115,1.15,658,0
SPY190830C296,2019-08-29,2019-08-29 09:35:49,0.12,1.2,245,0.11,1.1,2744,0.14,1.4,10,0.115,1.15,658,0
SPY190830C296,2019-08-29,2019-08-29 09:35:50,0.12,1.2,465,0.11,1.1,2744,0.14,1.4,10,0.115,1.15,658,0
SPY190830C296,2019-08-29,2019-08-29 09:35:50,0.12,1.2,245,0.11,1.1,2744,0.14,1.4,10,0.115,1.15,658,0
SPY190830C296,2019-08-29,2019-08-29 09:35:51,0.12,1.2,260,0.11,1.1,2744,0.14,1.4,10,0.115,1.15,658,0
SPY190830C296,2019-08-29,2019-08-29 09:35:51,0.12,1.2,513,0.11,1.1,2744,0.14,1.4,10,0.115,1.15,658,0
SPY190830C296,2019-08-29,2019-08-29 09:35:52,0.12,1.2,260,0.11,1.1,2744,0.14,1.4,10,0.115,1.15,658,0
SPY190830C296,2019-08-29,2019-08-29 09:35:53,0.12,1.2,589,0.11,1.1,2744,0.14,1.4,10,0.115,1.15,658,0
SPY190830C296,2019-08-29,2019-08-29 09:35:53,0.12,1.2,260,0.11,1.1,2744,0.14,1.4,10,0.115,1.15,658,0
SPY190830C296,2019-08-29,2019-08-29 09:35:54,0.12,1.2,1855,0.11,1.1,2744,0.14,1.4,10,0.115,1.15,658,0
SPY190830C296,2019-08-29,2019-08-29 09:35:54,0.12,1.2,1466,0.11,1.1,1915,0.14,1.4,10,0.115,1.15,658,0
SPY190830C296,2019-08-29,2019-08-29 09:35:55,0.12,1.2,2336,0.11,1.1,1221,0.14,1.4,10,0.115,1.15,658,0
SPY190830C296,2019-08-29,2019-08-29 09:35:55,0.12,1.2,2336,0.11,1.1,1915,0.14,1.4,10,0.115,1.15,658,0
SPY190830C296,2019-08-29,2019-08-29 09:35:56,0.12,1.2,3086,0.11,1.1,1201,0.1,1.0,1,0.115,1.15,659,1
SPY190830C296,2019-08-29,2019-08-29 09:35:56,0.12,1.2,3086,0.11,1.1,1022,0.11,1.1,1,0.115,1.15,660,1
SPY190830C296,2019-08-29,2019-08-29 09:35:57,0.12,1.2,3086,0.11,1.1,1913,0.11,1.1,1,0.115,1.15,660,0
SPY190830C296,2019-08-29,2019-08-29 09:35:57,0.12,1.2,3086,0.11,1.1,1252,0.11,1.1,1,0.115,1.15,660,0
SPY190830C296,2019-08-29,2019-08-29 09:35:58,0.12,1.2,3086,0.11,1.1,1913,0.11,1.1,1,0.115,1.15,660,0
SPY190830C296,2019-08-29,2019-08-29 09:36:00,0.12,1.2,2611,0.11,1.1,1915,0.11,1.1,1,0.115,1.15,660,0
SPY190830C296,2019-08-29,2019-08-29 09:36:00,0.12,1.2,2216,0.11,1.1,1915,0.11,1.1,1,0.115,1.15,660,0
SPY190830C296,2019-08-29,2019-08-29 09:36:01,0.12,1.2,3111,0.11,1.1,1915,0.11,1.1,1,0.115,1.15,660,0
SPY190830C296,2019-08-29,2019-08-29 09:36:01,0.12,1.2,2611,0.11,1.1,1915,0.11,1.1,1,0.115,1.15,660,0
SPY190830C296,2019-08-29,2019-08-29 09:36:02,0.12,1.2,2716,0.11,1.1,2031,0.11,1.1,1,0.115,1.15,660,0
SPY190830C296,2019-08-29,2019-08-29 09:36:02,0.12,1.2,3111,0.11,1.1,1129,0.11,1.1,1,0.115,1.15,660,0
SPY190830C296,2019-08-29,2019-08-29 09:36:03,0.12,1.2,2716,0.11,1.1,2031,0.11,1.1,1,0.115,1.15,660,0
SPY190830C296,2019-08-29,2019-08-29 09:36:03,0.12,1.2,2716,0.11,1.1,2423,0.11,1.1,1,0.115,1.15,660,0
SPY190830C296,2019-08-29,2019-08-29 09:36:04,0.12,1.2,1966,0.11,1.1,2423,0.11,1.1,1,0.115,1.15,660,0
SPY190830C296,2019-08-29,2019-08-29 09:36:04,0.12,1.2,2716,0.11,1.1,2423,0.11,1.1,1,0.115,1.15,660,0
SPY190830C296,2019-08-29,2019-08-29 09:36:05,0.12,1.2,1966,0.11,1.1,3022,0.11,1.1,1,0.115,1.15,660,0
SPY190830C296,2019-08-29,2019-08-29 09:36:05,0.12,1.2,1966,0.11,1.1,3289,0.11,1.1,1,0.115,1.15,660,0
SPY190830C296,2019-08-29,2019-08-29 09:36:06,0.12,1.2,1800,0.11,1.1,3538,0.11,1.1,1,0.115,1.15,660,0
SPY190830C296,2019-08-29,2019-08-29 09:36:06,0.12,1.2,1966,0.11,1.1,3393,0.11,1.1,1,0.115,1.15,660,0
SPY190830C296,2019-08-29,2019-08-29 09:36:07,0.12,1.2,1800,0.11,1.1,4482,0.11,1.1,10,0.115,1.15,670,10
SPY190830C296,2019-08-29,2019-08-29 09:36:07,0.12,1.2,1800,0.11,1.1,4482,0.11,1.1,10,0.115,1.15,670,0
SPY190830C296,2019-08-29,2019-08-29 09:36:08,0.12,1.2,455,0.11,1.1,4112,0.12,1.2,10,0.115,1.15,680,10
SPY190830C296,2019-08-29,2019-08-29 09:36:08,0.12,1.2,165,0.11,1.1,4546,0.12,1.2,10,0.115,1.15,680,0
SPY190830C296,2019-08-29,2019-08-29 09:36:09,0.12,1.2,9,0.11,1.1,4546,0.12,1.2,10,0.115,1.15,680,0
SPY190830C296,2019-08-29,2019-08-29 09:36:09,0.12,1.2,165,0.11,1.1,4546,0.12,1.2,10,0.115,1.15,680,0
SPY190830C296,2019-08-29,2019-08-29 09:36:10,0.12,1.2,370,0.11,1.1,4546,0.12,1.2,10,0.115,1.15,680,0
SPY190830C296,2019-08-29,2019-08-29 09:36:10,0.12,1.2,480,0.11,1.1,3103,0.12,1.2,10,0.115,1.15,680,0
SPY190830C296,2019-08-29,2019-08-29 09:36:11,0.12,1.2,2440,0.11,1.1,2626,0.12,1.2,10,0.115,1.15,680,0
SPY190830C296,2019-08-29,2019-08-29 09:36:11,0.12,1.2,480,0.11,1.1,2626,0.12,1.2,10,0.115,1.15,680,0
SPY190830C296,2019-08-29,2019-08-29 09:36:12,0.12,1.2,2940,0.11,1.1,2626,0.12,1.2,10,0.115,1.15,680,0
SPY190830C296,2019-08-29,2019-08-29 09:36:13,0.12,1.2,2940,0.11,1.1,2899,0.12,1.2,10,0.115,1.15,680,0
SPY190830C296,2019-08-29,2019-08-29 09:36:13,0.12,1.2,2940,0.11,1.1,2626,0.12,1.2,10,0.115,1.15,680,0
SPY190830C296,2019-08-29,2019-08-29 09:36:14,0.12,1.2,2940,0.11,1.1,2830,0.12,1.2,10,0.115,1.15,680,0
SPY190830C296,2019-08-29,2019-08-29 09:36:14,0.12,1.2,1800,0.11,1.1,2626,0.12,1.2,10,0.115,1.15,680,0
SPY190830C296,2019-08-29,2019-08-29 09:36:15,0.12,1.2,2550,0.11,1.1,2873,0.12,1.2,10,0.115,1.15,680,0
SPY190830C296,2019-08-29,2019-08-29 09:36:15,0.12,1.2,1800,0.11,1.1,2877,0.12,1.2,10,0.115,1.15,680,0
SPY190830C296,2019-08-29,2019-08-29 09:36:16,0.12,1.2,2871,0.11,1.1,2873,0.12,1.2,4,0.115,1.15,685,4
SPY190830C296,2019-08-29,2019-08-29 09:36:16,0.12,1.2,2979,0.11,1.1,2873,0.12,1.2,1,0.115,1.15,681,1
SPY190830C296,2019-08-29,2019-08-29 09:36:17,0.12,1.2,2871,0.11,1.1,1547,0.12,1.2,4,0.115,1.15,685,0
SPY190830C296,2019-08-29,2019-08-29 09:36:18,0.12,1.2,2371,0.11,1.1,2001,0.12,1.2,4,0.115,1.15,685,0
SPY190830C296,2019-08-29,2019-08-29 09:36:18,0.12,1.2,2871,0.11,1.1,2123,0.12,1.2,4,0.115,1.15,685,0
SPY190830C296,2019-08-29,2019-08-29 09:36:19,0.12,1.2,2871,0.11,1.1,2001,0.12,1.2,4,0.115,1.15,685,0
SPY190830C296,2019-08-29,2019-08-29 09:36:20,0.12,1.2,2871,0.11,1.1,2001,0.12,1.2,4,0.115,1.15,685,0
SPY190830C296,2019-08-29,2019-08-29 09:36:21,0.12,1.2,2437,0.11,1.1,681,0.11,1.1,1,0.115,1.15,688,3
SPY190830C296,2019-08-29,2019-08-29 09:36:21,0.12,1.2,1985,0.11,1.1,681,0.11,1.1,1,0.115,1.15,688,0
SPY190830C296,2019-08-29,2019-08-29 09:36:22,0.12,1.2,1937,0.11,1.1,681,0.11,1.1,1,0.115,1.15,688,0
SPY190830C296,2019-08-29,2019-08-29 09:36:22,0.12,1.2,2437,0.11,1.1,681,0.11,1.1,1,0.115,1.15,688,0
SPY190830C296,2019-08-29,2019-08-29 09:36:23,0.12,1.2,2871,0.11,1.1,908,0.11,1.1,1,0.115,1.15,688,0
SPY190830C296,2019-08-29,2019-08-29 09:36:23,0.12,1.2,2508,0.11,1.1,227,0.11,1.1,1,0.115,1.15,688,0
SPY190830C296,2019-08-29,2019-08-29 09:36:24,0.12,1.2,2508,0.11,1.1,104,0.11,1.1,1,0.115,1.15,688,0
SPY190830C296,2019-08-29,2019-08-29 09:36:24,0.12,1.2,2508,0.11,1.1,227,0.11,1.1,1,0.115,1.15,688,0
SPY190830C296,2019-08-29,2019-08-29 09:36:25,0.12,1.2,2508,0.11,1.1,104,0.11,1.1,1,0.115,1.15,688,0
SPY190830C296,2019-08-29,2019-08-29 09:36:26,0.12,1.2,2508,0.11,1.1,104,0.11,1.1,1,0.115,1.15,688,0
SPY190830C296,2019-08-29,2019-08-29 09:36:26,0.12,1.2,2508,0.11,1.1,83,0.11,1.1,1,0.115,1.15,688,0
SPY190830C296,2019-08-29,2019-08-29 09:36:27,0.12,1.2,2508,0.11,1.1,83,0.11,1.1,1,0.115,1.15,688,0
SPY190830C296,2019-08-29,2019-08-29 09:36:27,0.12,1.2,1980,0.11,1.1,83,0.11,1.1,1,0.115,1.15,688,0
SPY190830C296,2019-08-29,2019-08-29 09:36:28,0.12,1.2,2508,0.11,1.1,83,0.11,1.1,1,0.115,1.15,688,0
SPY190830C296,2019-08-29,2019-08-29 09:36:28,0.12,1.2,2508,0.11,1.1,18,0.11,1.1,1,0.115,1.15,688,0
SPY190830C296,2019-08-29,2019-08-29 09:36:29,0.12,1.2,2508,0.11,1.1,83,0.11,1.1,1,0.115,1.15,688,0
SPY190830C296,2019-08-29,2019-08-29 09:36:29,0.12,1.2,2508,0.11,1.1,65,0.11,1.1,1,0.115,1.15,688,0
SPY190830C296,2019-08-29,2019-08-29 09:36:30,0.12,1.2,2912,0.11,1.1,104,0.11,1.1,1,0.115,1.15,688,0
SPY190830C296,2019-08-29,2019-08-29 09:36:31,0.12,1.2,2508,0.11,1.1,83,0.11,1.1,1,0.115,1.15,688,0
SPY190830C296,2019-08-29,2019-08-29 09:36:31,0.11,1.1,485,0.11,1.1,83,0.11,1.1,1,0.11,1.1,688,0
SPY190830C296,2019-08-29,2019-08-29 09:36:32,0.11,1.1,480,0.1,1.0,3077,0.11,1.1,1,0.105,1.05,688,0
SPY190830C296,2019-08-29,2019-08-29 09:36:32,0.11,1.1,1280,0.1,1.0,3577,0.11,1.1,1,0.105,1.05,688,0
SPY190830C296,2019-08-29,2019-08-29 09:36:33,0.11,1.1,1672,0.1,1.0,3577,0.11,1.1,1,0.105,1.05,688,0
SPY190830C296,2019-08-29,2019-08-29 09:36:34,0.11,1.1,1280,0.1,1.0,3577,0.11,1.1,1,0.105,1.05,688,0
SPY190830C296,2019-08-29,2019-08-29 09:36:34,0.11,1.1,1280,0.1,1.0,3322,0.11,1.1,1,0.105,1.05,688,0
SPY190830C296,2019-08-29,2019-08-29 09:36:35,0.11,1.1,1672,0.1,1.0,3577,0.11,1.1,1,0.105,1.05,688,0
SPY190830C296,2019-08-29,2019-08-29 09:36:35,0.11,1.1,1280,0.1,1.0,3577,0.11,1.1,1,0.105,1.05,688,0
SPY190830C296,2019-08-29,2019-08-29 09:36:36,0.11,1.1,1701,0.1,1.0,3598,0.11,1.1,1,0.105,1.05,688,0
SPY190830C296,2019-08-29,2019-08-29 09:36:37,0.11,1.1,1616,0.1,1.0,1634,0.1,1.0,2,0.105,1.05,691,3
SPY190830C296,2019-08-29,2019-08-29 09:36:38,0.11,1.1,1970,0.09,0.9,2824,0.1,1.0,2,0.1,1.0,691,0
SPY190830C296,2019-08-29,2019-08-29 09:36:38,0.1,1.0,65,0.09,0.9,2824,0.1,1.0,2,0.095,0.95,691,0
SPY190830C296,2019-08-29,2019-08-29 09:36:39,0.11,1.1,2037,0.1,1.0,415,0.1,1.0,2,0.105,1.05,691,0
SPY190830C296,2019-08-29,2019-08-29 09:36:39,0.11,1.1,2037,0.1,1.0,65,0.1,1.0,2,0.105,1.05,691,0
SPY190830C296,2019-08-29,2019-08-29 09:36:40,0.11,1.1,1965,0.1,1.0,1183,0.1,1.0,2,0.105,1.05,691,0
SPY190830C296,2019-08-29,2019-08-29 09:36:40,0.11,1.1,2030,0.1,1.0,1007,0.1,1.0,2,0.105,1.05,691,0
SPY190830C296,2019-08-29,2019-08-29 09:36:41,0.11,1.1,2530,0.1,1.0,958,0.1,1.0,2,0.105,1.05,691,0
SPY190830C296,2019-08-29,2019-08-29 09:36:41,0.11,1.1,2530,0.1,1.0,1121,0.1,1.0,2,0.105,1.05,691,0
SPY190830C296,2019-08-29,2019-08-29 09:36:42,0.11,1.1,2530,0.1,1.0,1121,0.1,1.0,2,0.105,1.05,691,0
SPY190830C296,2019-08-29,2019-08-29 09:36:42,0.11,1.1,2426,0.1,1.0,1121,0.1,1.0,2,0.105,1.05,691,0
SPY190830C296,2019-08-29,2019-08-29 09:36:43,0.11,1.1,2518,0.1,1.0,263,0.1,1.0,2,0.105,1.05,691,0
SPY190830C296,2019-08-29,2019-08-29 09:36:43,0.11,1.1,2116,0.1,1.0,245,0.1,1.0,2,0.105,1.05,691,0
SPY190830C296,2019-08-29,2019-08-29 09:36:44,0.11,1.1,1965,0.1,1.0,165,0.1,1.0,2,0.105,1.05,691,0
SPY190830C296,2019-08-29,2019-08-29 09:36:44,0.11,1.1,2518,0.1,1.0,599,0.1,1.0,2,0.105,1.05,691,0
SPY190830C296,2019-08-29,2019-08-29 09:36:45,0.11,1.1,2518,0.1,1.0,599,0.1,1.0,2,0.105,1.05,691,0
SPY190830C296,2019-08-29,2019-08-29 09:36:45,0.11,1.1,2518,0.1,1.0,1270,0.1,1.0,2,0.105,1.05,691,0
SPY190830C296,2019-08-29,2019-08-29 09:36:46,0.11,1.1,2518,0.1,1.0,21,0.1,1.0,2,0.105,1.05,691,0
SPY190830C296,2019-08-29,2019-08-29 09:36:46,0.11,1.1,2518,0.1,1.0,165,0.1,1.0,2,0.105,1.05,691,0
SPY190830C296,2019-08-29,2019-08-29 09:36:47,0.11,1.1,2018,0.1,1.0,32,0.1,1.0,2,0.105,1.05,691,0
SPY190830C296,2019-08-29,2019-08-29 09:36:47,0.11,1.1,2518,0.1,1.0,21,0.1,1.0,2,0.105,1.05,691,0
SPY190830C296,2019-08-29,2019-08-29 09:36:48,0.11,1.1,2518,0.1,1.0,180,0.1,1.0,2,0.105,1.05,691,0
SPY190830C296,2019-08-29,2019-08-29 09:36:48,0.11,1.1,2518,0.1,1.0,165,0.1,1.0,2,0.105,1.05,691,0
SPY190830C296,2019-08-29,2019-08-29 09:36:49,0.11,1.1,2518,0.1,1.0,1472,0.1,1.0,2,0.105,1.05,691,0
SPY190830C296,2019-08-29,2019-08-29 09:36:50,0.11,1.1,2116,0.1,1.0,2693,0.1,1.0,20,0.105,1.05,712,20
SPY190830C296,2019-08-29,2019-08-29 09:36:50,0.11,1.1,2518,0.1,1.0,1472,0.11,1.1,1,0.105,1.05,692,1
SPY190830C296,2019-08-29,2019-08-29 09:36:51,0.11,1.1,2518,0.1,1.0,2697,0.1,1.0,20,0.105,1.05,712,0
SPY190830C296,2019-08-29,2019-08-29 09:36:51,0.11,1.1,2116,0.1,1.0,2444,0.1,1.0,20,0.105,1.05,712,0
SPY190830C296,2019-08-29,2019-08-29 09:36:52,0.11,1.1,2518,0.1,1.0,2815,0.1,1.0,20,0.105,1.05,712,0
SPY190830C296,2019-08-29,2019-08-29 09:36:52,0.11,1.1,2116,0.1,1.0,2562,0.1,1.0,20,0.105,1.05,712,0
SPY190830C296,2019-08-29,2019-08-29 09:36:53,0.11,1.1,2116,0.1,1.0,2562,0.1,1.0,20,0.105,1.05,712,0
SPY190830C296,2019-08-29,2019-08-29 09:36:54,0.11,1.1,2116,0.1,1.0,2562,0.1,1.0,20,0.105,1.05,712,0
SPY190830C296,2019-08-29,2019-08-29 09:36:54,0.11,1.1,995,0.1,1.0,2928,0.1,1.0,20,0.105,1.05,712,0
SPY190830C296,2019-08-29,2019-08-29 09:36:55,0.11,1.1,1311,0.1,1.0,2776,0.1,1.0,20,0.105,1.05,712,0
SPY190830C296,2019-08-29,2019-08-29 09:36:55,0.11,1.1,640,0.1,1.0,2776,0.1,1.0,20,0.105,1.05,712,0
SPY190830C296,2019-08-29,2019-08-29 09:36:56,0.11,1.1,2018,0.1,1.0,1315,0.1,1.0,20,0.105,1.05,712,0
SPY190830C296,2019-08-29,2019-08-29 09:36:56,0.11,1.1,2518,0.1,1.0,1837,0.1,1.0,20,0.105,1.05,712,0
SPY190830C296,2019-08-29,2019-08-29 09:36:57,0.11,1.1,2518,0.1,1.0,1315,0.1,1.0,20,0.105,1.05,712,0
SPY190830C296,2019-08-29,2019-08-29 09:36:57,0.11,1.1,2018,0.1,1.0,2318,0.1,1.0,20,0.105,1.05,712,0
SPY190830C296,2019-08-29,2019-08-29 09:36:58,0.11,1.1,2518,0.1,1.0,2583,0.1,1.0,20,0.105,1.05,712,0
SPY190830C296,2019-08-29,2019-08-29 09:36:59,0.11,1.1,2518,0.1,1.0,2614,0.1,1.0,20,0.105,1.05,712,0
SPY190830C296,2019-08-29,2019-08-29 09:36:59,0.11,1.1,2518,0.1,1.0,2587,0.1,1.0,20,0.105,1.05,712,0
SPY190830C296,2019-08-29,2019-08-29 09:37:00,0.11,1.1,3618,0.1,1.0,2824,0.1,1.0,20,0.105,1.05,712,0
SPY190830C296,2019-08-29,2019-08-29 09:37:00,0.11,1.1,3618,0.1,1.0,2562,0.1,1.0,20,0.105,1.05,712,0
SPY190830C296,2019-08-29,2019-08-29 09:37:01,0.11,1.1,3618,0.1,1.0,2824,0.1,1.0,20,0.105,1.05,712,0
SPY190830C296,2019-08-29,2019-08-29 09:37:02,0.11,1.1,2350,0.1,1.0,1887,0.1,1.0,20,0.105,1.05,712,0
SPY190830C296,2019-08-29,2019-08-29 09:37:02,0.11,1.1,3216,0.1,1.0,2842,0.1,1.0,20,0.105,1.05,712,0
SPY190830C296,2019-08-29,2019-08-29 09:37:03,0.11,1.1,1869,0.1,1.0,4417,0.1,1.0,20,0.105,1.05,712,0
SPY190830C296,2019-08-29,2019-08-29 09:37:03,0.11,1.1,2350,0.1,1.0,1887,0.1,1.0,20,0.105,1.05,712,0
SPY190830C296,2019-08-29,2019-08-29 09:37:05,0.11,1.1,3614,0.1,1.0,4228,0.1,1.0,20,0.105,1.05,712,0
SPY190830C296,2019-08-29,2019-08-29 09:37:05,0.11,1.1,3201,0.1,1.0,4296,0.1,1.0,20,0.105,1.05,712,0
SPY190830C296,2019-08-29,2019-08-29 09:37:06,0.11,1.1,3201,0.1,1.0,4025,0.1,1.0,20,0.105,1.05,712,0
SPY190830C296,2019-08-29,2019-08-29 09:37:07,0.11,1.1,166,0.1,1.0,3011,0.1,1.0,20,0.105,1.05,712,0
SPY190830C296,2019-08-29,2019-08-29 09:37:08,0.12,1.2,4776,0.11,1.1,16,0.1,1.0,1,0.115,1.15,713,1
SPY190830C296,2019-08-29,2019-08-29 09:37:08,0.11,1.1,21,0.1,1.0,4019,0.1,1.0,20,0.105,1.05,712,0
SPY190830C296,2019-08-29,2019-08-29 09:37:09,0.12,1.2,4082,0.11,1.1,16,0.1,1.0,1,0.115,1.15,713,0
SPY190830C296,2019-08-29,2019-08-29 09:37:09,0.12,1.2,3777,0.11,1.1,16,0.1,1.0,1,0.115,1.15,713,0
SPY190830C296,2019-08-29,2019-08-29 09:37:10,0.12,1.2,2777,0.11,1.1,16,0.1,1.0,1,0.115,1.15,713,0
SPY190830C296,2019-08-29,2019-08-29 09:37:10,0.12,1.2,3277,0.11,1.1,16,0.1,1.0,1,0.115,1.15,713,0
SPY190830C296,2019-08-29,2019-08-29 09:37:11,0.12,1.2,3277,0.11,1.1,16,0.1,1.0,1,0.115,1.15,713,0
SPY190830C296,2019-08-29,2019-08-29 09:37:12,0.12,1.2,4662,0.11,1.1,16,0.1,1.0,1,0.115,1.15,713,0
SPY190830C296,2019-08-29,2019-08-29 09:37:12,0.12,1.2,4662,0.1,1.0,3177,0.1,1.0,1,0.11,1.1,713,0
SPY190830C296,2019-08-29,2019-08-29 09:37:13,0.11,1.1,86,0.1,1.0,4636,0.1,1.0,1,0.105,1.05,713,0
SPY190830C296,2019-08-29,2019-08-29 09:37:13,0.12,1.2,4242,0.1,1.0,4636,0.1,1.0,1,0.11,1.1,713,0
SPY190830C296,2019-08-29,2019-08-29 09:37:14,0.11,1.1,86,0.1,1.0,5684,0.1,1.0,1,0.105,1.05,713,0
SPY190830C296,2019-08-29,2019-08-29 09:37:14,0.11,1.1,36,0.1,1.0,5684,0.1,1.0,1,0.105,1.05,713,0
SPY190830C296,2019-08-29,2019-08-29 09:37:15,0.11,1.1,21,0.1,1.0,5684,0.1,1.0,1,0.105,1.05,713,0
SPY190830C296,2019-08-29,2019-08-29 09:37:16,0.11,1.1,21,0.1,1.0,3850,0.1,1.0,1,0.105,1.05,713,0
SPY190830C296,2019-08-29,2019-08-29 09:37:16,0.11,1.1,21,0.1,1.0,5684,0.1,1.0,1,0.105,1.05,713,0
SPY190830C296,2019-08-29,2019-08-29 09:37:17,0.11,1.1,21,0.1,1.0,3172,0.1,1.0,1,0.105,1.05,713,0
SPY190830C296,2019-08-29,2019-08-29 09:37:17,0.11,1.1,21,0.1,1.0,3467,0.1,1.0,1,0.105,1.05,713,0
SPY190830C296,2019-08-29,2019-08-29 09:37:18,0.11,1.1,21,0.1,1.0,4319,0.1,1.0,1,0.105,1.05,713,0
SPY190830C296,2019-08-29,2019-08-29 09:37:19,0.11,1.1,86,0.1,1.0,2802,0.1,1.0,1,0.105,1.05,713,0
SPY190830C296,2019-08-29,2019-08-29 09:37:19,0.11,1.1,86,0.1,1.0,4319,0.1,1.0,1,0.105,1.05,713,0
SPY190830C296,2019-08-29,2019-08-29 09:37:20,0.11,1.1,86,0.1,1.0,3302,0.1,1.0,1,0.105,1.05,713,0
SPY190830C296,2019-08-29,2019-08-29 09:37:20,0.11,1.1,86,0.1,1.0,5923,0.1,1.0,1,0.105,1.05,713,0
SPY190830C296,2019-08-29,2019-08-29 09:37:21,0.11,1.1,65,0.1,1.0,6011,0.1,1.0,1,0.105,1.05,713,0
SPY190830C296,2019-08-29,2019-08-29 09:37:21,0.11,1.1,86,0.1,1.0,5923,0.1,1.0,1,0.105,1.05,713,0
SPY190830C296,2019-08-29,2019-08-29 09:37:22,0.11,1.1,65,0.1,1.0,6011,0.1,1.0,1,0.105,1.05,713,0
SPY190830C296,2019-08-29,2019-08-29 09:37:22,0.11,1.1,86,0.1,1.0,6011,0.1,1.0,1,0.105,1.05,713,0
SPY190830C296,2019-08-29,2019-08-29 09:37:23,0.11,1.1,86,0.1,1.0,3302,0.1,1.0,1,0.105,1.05,713,0
SPY190830C296,2019-08-29,2019-08-29 09:37:24,0.11,1.1,351,0.1,1.0,2220,0.1,1.0,1,0.105,1.05,713,0
SPY190830C296,2019-08-29,2019-08-29 09:37:25,0.11,1.1,1782,0.1,1.0,1616,0.1,1.0,1,0.105,1.05,713,0
SPY190830C296,2019-08-29,2019-08-29 09:37:25,0.11,1.1,3406,0.1,1.0,1329,0.1,1.0,1,0.105,1.05,713,0
SPY190830C296,2019-08-29,2019-08-29 09:37:26,0.11,1.1,745,0.1,1.0,2554,0.1,1.0,1,0.105,1.05,713,0
SPY190830C296,2019-08-29,2019-08-29 09:37:26,0.11,1.1,866,0.1,1.0,2079,0.1,1.0,1,0.105,1.05,713,0
SPY190830C296,2019-08-29,2019-08-29 09:37:27,0.11,1.1,1311,0.1,1.0,2554,0.1,1.0,1,0.105,1.05,713,0
SPY190830C296,2019-08-29,2019-08-29 09:37:27,0.11,1.1,866,0.1,1.0,2215,0.1,1.0,1,0.105,1.05,713,0
SPY190830C296,2019-08-29,2019-08-29 09:37:28,0.11,1.1,2804,0.1,1.0,3314,0.1,1.0,1,0.105,1.05,713,0
SPY190830C296,2019-08-29,2019-08-29 09:37:29,0.11,1.1,2402,0.1,1.0,195,0.1,1.0,1,0.105,1.05,713,0
SPY190830C296,2019-08-29,2019-08-29 09:37:29,0.11,1.1,2116,0.1,1.0,195,0.1,1.0,1,0.105,1.05,713,0
SPY190830C296,2019-08-29,2019-08-29 09:37:30,0.11,1.1,2030,0.1,1.0,195,0.1,1.0,1,0.105,1.05,713,0
SPY190830C296,2019-08-29,2019-08-29 09:37:30,0.11,1.1,3487,0.1,1.0,12,0.1,1.0,1,0.105,1.05,713,0
SPY190830C296,2019-08-29,2019-08-29 09:37:31,0.11,1.1,1680,0.1,1.0,240,0.1,1.0,3,0.105,1.05,716,3
SPY190830C296,2019-08-29,2019-08-29 09:37:31,0.11,1.1,3051,0.1,1.0,633,0.1,1.0,3,0.105,1.05,716,0
SPY190830C296,2019-08-29,2019-08-29 09:37:32,0.11,1.1,3310,0.1,1.0,2807,0.1,1.0,3,0.105,1.05,716,0
SPY190830C296,2019-08-29,2019-08-29 09:37:32,0.11,1.1,3051,0.1,1.0,633,0.1,1.0,3,0.105,1.05,716,0
SPY190830C296,2019-08-29,2019-08-29 09:37:33,0.11,1.1,3310,0.1,1.0,2807,0.1,1.0,3,0.105,1.05,716,0
SPY190830C296,2019-08-29,2019-08-29 09:37:33,0.11,1.1,3310,0.1,1.0,2657,0.1,1.0,3,0.105,1.05,716,0
SPY190830C296,2019-08-29,2019-08-29 09:37:34,0.11,1.1,680,0.1,1.0,3744,0.1,1.0,3,0.105,1.05,716,0
SPY190830C296,2019-08-29,2019-08-29 09:37:34,0.11,1.1,946,0.1,1.0,2538,0.1,1.0,3,0.105,1.05,716,0
SPY190830C296,2019-08-29,2019-08-29 09:37:35,0.11,1.1,866,0.1,1.0,2508,0.1,1.0,3,0.105,1.05,716,0
SPY190830C296,2019-08-29,2019-08-29 09:37:35,0.11,1.1,2196,0.1,1.0,4462,0.1,1.0,3,0.105,1.05,716,0
SPY190830C296,2019-08-29,2019-08-29 09:37:36,0.11,1.1,2196,0.1,1.0,4462,0.1,1.0,3,0.105,1.05,716,0
SPY190830C296,2019-08-29,2019-08-29 09:37:37,0.11,1.1,2585,0.1,1.0,4462,0.1,1.0,3,0.105,1.05,716,0
SPY190830C296,2019-08-29,2019-08-29 09:37:37,0.11,1.1,243,0.11,1.1,12,0.1,1.0,3,0.11,1.1,716,0
SPY190830C296,2019-08-29,2019-08-29 09:37:38,0.11,1.1,188,0.1,1.0,2937,0.11,1.1,12,0.105,1.05,728,12
SPY190830C296,2019-08-29,2019-08-29 09:37:38,0.11,1.1,188,0.1,1.0,4738,0.11,1.1,12,0.105,1.05,728,0
SPY190830C296,2019-08-29,2019-08-29 09:37:39,0.11,1.1,188,0.1,1.0,4738,0.11,1.1,12,0.105,1.05,728,0
SPY190830C296,2019-08-29,2019-08-29 09:37:39,0.11,1.1,188,0.1,1.0,3641,0.11,1.1,248,0.105,1.05,1728,1000
SPY190830C296,2019-08-29,2019-08-29 09:37:40,0.11,1.1,188,0.1,1.0,3641,0.11,1.1,248,0.105,1.05,1728,0
SPY190830C296,2019-08-29,2019-08-29 09:37:40,0.11,1.1,188,0.1,1.0,3576,0.11,1.1,248,0.105,1.05,1728,0
SPY190830C296,2019-08-29,2019-08-29 09:37:41,0.11,1.1,188,0.1,1.0,3576,0.11,1.1,248,0.105,1.05,1728,0
SPY190830C296,2019-08-29,2019-08-29 09:37:41,0.11,1.1,188,0.1,1.0,4119,0.11,1.1,248,0.105,1.05,1728,0
SPY190830C296,2019-08-29,2019-08-29 09:37:42,0.11,1.1,188,0.1,1.0,4119,0.11,1.1,248,0.105,1.05,1728,0
SPY190830C296,2019-08-29,2019-08-29 09:37:43,0.11,1.1,188,0.1,1.0,2871,0.11,1.1,248,0.105,1.05,1728,0
SPY190830C296,2019-08-29,2019-08-29 09:37:43,0.11,1.1,188,0.1,1.0,4053,0.11,1.1,248,0.105,1.05,1728,0
SPY190830C296,2019-08-29,2019-08-29 09:37:44,0.11,1.1,188,0.1,1.0,4072,0.11,1.1,248,0.105,1.05,1728,0
SPY190830C296,2019-08-29,2019-08-29 09:37:45,0.11,1.1,188,0.1,1.0,4072,0.11,1.1,248,0.105,1.05,1728,0
SPY190830C296,2019-08-29,2019-08-29 09:37:46,0.11,1.1,188,0.1,1.0,4072,0.11,1.1,248,0.105,1.05,1728,0
SPY190830C296,2019-08-29,2019-08-29 09:37:47,0.11,1.1,188,0.1,1.0,4072,0.11,1.1,248,0.105,1.05,1728,0
SPY190830C296,2019-08-29,2019-08-29 09:37:48,0.11,1.1,188,0.1,1.0,2469,0.11,1.1,248,0.105,1.05,1728,0
SPY190830C296,2019-08-29,2019-08-29 09:37:48,0.11,1.1,188,0.1,1.0,2275,0.11,1.1,20,0.105,1.05,1748,20
SPY190830C296,2019-08-29,2019-08-29 09:37:49,0.11,1.1,188,0.1,1.0,5385,0.11,1.1,20,0.105,1.05,1748,0
SPY190830C296,2019-08-29,2019-08-29 09:37:50,0.11,1.1,188,0.1,1.0,5975,0.11,1.1,20,0.105,1.05,1748,0
SPY190830C296,2019-08-29,2019-08-29 09:37:50,0.11,1.1,188,0.1,1.0,5385,0.11,1.1,20,0.105,1.05,1748,0
SPY190830C296,2019-08-29,2019-08-29 09:37:51,0.11,1.1,188,0.1,1.0,2492,0.11,1.1,20,0.105,1.05,1748,0
SPY190830C296,2019-08-29,2019-08-29 09:37:51,0.11,1.1,188,0.1,1.0,5975,0.11,1.1,20,0.105,1.05,1748,0
SPY190830C296,2019-08-29,2019-08-29 09:37:52,0.11,1.1,188,0.1,1.0,5886,0.11,1.1,20,0.105,1.05,1748,0
SPY190830C296,2019-08-29,2019-08-29 09:37:53,0.11,1.1,188,0.1,1.0,5886,0.11,1.1,20,0.105,1.05,1748,0
SPY190830C296,2019-08-29,2019-08-29 09:37:54,0.11,1.1,188,0.1,1.0,5886,0.11,1.1,20,0.105,1.05,1748,0
SPY190830C296,2019-08-29,2019-08-29 09:37:54,0.11,1.1,188,0.1,1.0,5801,0.11,1.1,20,0.105,1.05,1748,0
SPY190830C296,2019-08-29,2019-08-29 09:37:55,0.11,1.1,188,0.1,1.0,4780,0.11,1.1,20,0.105,1.05,1748,0
SPY190830C296,2019-08-29,2019-08-29 09:37:55,0.11,1.1,188,0.1,1.0,5801,0.11,1.1,20,0.105,1.05,1748,0
SPY190830C296,2019-08-29,2019-08-29 09:37:56,0.11,1.1,188,0.1,1.0,4780,0.11,1.1,20,0.105,1.05,1748,0
SPY190830C296,2019-08-29,2019-08-29 09:37:57,0.11,1.1,188,0.1,1.0,4702,0.11,1.1,20,0.105,1.05,1748,0
SPY190830C296,2019-08-29,2019-08-29 09:37:57,0.11,1.1,188,0.1,1.0,4780,0.11,1.1,20,0.105,1.05,1748,0
SPY190830C296,2019-08-29,2019-08-29 09:37:58,0.11,1.1,188,0.1,1.0,4702,0.11,1.1,20,0.105,1.05,1748,0
SPY190830C296,2019-08-29,2019-08-29 09:37:59,0.11,1.1,188,0.1,1.0,4702,0.11,1.1,20,0.105,1.05,1748,0
SPY190830C296,2019-08-29,2019-08-29 09:37:59,0.11,1.1,188,0.1,1.0,4896,0.11,1.1,20,0.105,1.05,1748,0
SPY190830C296,2019-08-29,2019-08-29 09:38:00,0.11,1.1,188,0.1,1.0,6322,0.11,1.1,20,0.105,1.05,1748,0
SPY190830C296,2019-08-29,2019-08-29 09:38:00,0.11,1.1,188,0.1,1.0,3504,0.11,1.1,20,0.105,1.05,1748,0
SPY190830C296,2019-08-29,2019-08-29 09:38:01,0.11,1.1,188,0.1,1.0,4692,0.11,1.1,20,0.105,1.05,1748,0
SPY190830C296,2019-08-29,2019-08-29 09:38:01,0.11,1.1,336,0.1,1.0,5192,0.11,1.1,20,0.105,1.05,1748,0
SPY190830C296,2019-08-29,2019-08-29 09:38:02,0.11,1.1,336,0.1,1.0,5780,0.1,1.0,10,0.105,1.05,1758,10
SPY190830C296,2019-08-29,2019-08-29 09:38:02,0.11,1.1,336,0.1,1.0,5280,0.1,1.0,10,0.105,1.05,1758,0
SPY190830C296,2019-08-29,2019-08-29 09:38:03,0.11,1.1,336,0.1,1.0,5280,0.1,1.0,10,0.105,1.05,1758,0
SPY190830C296,2019-08-29,2019-08-29 09:38:03,0.11,1.1,324,0.1,1.0,5280,0.1,1.0,10,0.105,1.05,1758,0
SPY190830C296,2019-08-29,2019-08-29 09:38:04,0.11,1.1,188,0.1,1.0,3384,0.1,1.0,5,0.105,1.05,1763,5
SPY190830C296,2019-08-29,2019-08-29 09:38:04,0.11,1.1,188,0.1,1.0,5221,0.1,1.0,5,0.105,1.05,1763,0
SPY190830C296,2019-08-29,2019-08-29 09:38:05,0.11,1.1,324,0.1,1.0,6005,0.1,1.0,5,0.105,1.05,1763,0
SPY190830C296,2019-08-29,2019-08-29 09:38:06,0.11,1.1,324,0.1,1.0,4392,0.1,1.0,5,0.105,1.05,1763,0
SPY190830C296,2019-08-29,2019-08-29 09:38:06,0.11,1.1,336,0.1,1.0,4392,0.1,1.0,5,0.105,1.05,1763,0
SPY190830C296,2019-08-29,2019-08-29 09:38:07,0.11,1.1,324,0.1,1.0,4682,0.1,1.0,5,0.105,1.05,1763,0
SPY190830C296,2019-08-29,2019-08-29 09:38:07,0.11,1.1,188,0.1,1.0,4682,0.1,1.0,5,0.105,1.05,1763,0
SPY190830C296,2019-08-29,2019-08-29 09:38:08,0.11,1.1,324,0.1,1.0,4609,0.1,1.0,5,0.105,1.05,1763,0
SPY190830C296,2019-08-29,2019-08-29 09:38:08,0.11,1.1,188,0.1,1.0,4609,0.1,1.0,5,0.105,1.05,1763,0
SPY190830C296,2019-08-29,2019-08-29 09:38:09,0.11,1.1,324,0.1,1.0,4609,0.1,1.0,5,0.105,1.05,1763,0
SPY190830C296,2019-08-29,2019-08-29 09:38:09,0.11,1.1,336,0.1,1.0,6046,0.1,1.0,5,0.105,1.05,1763,0
SPY190830C296,2019-08-29,2019-08-29 09:38:10,0.11,1.1,324,0.1,1.0,4609,0.1,1.0,5,0.105,1.05,1763,0
SPY190830C296,2019-08-29,2019-08-29 09:38:10,0.11,1.1,324,0.1,1.0,6047,0.1,1.0,5,0.105,1.05,1763,0
SPY190830C296,2019-08-29,2019-08-29 09:38:11,0.11,1.1,324,0.1,1.0,6047,0.1,1.0,5,0.105,1.05,1763,0
SPY190830C296,2019-08-29,2019-08-29 09:38:12,0.11,1.1,250,0.1,1.0,6104,0.11,1.1,1,0.105,1.05,1764,0
SPY190830C296,2019-08-29,2019-08-29 09:38:12,0.11,1.1,324,0.1,1.0,5830,0.11,1.1,1,0.105,1.05,1764,1
SPY190830C296,2019-08-29,2019-08-29 09:38:13,0.11,1.1,361,0.1,1.0,6052,0.1,1.0,6,0.105,1.05,1774,0
SPY190830C296,2019-08-29,2019-08-29 09:38:13,0.11,1.1,361,0.1,1.0,6052,0.1,1.0,6,0.105,1.05,1774,10
SPY190830C296,2019-08-29,2019-08-29 09:38:14,0.11,1.1,361,0.1,1.0,6052,0.1,1.0,6,0.105,1.05,1774,0
SPY190830C296,2019-08-29,2019-08-29 09:38:15,0.11,1.1,351,0.1,1.0,6106,0.1,1.0,6,0.105,1.05,1774,0
SPY190830C296,2019-08-29,2019-08-29 09:38:15,0.11,1.1,361,0.1,1.0,6052,0.1,1.0,6,0.105,1.05,1774,0
SPY190830C296,2019-08-29,2019-08-29 09:38:16,0.11,1.1,351,0.1,1.0,6106,0.1,1.0,6,0.105,1.05,1774,0
SPY190830C296,2019-08-29,2019-08-29 09:38:17,0.11,1.1,198,0.1,1.0,4666,0.1,1.0,6,0.105,1.05,1774,0
SPY190830C296,2019-08-29,2019-08-29 09:38:18,0.11,1.1,198,0.1,1.0,5158,0.1,1.0,6,0.105,1.05,1774,0
SPY190830C296,2019-08-29,2019-08-29 09:38:18,0.11,1.1,198,0.1,1.0,4578,0.1,1.0,6,0.105,1.05,1774,0
SPY190830C296,2019-08-29,2019-08-29 09:38:19,0.11,1.1,351,0.1,1.0,5923,0.1,1.0,6,0.105,1.05,1774,0
SPY190830C296,2019-08-29,2019-08-29 09:38:19,0.11,1.1,198,0.1,1.0,5923,0.1,1.0,6,0.105,1.05,1774,0
SPY190830C296,2019-08-29,2019-08-29 09:38:20,0.11,1.1,345,0.1,1.0,4578,0.1,1.0,6,0.105,1.05,1774,0
SPY190830C296,2019-08-29,2019-08-29 09:38:20,0.11,1.1,242,0.1,1.0,2079,0.1,1.0,1,0.105,1.05,1775,1
SPY190830C296,2019-08-29,2019-08-29 09:38:21,0.11,1.1,433,0.1,1.0,1783,0.1,1.0,1,0.105,1.05,1775,0
SPY190830C296,2019-08-29,2019-08-29 09:38:21,0.11,1.1,964,0.1,1.0,2043,0.1,1.0,1,0.105,1.05,1775,0
SPY190830C296,2019-08-29,2019-08-29 09:38:22,0.11,1.1,324,0.1,1.0,3334,0.1,1.0,1,0.105,1.05,1775,0
SPY190830C296,2019-08-29,2019-08-29 09:38:22,0.11,1.1,324,0.1,1.0,3834,0.1,1.0,1,0.105,1.05,1775,0
SPY190830C296,2019-08-29,2019-08-29 09:38:23,0.11,1.1,324,0.1,1.0,5619,0.1,1.0,1,0.105,1.05,1775,0
SPY190830C296,2019-08-29,2019-08-29 09:38:23,0.11,1.1,324,0.1,1.0,3834,0.1,1.0,1,0.105,1.05,1775,0
SPY190830C296,2019-08-29,2019-08-29 09:38:24,0.11,1.1,556,0.1,1.0,4001,0.1,1.0,1,0.105,1.05,1775,0
SPY190830C296,2019-08-29,2019-08-29 09:38:24,0.11,1.1,496,0.1,1.0,5619,0.1,1.0,1,0.105,1.05,1775,0
SPY190830C296,2019-08-29,2019-08-29 09:38:25,0.11,1.1,484,0.1,1.0,3782,0.1,1.0,1,0.105,1.05,1775,0
SPY190830C296,2019-08-29,2019-08-29 09:38:25,0.11,1.1,484,0.1,1.0,4501,0.1,1.0,1,0.105,1.05,1775,0
SPY190830C296,2019-08-29,2019-08-29 09:38:26,0.11,1.1,198,0.1,1.0,4501,0.1,1.0,1,0.105,1.05,1775,0
SPY190830C296,2019-08-29,2019-08-29 09:38:26,0.11,1.1,324,0.1,1.0,3782,0.1,1.0,1,0.105,1.05,1775,0
SPY190830C296,2019-08-29,2019-08-29 09:38:27,0.11,1.1,392,0.1,1.0,5175,0.1,1.0,1,0.105,1.05,1775,0
SPY190830C296,2019-08-29,2019-08-29 09:38:27,0.11,1.1,324,0.1,1.0,5924,0.1,1.0,1,0.105,1.05,1775,0
SPY190830C296,2019-08-29,2019-08-29 09:38:28,0.11,1.1,345,0.1,1.0,5675,0.1,1.0,1,0.105,1.05,1775,0
SPY190830C296,2019-08-29,2019-08-29 09:38:28,0.11,1.1,392,0.1,1.0,5175,0.1,1.0,1,0.105,1.05,1775,0
SPY190830C296,2019-08-29,2019-08-29 09:38:29,0.11,1.1,342,0.1,1.0,5675,0.1,1.0,1,0.105,1.05,1775,0
SPY190830C296,2019-08-29,2019-08-29 09:38:29,0.11,1.1,188,0.1,1.0,4879,0.1,1.0,1,0.105,1.05,1775,0
SPY190830C296,2019-08-29,2019-08-29 09:38:30,0.11,1.1,301,0.1,1.0,5379,0.1,1.0,1,0.105,1.05,1775,0
SPY190830C296,2019-08-29,2019-08-29 09:38:30,0.11,1.1,188,0.1,1.0,4879,0.1,1.0,1,0.105,1.05,1775,0
SPY190830C296,2019-08-29,2019-08-29 09:38:31,0.11,1.1,336,0.1,1.0,5329,0.1,1.0,1,0.105,1.05,1775,0
SPY190830C296,2019-08-29,2019-08-29 09:38:31,0.11,1.1,188,0.1,1.0,5829,0.1,1.0,1,0.105,1.05,1775,0
SPY190830C296,2019-08-29,2019-08-29 09:38:32,0.11,1.1,188,0.1,1.0,6096,0.1,1.0,1,0.105,1.05,1775,0
SPY190830C296,2019-08-29,2019-08-29 09:38:32,0.11,1.1,188,0.1,1.0,6096,0.11,1.1,49,0.105,1.05,1824,49
SPY190830C296,2019-08-29,2019-08-29 09:38:33,0.11,1.1,188,0.1,1.0,6096,0.11,1.1,49,0.105,1.05,1824,0
SPY190830C296,2019-08-29,2019-08-29 09:38:34,0.11,1.1,336,0.1,1.0,6096,0.11,1.1,49,0.105,1.05,1824,0
SPY190830C296,2019-08-29,2019-08-29 09:38:34,0.11,1.1,188,0.1,1.0,6096,0.11,1.1,49,0.105,1.05,1824,0
SPY190830C296,2019-08-29,2019-08-29 09:38:35,0.11,1.1,336,0.1,1.0,6169,0.11,1.1,49,0.105,1.05,1824,0
SPY190830C296,2019-08-29,2019-08-29 09:38:35,0.11,1.1,336,0.1,1.0,6096,0.11,1.1,49,0.105,1.05,1824,0
SPY190830C296,2019-08-29,2019-08-29 09:38:36,0.11,1.1,336,0.1,1.0,6169,0.11,1.1,49,0.105,1.05,1824,0
SPY190830C296,2019-08-29,2019-08-29 09:38:36,0.11,1.1,334,0.1,1.0,6169,0.11,1.1,49,0.105,1.05,1824,0
SPY190830C296,2019-08-29,2019-08-29 09:38:37,0.11,1.1,336,0.1,1.0,6169,0.11,1.1,49,0.105,1.05,1824,0
SPY190830C296,2019-08-29,2019-08-29 09:38:37,0.11,1.1,237,0.1,1.0,6169,0.11,1.1,49,0.105,1.05,1824,0
SPY190830C296,2019-08-29,2019-08-29 09:38:38,0.11,1.1,336,0.1,1.0,6169,0.11,1.1,49,0.105,1.05,1824,0
SPY190830C296,2019-08-29,2019-08-29 09:38:39,0.11,1.1,336,0.1,1.0,6169,0.11,1.1,49,0.105,1.05,1824,0
SPY190830C296,2019-08-29,2019-08-29 09:38:39,0.11,1.1,237,0.1,1.0,6169,0.11,1.1,49,0.105,1.05,1824,0
SPY190830C296,2019-08-29,2019-08-29 09:38:40,0.11,1.1,237,0.1,1.0,6169,0.11,1.1,49,0.105,1.05,1824,0
SPY190830C296,2019-08-29,2019-08-29 09:38:40,0.11,1.1,336,0.1,1.0,6169,0.11,1.1,49,0.105,1.05,1824,0
SPY190830C296,2019-08-29,2019-08-29 09:38:41,0.11,1.1,336,0.1,1.0,6169,0.12,1.2,1,0.105,1.05,1825,1
SPY190830C296,2019-08-29,2019-08-29 09:38:41,0.11,1.1,324,0.1,1.0,4725,0.12,1.2,1,0.105,1.05,1825,0
SPY190830C296,2019-08-29,2019-08-29 09:38:42,0.11,1.1,188,0.1,1.0,4725,0.12,1.2,1,0.105,1.05,1825,0
SPY190830C296,2019-08-29,2019-08-29 09:38:42,0.11,1.1,334,0.1,1.0,4725,0.12,1.2,1,0.105,1.05,1825,0
SPY190830C296,2019-08-29,2019-08-29 09:38:43,0.11,1.1,188,0.1,1.0,4458,0.12,1.2,1,0.105,1.05,1825,0
SPY190830C296,2019-08-29,2019-08-29 09:38:43,0.11,1.1,324,0.1,1.0,5886,0.12,1.2,1,0.105,1.05,1825,0
SPY190830C296,2019-08-29,2019-08-29 09:38:44,0.11,1.1,188,0.1,1.0,5886,0.12,1.2,1,0.105,1.05,1825,0
SPY190830C296,2019-08-29,2019-08-29 09:38:45,0.11,1.1,336,0.1,1.0,6158,0.12,1.2,1,0.105,1.05,1825,0
SPY190830C296,2019-08-29,2019-08-29 09:38:46,0.11,1.1,336,0.1,1.0,5886,0.12,1.2,1,0.105,1.05,1825,0
SPY190830C296,2019-08-29,2019-08-29 09:38:46,0.11,1.1,336,0.1,1.0,6158,0.12,1.2,1,0.105,1.05,1825,0
SPY190830C296,2019-08-29,2019-08-29 09:38:47,0.11,1.1,336,0.1,1.0,6158,0.12,1.2,1,0.105,1.05,1825,0
SPY190830C296,2019-08-29,2019-08-29 09:38:48,0.11,1.1,336,0.1,1.0,6158,0.12,1.2,1,0.105,1.05,1825,0
SPY190830C296,2019-08-29,2019-08-29 09:38:48,0.11,1.1,336,0.1,1.0,6173,0.12,1.2,1,0.105,1.05,1825,0
SPY190830C296,2019-08-29,2019-08-29 09:38:49,0.11,1.1,340,0.1,1.0,6173,0.12,1.2,1,0.105,1.05,1825,0
SPY190830C296,2019-08-29,2019-08-29 09:38:50,0.11,1.1,209,0.1,1.0,5441,0.12,1.2,1,0.105,1.05,1825,0
SPY190830C296,2019-08-29,2019-08-29 09:38:51,0.11,1.1,336,0.1,1.0,5941,0.12,1.2,1,0.105,1.05,1825,0
SPY190830C296,2019-08-29,2019-08-29 09:38:52,0.11,1.1,336,0.1,1.0,5941,0.12,1.2,1,0.105,1.05,1825,0
SPY190830C296,2019-08-29,2019-08-29 09:38:53,0.11,1.1,330,0.1,1.0,5441,0.12,1.2,1,0.105,1.05,1825,0
SPY190830C296,2019-08-29,2019-08-29 09:38:53,0.11,1.1,340,0.1,1.0,5941,0.12,1.2,1,0.105,1.05,1825,0
SPY190830C296,2019-08-29,2019-08-29 09:38:54,0.11,1.1,198,0.1,1.0,5235,0.12,1.2,1,0.105,1.05,1825,0
SPY190830C296,2019-08-29,2019-08-29 09:38:54,0.11,1.1,349,0.1,1.0,5235,0.12,1.2,1,0.105,1.05,1825,0
SPY190830C296,2019-08-29,2019-08-29 09:38:55,0.11,1.1,340,0.1,1.0,5235,0.12,1.2,1,0.105,1.05,1825,0
SPY190830C296,2019-08-29,2019-08-29 09:38:56,0.11,1.1,324,0.1,1.0,5365,0.12,1.2,1,0.105,1.05,1825,0
SPY190830C296,2019-08-29,2019-08-29 09:38:56,0.11,1.1,1541,0.1,1.0,3998,0.12,1.2,1,0.105,1.05,1825,0
SPY190830C296,2019-08-29,2019-08-29 09:38:57,0.11,1.1,1611,0.1,1.0,4123,0.12,1.2,1,0.105,1.05,1825,0
SPY190830C296,2019-08-29,2019-08-29 09:38:57,0.11,1.1,1466,0.1,1.0,3726,0.12,1.2,1,0.105,1.05,1825,0
SPY190830C296,2019-08-29,2019-08-29 09:38:58,0.11,1.1,2393,0.1,1.0,5499,0.12,1.2,1,0.105,1.05,1825,0
SPY190830C296,2019-08-29,2019-08-29 09:38:58,0.11,1.1,1611,0.1,1.0,4123,0.12,1.2,1,0.105,1.05,1825,0
SPY190830C296,2019-08-29,2019-08-29 09:38:59,0.11,1.1,1945,0.1,1.0,5470,0.12,1.2,1,0.105,1.05,1825,0
SPY190830C296,2019-08-29,2019-08-29 09:38:59,0.11,1.1,1945,0.1,1.0,5073,0.12,1.2,1,0.105,1.05,1825,0
SPY190830C296,2019-08-29,2019-08-29 09:39:00,0.11,1.1,324,0.1,1.0,4123,0.12,1.2,1,0.105,1.05,1825,0
SPY190830C296,2019-08-29,2019-08-29 09:39:00,0.11,1.1,324,0.1,1.0,3318,0.12,1.2,1,0.105,1.05,1825,0
SPY190830C296,2019-08-29,2019-08-29 09:39:01,0.11,1.1,324,0.1,1.0,5399,0.12,1.2,1,0.105,1.05,1825,0
SPY190830C296,2019-08-29,2019-08-29 09:39:01,0.11,1.1,324,0.1,1.0,5499,0.12,1.2,1,0.105,1.05,1825,0
SPY190830C296,2019-08-29,2019-08-29 09:39:02,0.11,1.1,324,0.1,1.0,5102,0.12,1.2,1,0.105,1.05,1825,0
SPY190830C296,2019-08-29,2019-08-29 09:39:02,0.11,1.1,324,0.1,1.0,5399,0.12,1.2,1,0.105,1.05,1825,0
SPY190830C296,2019-08-29,2019-08-29 09:39:03,0.11,1.1,336,0.1,1.0,5464,0.12,1.2,1,0.105,1.05,1825,0
SPY190830C296,2019-08-29,2019-08-29 09:39:03,0.11,1.1,324,0.1,1.0,5073,0.12,1.2,1,0.105,1.05,1825,0
SPY190830C296,2019-08-29,2019-08-29 09:39:04,0.11,1.1,236,0.1,1.0,5464,0.12,1.2,1,0.105,1.05,1825,0
SPY190830C296,2019-08-29,2019-08-29 09:39:04,0.11,1.1,236,0.1,1.0,3988,0.12,1.2,1,0.105,1.05,1825,0
SPY190830C296,2019-08-29,2019-08-29 09:39:05,0.11,1.1,236,0.1,1.0,4809,0.12,1.2,1,0.105,1.05,1825,0
SPY190830C296,2019-08-29,2019-08-29 09:39:05,0.11,1.1,324,0.1,1.0,4711,0.12,1.2,1,0.105,1.05,1825,0
SPY190830C296,2019-08-29,2019-08-29 09:39:06,0.11,1.1,188,0.1,1.0,4711,0.12,1.2,1,0.105,1.05,1825,0
SPY190830C296,2019-08-29,2019-08-29 09:39:06,0.11,1.1,320,0.1,1.0,4711,0.12,1.2,1,0.105,1.05,1825,0
SPY190830C296,2019-08-29,2019-08-29 09:39:07,0.11,1.1,188,0.1,1.0,4711,0.12,1.2,1,0.105,1.05,1825,0
SPY190830C296,2019-08-29,2019-08-29 09:39:08,0.11,1.1,317,0.1,1.0,4711,0.12,1.2,1,0.105,1.05,1825,0
SPY190830C296,2019-08-29,2019-08-29 09:39:08,0.11,1.1,188,0.1,1.0,4711,0.12,1.2,1,0.105,1.05,1825,0
SPY190830C296,2019-08-29,2019-08-29 09:39:09,0.11,1.1,188,0.1,1.0,4711,0.12,1.2,1,0.105,1.05,1825,0
SPY190830C296,2019-08-29,2019-08-29 09:39:10,0.11,1.1,324,0.1,1.0,4711,0.12,1.2,1,0.105,1.05,1825,0
SPY190830C296,2019-08-29,2019-08-29 09:39:11,0.11,1.1,333,0.1,1.0,4667,0.12,1.2,1,0.105,1.05,1825,0
SPY190830C296,2019-08-29,2019-08-29 09:39:12,0.11,1.1,275,0.1,1.0,4667,0.12,1.2,1,0.105,1.05,1825,0
SPY190830C296,2019-08-29,2019-08-29 09:39:12,0.11,1.1,188,0.1,1.0,4667,0.12,1.2,1,0.105,1.05,1825,0
SPY190830C296,2019-08-29,2019-08-29 09:39:13,0.11,1.1,188,0.1,1.0,2496,0.12,1.2,1,0.105,1.05,1825,0
SPY190830C296,2019-08-29,2019-08-29 09:39:13,0.11,1.1,188,0.1,1.0,4667,0.12,1.2,1,0.105,1.05,1825,0
SPY190830C296,2019-08-29,2019-08-29 09:39:14,0.11,1.1,188,0.1,1.0,4189,0.12,1.2,1,0.105,1.05,1825,0
SPY190830C296,2019-08-29,2019-08-29 09:39:15,0.11,1.1,324,0.1,1.0,2880,0.12,1.2,1,0.105,1.05,1825,0
SPY190830C296,2019-08-29,2019-08-29 09:39:15,0.11,1.1,324,0.1,1.0,4733,0.12,1.2,1,0.105,1.05,1825,0
SPY190830C296,2019-08-29,2019-08-29 09:39:16,0.11,1.1,188,0.1,1.0,2880,0.12,1.2,1,0.105,1.05,1825,0
SPY190830C296,2019-08-29,2019-08-29 09:39:17,0.11,1.1,324,0.1,1.0,3814,0.12,1.2,1,0.105,1.05,1825,0
SPY190830C296,2019-08-29,2019-08-29 09:39:17,0.11,1.1,313,0.1,1.0,3814,0.12,1.2,1,0.105,1.05,1825,0
SPY190830C296,2019-08-29,2019-08-29 09:39:18,0.11,1.1,268,0.1,1.0,3314,0.12,1.2,1,0.105,1.05,1825,0
SPY190830C296,2019-08-29,2019-08-29 09:39:18,0.11,1.1,299,0.1,1.0,5234,0.12,1.2,1,0.105,1.05,1825,0
SPY190830C296,2019-08-29,2019-08-29 09:39:19,0.11,1.1,299,0.1,1.0,5234,0.12,1.2,1,0.105,1.05,1825,0
SPY190830C296,2019-08-29,2019-08-29 09:39:19,0.11,1.1,351,0.1,1.0,5234,0.12,1.2,1,0.105,1.05,1825,0
SPY190830C296,2019-08-29,2019-08-29 09:39:20,0.11,1.1,1626,0.1,1.0,5234,0.12,1.2,1,0.105,1.05,1825,0
SPY190830C296,2019-08-29,2019-08-29 09:39:20,0.11,1.1,1440,0.1,1.0,5234,0.12,1.2,1,0.105,1.05,1825,0
SPY190830C296,2019-08-29,2019-08-29 09:39:21,0.11,1.1,882,0.1,1.0,5229,0.12,1.2,1,0.105,1.05,1825,0
SPY190830C296,2019-08-29,2019-08-29 09:39:21,0.11,1.1,1056,0.1,1.0,5229,0.12,1.2,1,0.105,1.05,1825,0
SPY190830C296,2019-08-29,2019-08-29 09:39:22,0.11,1.1,502,0.1,1.0,4349,0.12,1.2,1,0.105,1.05,1825,0
SPY190830C296,2019-08-29,2019-08-29 09:39:22,0.11,1.1,565,0.1,1.0,4349,0.12,1.2,1,0.105,1.05,1825,0
SPY190830C296,2019-08-29,2019-08-29 09:39:23,0.11,1.1,4144,0.1,1.0,4635,0.12,1.2,1,0.105,1.05,1825,0
SPY190830C296,2019-08-29,2019-08-29 09:39:24,0.11,1.1,4063,0.1,1.0,4401,0.12,1.2,1,0.105,1.05,1825,0
SPY190830C296,2019-08-29,2019-08-29 09:39:24,0.11,1.1,2470,0.1,1.0,2216,0.12,1.2,1,0.105,1.05,1825,0
SPY190830C296,2019-08-29,2019-08-29 09:39:25,0.11,1.1,4063,0.1,1.0,4794,0.12,1.2,1,0.105,1.05,1825,0
SPY190830C296,2019-08-29,2019-08-29 09:39:25,0.11,1.1,4063,0.1,1.0,4401,0.12,1.2,1,0.105,1.05,1825,0
SPY190830C296,2019-08-29,2019-08-29 09:39:26,0.11,1.1,3325,0.1,1.0,4762,0.12,1.2,1,0.105,1.05,1825,0
SPY190830C296,2019-08-29,2019-08-29 09:39:26,0.11,1.1,4063,0.1,1.0,4794,0.12,1.2,1,0.105,1.05,1825,0
SPY190830C296,2019-08-29,2019-08-29 09:39:27,0.11,1.1,3718,0.1,1.0,5145,0.12,1.2,1,0.105,1.05,1825,0
SPY190830C296,2019-08-29,2019-08-29 09:39:27,0.11,1.1,1880,0.1,1.0,3414,0.12,1.2,1,0.105,1.05,1825,0
SPY190830C296,2019-08-29,2019-08-29 09:39:28,0.11,1.1,2063,0.1,1.0,4336,0.12,1.2,1,0.105,1.05,1825,0
SPY190830C296,2019-08-29,2019-08-29 09:39:28,0.11,1.1,1154,0.1,1.0,3421,0.12,1.2,1,0.105,1.05,1825,0
SPY190830C296,2019-08-29,2019-08-29 09:39:29,0.11,1.1,1154,0.1,1.0,3421,0.12,1.2,1,0.105,1.05,1825,0
SPY190830C296,2019-08-29,2019-08-29 09:39:29,0.11,1.1,2121,0.1,1.0,3921,0.12,1.2,1,0.105,1.05,1825,0
SPY190830C296,2019-08-29,2019-08-29 09:39:30,0.11,1.1,2635,0.1,1.0,3921,0.12,1.2,1,0.105,1.05,1825,0
SPY190830C296,2019-08-29,2019-08-29 09:39:31,0.11,1.1,1701,0.1,1.0,3521,0.12,1.2,1,0.105,1.05,1825,0
SPY190830C296,2019-08-29,2019-08-29 09:39:31,0.11,1.1,2635,0.1,1.0,3921,0.12,1.2,1,0.105,1.05,1825,0
SPY190830C296,2019-08-29,2019-08-29 09:39:32,0.11,1.1,2125,0.1,1.0,3921,0.12,1.2,1,0.105,1.05,1825,0
SPY190830C296,2019-08-29,2019-08-29 09:39:33,0.11,1.1,1154,0.1,1.0,3321,0.12,1.2,1,0.105,1.05,1825,0
SPY190830C296,2019-08-29,2019-08-29 09:39:34,0.11,1.1,2475,0.1,1.0,4842,0.12,1.2,1,0.105,1.05,1825,0
SPY190830C296,2019-08-29,2019-08-29 09:39:35,0.11,1.1,2475,0.1,1.0,4842,0.12,1.2,1,0.105,1.05,1825,0
SPY190830C296,2019-08-29,2019-08-29 09:39:35,0.11,1.1,2898,0.1,1.0,5240,0.12,1.2,1,0.105,1.05,1825,0
SPY190830C296,2019-08-29,2019-08-29 09:39:36,0.11,1.1,2898,0.1,1.0,5240,0.12,1.2,1,0.105,1.05,1825,0
SPY190830C296,2019-08-29,2019-08-29 09:39:36,0.11,1.1,2898,0.1,1.0,4842,0.12,1.2,1,0.105,1.05,1825,0
SPY190830C296,2019-08-29,2019-08-29 09:39:37,0.11,1.1,2197,0.1,1.0,3177,0.12,1.2,1,0.105,1.05,1825,0
SPY190830C296,2019-08-29,2019-08-29 09:39:37,0.11,1.1,2898,0.1,1.0,4842,0.12,1.2,1,0.105,1.05,1825,0
SPY190830C296,2019-08-29,2019-08-29 09:39:38,0.11,1.1,2636,0.1,1.0,4599,0.12,1.2,1,0.105,1.05,1825,0
SPY190830C296,2019-08-29,2019-08-29 09:39:38,0.11,1.1,2730,0.1,1.0,3982,0.12,1.2,1,0.105,1.05,1825,0
SPY190830C296,2019-08-29,2019-08-29 09:39:39,0.11,1.1,2741,0.1,1.0,4537,0.12,1.2,1,0.105,1.05,1825,0
SPY190830C296,2019-08-29,2019-08-29 09:39:40,0.11,1.1,3268,0.1,1.0,5173,0.12,1.2,1,0.105,1.05,1825,0
SPY190830C296,2019-08-29,2019-08-29 09:39:41,0.11,1.1,3268,0.1,1.0,5173,0.12,1.2,1,0.105,1.05,1825,0
SPY190830C296,2019-08-29,2019-08-29 09:39:41,0.11,1.1,1300,0.1,1.0,2498,0.12,1.2,1,0.105,1.05,1825,0
SPY190830C296,2019-08-29,2019-08-29 09:39:42,0.11,1.1,2500,0.1,1.0,4747,0.12,1.2,1,0.105,1.05,1825,0
SPY190830C296,2019-08-29,2019-08-29 09:39:43,0.11,1.1,2223,0.1,1.0,3919,0.12,1.2,1,0.105,1.05,1825,0
SPY190830C296,2019-08-29,2019-08-29 09:39:44,0.11,1.1,188,0.1,1.0,5872,0.12,1.2,1,0.105,1.05,1825,0
SPY190830C296,2019-08-29,2019-08-29 09:39:45,0.11,1.1,336,0.1,1.0,4594,0.12,1.2,1,0.105,1.05,1825,0
SPY190830C296,2019-08-29,2019-08-29 09:39:45,0.11,1.1,492,0.1,1.0,4467,0.12,1.2,1,0.105,1.05,1825,0
SPY190830C296,2019-08-29,2019-08-29 09:39:46,0.11,1.1,188,0.1,1.0,5501,0.12,1.2,1,0.105,1.05,1825,0
SPY190830C296,2019-08-29,2019-08-29 09:39:46,0.11,1.1,188,0.1,1.0,5962,0.12,1.2,1,0.105,1.05,1825,0
SPY190830C296,2019-08-29,2019-08-29 09:39:47,0.11,1.1,324,0.1,1.0,4555,0.12,1.2,1,0.105,1.05,1825,0
SPY190830C296,2019-08-29,2019-08-29 09:39:47,0.11,1.1,188,0.1,1.0,5962,0.12,1.2,1,0.105,1.05,1825,0
SPY190830C296,2019-08-29,2019-08-29 09:39:48,0.11,1.1,336,0.1,1.0,5989,0.12,1.2,1,0.105,1.05,1825,0
