symbol,Date,quote_time,ask_price,norm_ask_price,ask_size,bid_price,norm_bid_price,bid_size,last_trade_price,norm_last_trade_price,last_trade_size,mark_price,norm_mark_price,volume,Volume
SPY190712P297,2019-07-10,2019-07-10 00:21:39,1.1,1.0,230,1.07,0.9727,370,1.15,1.0454,20,1.085,0.9863,0,0
SPY190712P297,2019-07-10,2019-07-10 00:21:44,1.1,1.0,230,1.07,0.9727,370,1.15,1.0454,20,1.085,0.9863,0,0
SPY190712P297,2019-07-10,2019-07-10 00:21:46,1.1,1.0,230,1.07,0.9727,370,1.15,1.0454,20,1.085,0.9863,0,0
SPY190712P297,2019-07-10,2019-07-10 00:21:48,1.1,1.0,230,1.07,0.9727,370,1.15,1.0454,20,1.085,0.9863,0,0
SPY190712P297,2019-07-10,2019-07-10 00:21:49,1.1,1.0,230,1.07,0.9727,370,1.15,1.0454,20,1.085,0.9863,0,0
SPY190712P297,2019-07-10,2019-07-10 00:21:51,1.1,1.0,230,1.07,0.9727,370,1.15,1.0454,20,1.085,0.9863,0,0
SPY190712P297,2019-07-10,2019-07-10 00:21:52,1.1,1.0,230,1.07,0.9727,370,1.15,1.0454,20,1.085,0.9863,0,0
SPY190712P297,2019-07-10,2019-07-10 00:21:54,1.1,1.0,230,1.07,0.9727,370,1.15,1.0454,20,1.085,0.9863,0,0
SPY190712P297,2019-07-10,2019-07-10 00:21:56,1.1,1.0,230,1.07,0.9727,370,1.15,1.0454,20,1.085,0.9863,0,0
SPY190712P297,2019-07-10,2019-07-10 00:21:58,1.1,1.0,230,1.07,0.9727,370,1.15,1.0454,20,1.085,0.9863,0,0
SPY190712P297,2019-07-10,2019-07-10 00:22:00,1.1,1.0,230,1.07,0.9727,370,1.15,1.0454,20,1.085,0.9863,0,0
SPY190712P297,2019-07-10,2019-07-10 00:22:02,1.1,1.0,230,1.07,0.9727,370,1.15,1.0454,20,1.085,0.9863,0,0
SPY190712P297,2019-07-10,2019-07-10 00:22:03,1.1,1.0,230,1.07,0.9727,370,1.15,1.0454,20,1.085,0.9863,0,0
SPY190712P297,2019-07-10,2019-07-10 00:45:15,1.1,1.0,230,1.07,0.9727,370,1.15,1.0454,20,1.085,0.9863,0,0
SPY190712P297,2019-07-10,2019-07-10 00:45:30,1.1,1.0,230,1.07,0.9727,370,1.15,1.0454,20,1.085,0.9863,0,0
SPY190712P297,2019-07-10,2019-07-10 00:45:37,1.1,1.0,230,1.07,0.9727,370,1.15,1.0454,20,1.085,0.9863,0,0
SPY190712P297,2019-07-10,2019-07-10 00:45:39,1.1,1.0,230,1.07,0.9727,370,1.15,1.0454,20,1.085,0.9863,0,0
SPY190712P297,2019-07-10,2019-07-10 00:45:42,1.1,1.0,230,1.07,0.9727,370,1.15,1.0454,20,1.085,0.9863,0,0
SPY190712P297,2019-07-10,2019-07-10 00:45:45,1.1,1.0,230,1.07,0.9727,370,1.15,1.0454,20,1.085,0.9863,0,0
SPY190712P297,2019-07-10,2019-07-10 00:45:49,1.1,1.0,230,1.07,0.9727,370,1.15,1.0454,20,1.085,0.9863,0,0
SPY190712P297,2019-07-10,2019-07-10 00:45:52,1.1,1.0,230,1.07,0.9727,370,1.15,1.0454,20,1.085,0.9863,0,0
SPY190712P297,2019-07-10,2019-07-10 00:45:55,1.1,1.0,230,1.07,0.9727,370,1.15,1.0454,20,1.085,0.9863,0,0
SPY190712P297,2019-07-10,2019-07-10 00:45:58,1.1,1.0,230,1.07,0.9727,370,1.15,1.0454,20,1.085,0.9863,0,0
SPY190712P297,2019-07-10,2019-07-10 00:46:02,1.1,1.0,230,1.07,0.9727,370,1.15,1.0454,20,1.085,0.9863,0,0
SPY190712P297,2019-07-10,2019-07-10 00:46:06,1.1,1.0,230,1.07,0.9727,370,1.15,1.0454,20,1.085,0.9863,0,0
SPY190712P297,2019-07-10,2019-07-10 00:46:12,1.1,1.0,230,1.07,0.9727,370,1.15,1.0454,20,1.085,0.9863,0,0
SPY190712P297,2019-07-10,2019-07-10 00:46:16,1.1,1.0,230,1.07,0.9727,370,1.15,1.0454,20,1.085,0.9863,0,0
SPY190712P297,2019-07-10,2019-07-10 00:46:19,1.1,1.0,230,1.07,0.9727,370,1.15,1.0454,20,1.085,0.9863,0,0
SPY190712P297,2019-07-10,2019-07-10 00:46:24,1.1,1.0,230,1.07,0.9727,370,1.15,1.0454,20,1.085,0.9863,0,0
SPY190712P297,2019-07-10,2019-07-10 00:46:28,1.1,1.0,230,1.07,0.9727,370,1.15,1.0454,20,1.085,0.9863,0,0
SPY190712P297,2019-07-10,2019-07-10 00:46:31,1.1,1.0,230,1.07,0.9727,370,1.15,1.0454,20,1.085,0.9863,0,0
SPY190712P297,2019-07-10,2019-07-10 00:46:34,1.1,1.0,230,1.07,0.9727,370,1.15,1.0454,20,1.085,0.9863,0,0
SPY190712P297,2019-07-10,2019-07-10 00:46:38,1.1,1.0,230,1.07,0.9727,370,1.15,1.0454,20,1.085,0.9863,0,0
SPY190712P297,2019-07-10,2019-07-10 00:46:41,1.1,1.0,230,1.07,0.9727,370,1.15,1.0454,20,1.085,0.9863,0,0
SPY190712P297,2019-07-10,2019-07-10 00:46:45,1.1,1.0,230,1.07,0.9727,370,1.15,1.0454,20,1.085,0.9863,0,0
SPY190712P297,2019-07-10,2019-07-10 00:46:48,1.1,1.0,230,1.07,0.9727,370,1.15,1.0454,20,1.085,0.9863,0,0
SPY190712P297,2019-07-10,2019-07-10 00:46:51,1.1,1.0,230,1.07,0.9727,370,1.15,1.0454,20,1.085,0.9863,0,0
SPY190712P297,2019-07-10,2019-07-10 00:46:54,1.1,1.0,230,1.07,0.9727,370,1.15,1.0454,20,1.085,0.9863,0,0
SPY190712P297,2019-07-10,2019-07-10 00:46:57,1.1,1.0,230,1.07,0.9727,370,1.15,1.0454,20,1.085,0.9863,0,0
SPY190712P297,2019-07-10,2019-07-10 00:46:59,1.1,1.0,230,1.07,0.9727,370,1.15,1.0454,20,1.085,0.9863,0,0
SPY190712P297,2019-07-10,2019-07-10 00:47:03,1.1,1.0,230,1.07,0.9727,370,1.15,1.0454,20,1.085,0.9863,0,0
SPY190712P297,2019-07-10,2019-07-10 00:47:06,1.1,1.0,230,1.07,0.9727,370,1.15,1.0454,20,1.085,0.9863,0,0
SPY190712P297,2019-07-10,2019-07-10 00:47:09,1.1,1.0,230,1.07,0.9727,370,1.15,1.0454,20,1.085,0.9863,0,0
SPY190712P297,2019-07-10,2019-07-10 00:47:12,1.1,1.0,230,1.07,0.9727,370,1.15,1.0454,20,1.085,0.9863,0,0
SPY190712P297,2019-07-10,2019-07-10 00:47:14,1.1,1.0,230,1.07,0.9727,370,1.15,1.0454,20,1.085,0.9863,0,0
SPY190712P297,2019-07-10,2019-07-10 00:47:18,1.1,1.0,230,1.07,0.9727,370,1.15,1.0454,20,1.085,0.9863,0,0
SPY190712P297,2019-07-10,2019-07-10 00:47:20,1.1,1.0,230,1.07,0.9727,370,1.15,1.0454,20,1.085,0.9863,0,0
SPY190712P297,2019-07-10,2019-07-10 00:47:21,1.1,1.0,230,1.07,0.9727,370,1.15,1.0454,20,1.085,0.9863,0,0
SPY190712P297,2019-07-10,2019-07-10 00:47:26,1.1,1.0,230,1.07,0.9727,370,1.15,1.0454,20,1.085,0.9863,0,0
SPY190712P297,2019-07-10,2019-07-10 00:47:29,1.1,1.0,230,1.07,0.9727,370,1.15,1.0454,20,1.085,0.9863,0,0
SPY190712P297,2019-07-10,2019-07-10 00:47:33,1.1,1.0,230,1.07,0.9727,370,1.15,1.0454,20,1.085,0.9863,0,0
SPY190712P297,2019-07-10,2019-07-10 00:47:36,1.1,1.0,230,1.07,0.9727,370,1.15,1.0454,20,1.085,0.9863,0,0
SPY190712P297,2019-07-10,2019-07-10 00:47:39,1.1,1.0,230,1.07,0.9727,370,1.15,1.0454,20,1.085,0.9863,0,0
SPY190712P297,2019-07-10,2019-07-10 00:47:42,1.1,1.0,230,1.07,0.9727,370,1.15,1.0454,20,1.085,0.9863,0,0
SPY190712P297,2019-07-10,2019-07-10 00:47:46,1.1,1.0,230,1.07,0.9727,370,1.15,1.0454,20,1.085,0.9863,0,0
SPY190712P297,2019-07-10,2019-07-10 00:47:49,1.1,1.0,230,1.07,0.9727,370,1.15,1.0454,20,1.085,0.9863,0,0
SPY190712P297,2019-07-10,2019-07-10 00:47:52,1.1,1.0,230,1.07,0.9727,370,1.15,1.0454,20,1.085,0.9863,0,0
SPY190712P297,2019-07-10,2019-07-10 00:47:55,1.1,1.0,230,1.07,0.9727,370,1.15,1.0454,20,1.085,0.9863,0,0
SPY190712P297,2019-07-10,2019-07-10 00:47:58,1.1,1.0,230,1.07,0.9727,370,1.15,1.0454,20,1.085,0.9863,0,0
SPY190712P297,2019-07-10,2019-07-10 00:48:01,1.1,1.0,230,1.07,0.9727,370,1.15,1.0454,20,1.085,0.9863,0,0
SPY190712P297,2019-07-10,2019-07-10 00:48:02,1.1,1.0,230,1.07,0.9727,370,1.15,1.0454,20,1.085,0.9863,0,0
SPY190712P297,2019-07-10,2019-07-10 00:48:05,1.1,1.0,230,1.07,0.9727,370,1.15,1.0454,20,1.085,0.9863,0,0
SPY190712P297,2019-07-10,2019-07-10 00:48:08,1.1,1.0,230,1.07,0.9727,370,1.15,1.0454,20,1.085,0.9863,0,0
SPY190712P297,2019-07-10,2019-07-10 00:48:11,1.1,1.0,230,1.07,0.9727,370,1.15,1.0454,20,1.085,0.9863,0,0
SPY190712P297,2019-07-10,2019-07-10 00:48:14,1.1,1.0,230,1.07,0.9727,370,1.15,1.0454,20,1.085,0.9863,0,0
SPY190712P297,2019-07-10,2019-07-10 00:48:17,1.1,1.0,230,1.07,0.9727,370,1.15,1.0454,20,1.085,0.9863,0,0
SPY190712P297,2019-07-10,2019-07-10 00:48:20,1.1,1.0,230,1.07,0.9727,370,1.15,1.0454,20,1.085,0.9863,0,0
SPY190712P297,2019-07-10,2019-07-10 00:48:24,1.1,1.0,230,1.07,0.9727,370,1.15,1.0454,20,1.085,0.9863,0,0
SPY190712P297,2019-07-10,2019-07-10 00:48:31,1.1,1.0,230,1.07,0.9727,370,1.15,1.0454,20,1.085,0.9863,0,0
SPY190712P297,2019-07-10,2019-07-10 00:48:35,1.1,1.0,230,1.07,0.9727,370,1.15,1.0454,20,1.085,0.9863,0,0
SPY190712P297,2019-07-10,2019-07-10 00:48:40,1.1,1.0,230,1.07,0.9727,370,1.15,1.0454,20,1.085,0.9863,0,0
SPY190712P297,2019-07-10,2019-07-10 00:48:50,1.1,1.0,230,1.07,0.9727,370,1.15,1.0454,20,1.085,0.9863,0,0
SPY190712P297,2019-07-10,2019-07-10 00:49:04,1.1,1.0,230,1.07,0.9727,370,1.15,1.0454,20,1.085,0.9863,0,0
SPY190712P297,2019-07-10,2019-07-10 00:49:11,1.1,1.0,230,1.07,0.9727,370,1.15,1.0454,20,1.085,0.9863,0,0
SPY190712P297,2019-07-10,2019-07-10 00:49:16,1.1,1.0,230,1.07,0.9727,370,1.15,1.0454,20,1.085,0.9863,0,0
SPY190712P297,2019-07-10,2019-07-10 00:49:21,1.1,1.0,230,1.07,0.9727,370,1.15,1.0454,20,1.085,0.9863,0,0
SPY190712P297,2019-07-10,2019-07-10 00:49:27,1.1,1.0,230,1.07,0.9727,370,1.15,1.0454,20,1.085,0.9863,0,0
SPY190712P297,2019-07-10,2019-07-10 00:49:32,1.1,1.0,230,1.07,0.9727,370,1.15,1.0454,20,1.085,0.9863,0,0
SPY190712P297,2019-07-10,2019-07-10 00:49:41,1.1,1.0,230,1.07,0.9727,370,1.15,1.0454,20,1.085,0.9863,0,0
SPY190712P297,2019-07-10,2019-07-10 00:49:47,1.1,1.0,230,1.07,0.9727,370,1.15,1.0454,20,1.085,0.9863,0,0
SPY190712P297,2019-07-10,2019-07-10 00:49:53,1.1,1.0,230,1.07,0.9727,370,1.15,1.0454,20,1.085,0.9863,0,0
SPY190712P297,2019-07-10,2019-07-10 00:49:54,1.1,1.0,230,1.07,0.9727,370,1.15,1.0454,20,1.085,0.9863,0,0
SPY190712P297,2019-07-10,2019-07-10 00:50:01,1.1,1.0,230,1.07,0.9727,370,1.15,1.0454,20,1.085,0.9863,0,0
SPY190712P297,2019-07-10,2019-07-10 00:50:07,1.1,1.0,230,1.07,0.9727,370,1.15,1.0454,20,1.085,0.9863,0,0
SPY190712P297,2019-07-10,2019-07-10 00:50:13,1.1,1.0,230,1.07,0.9727,370,1.15,1.0454,20,1.085,0.9863,0,0
SPY190712P297,2019-07-10,2019-07-10 00:50:20,1.1,1.0,230,1.07,0.9727,370,1.15,1.0454,20,1.085,0.9863,0,0
SPY190712P297,2019-07-10,2019-07-10 00:50:27,1.1,1.0,230,1.07,0.9727,370,1.15,1.0454,20,1.085,0.9863,0,0
SPY190712P297,2019-07-10,2019-07-10 00:50:33,1.1,1.0,230,1.07,0.9727,370,1.15,1.0454,20,1.085,0.9863,0,0
SPY190712P297,2019-07-10,2019-07-10 00:50:39,1.1,1.0,230,1.07,0.9727,370,1.15,1.0454,20,1.085,0.9863,0,0
SPY190712P297,2019-07-10,2019-07-10 00:50:45,1.1,1.0,230,1.07,0.9727,370,1.15,1.0454,20,1.085,0.9863,0,0
SPY190712P297,2019-07-10,2019-07-10 00:50:49,1.1,1.0,230,1.07,0.9727,370,1.15,1.0454,20,1.085,0.9863,0,0
SPY190712P297,2019-07-10,2019-07-10 00:50:55,1.1,1.0,230,1.07,0.9727,370,1.15,1.0454,20,1.085,0.9863,0,0
SPY190712P297,2019-07-10,2019-07-10 00:51:05,1.1,1.0,230,1.07,0.9727,370,1.15,1.0454,20,1.085,0.9863,0,0
SPY190712P297,2019-07-10,2019-07-10 00:51:09,1.1,1.0,230,1.07,0.9727,370,1.15,1.0454,20,1.085,0.9863,0,0
SPY190712P297,2019-07-10,2019-07-10 00:51:12,1.1,1.0,230,1.07,0.9727,370,1.15,1.0454,20,1.085,0.9863,0,0
SPY190712P297,2019-07-10,2019-07-10 00:51:15,1.1,1.0,230,1.07,0.9727,370,1.15,1.0454,20,1.085,0.9863,0,0
SPY190712P297,2019-07-10,2019-07-10 00:51:18,1.1,1.0,230,1.07,0.9727,370,1.15,1.0454,20,1.085,0.9863,0,0
SPY190712P297,2019-07-10,2019-07-10 00:51:21,1.1,1.0,230,1.07,0.9727,370,1.15,1.0454,20,1.085,0.9863,0,0
SPY190712P297,2019-07-10,2019-07-10 00:51:24,1.1,1.0,230,1.07,0.9727,370,1.15,1.0454,20,1.085,0.9863,0,0
SPY190712P297,2019-07-10,2019-07-10 00:51:26,1.1,1.0,230,1.07,0.9727,370,1.15,1.0454,20,1.085,0.9863,0,0
SPY190712P297,2019-07-10,2019-07-10 00:51:29,1.1,1.0,230,1.07,0.9727,370,1.15,1.0454,20,1.085,0.9863,0,0
SPY190712P297,2019-07-10,2019-07-10 00:51:33,1.1,1.0,230,1.07,0.9727,370,1.15,1.0454,20,1.085,0.9863,0,0
SPY190712P297,2019-07-10,2019-07-10 00:51:36,1.1,1.0,230,1.07,0.9727,370,1.15,1.0454,20,1.085,0.9863,0,0
SPY190712P297,2019-07-10,2019-07-10 00:51:39,1.1,1.0,230,1.07,0.9727,370,1.15,1.0454,20,1.085,0.9863,0,0
SPY190712P297,2019-07-10,2019-07-10 00:51:42,1.1,1.0,230,1.07,0.9727,370,1.15,1.0454,20,1.085,0.9863,0,0
SPY190712P297,2019-07-10,2019-07-10 00:51:46,1.1,1.0,230,1.07,0.9727,370,1.15,1.0454,20,1.085,0.9863,0,0
SPY190712P297,2019-07-10,2019-07-10 00:51:50,1.1,1.0,230,1.07,0.9727,370,1.15,1.0454,20,1.085,0.9863,0,0
SPY190712P297,2019-07-10,2019-07-10 00:51:55,1.1,1.0,230,1.07,0.9727,370,1.15,1.0454,20,1.085,0.9863,0,0
SPY190712P297,2019-07-10,2019-07-10 00:52:01,1.1,1.0,230,1.07,0.9727,370,1.15,1.0454,20,1.085,0.9863,0,0
SPY190712P297,2019-07-10,2019-07-10 00:52:05,1.1,1.0,230,1.07,0.9727,370,1.15,1.0454,20,1.085,0.9863,0,0
SPY190712P297,2019-07-10,2019-07-10 00:52:08,1.1,1.0,230,1.07,0.9727,370,1.15,1.0454,20,1.085,0.9863,0,0
SPY190712P297,2019-07-10,2019-07-10 00:52:11,1.1,1.0,230,1.07,0.9727,370,1.15,1.0454,20,1.085,0.9863,0,0
SPY190712P297,2019-07-10,2019-07-10 00:52:15,1.1,1.0,230,1.07,0.9727,370,1.15,1.0454,20,1.085,0.9863,0,0
SPY190712P297,2019-07-10,2019-07-10 00:52:20,1.1,1.0,230,1.07,0.9727,370,1.15,1.0454,20,1.085,0.9863,0,0
SPY190712P297,2019-07-10,2019-07-10 00:52:23,1.1,1.0,230,1.07,0.9727,370,1.15,1.0454,20,1.085,0.9863,0,0
SPY190712P297,2019-07-10,2019-07-10 00:52:27,1.1,1.0,230,1.07,0.9727,370,1.15,1.0454,20,1.085,0.9863,0,0
SPY190712P297,2019-07-10,2019-07-10 00:52:30,1.1,1.0,230,1.07,0.9727,370,1.15,1.0454,20,1.085,0.9863,0,0
SPY190712P297,2019-07-10,2019-07-10 00:52:33,1.1,1.0,230,1.07,0.9727,370,1.15,1.0454,20,1.085,0.9863,0,0
SPY190712P297,2019-07-10,2019-07-10 00:52:37,1.1,1.0,230,1.07,0.9727,370,1.15,1.0454,20,1.085,0.9863,0,0
SPY190712P297,2019-07-10,2019-07-10 00:52:41,1.1,1.0,230,1.07,0.9727,370,1.15,1.0454,20,1.085,0.9863,0,0
SPY190712P297,2019-07-10,2019-07-10 00:52:44,1.1,1.0,230,1.07,0.9727,370,1.15,1.0454,20,1.085,0.9863,0,0
SPY190712P297,2019-07-10,2019-07-10 00:52:48,1.1,1.0,230,1.07,0.9727,370,1.15,1.0454,20,1.085,0.9863,0,0
SPY190712P297,2019-07-10,2019-07-10 00:52:51,1.1,1.0,230,1.07,0.9727,370,1.15,1.0454,20,1.085,0.9863,0,0
SPY190712P297,2019-07-10,2019-07-10 00:52:53,1.1,1.0,230,1.07,0.9727,370,1.15,1.0454,20,1.085,0.9863,0,0
SPY190712P297,2019-07-10,2019-07-10 00:52:57,1.1,1.0,230,1.07,0.9727,370,1.15,1.0454,20,1.085,0.9863,0,0
SPY190712P297,2019-07-10,2019-07-10 00:53:01,1.1,1.0,230,1.07,0.9727,370,1.15,1.0454,20,1.085,0.9863,0,0
SPY190712P297,2019-07-10,2019-07-10 00:53:07,1.1,1.0,230,1.07,0.9727,370,1.15,1.0454,20,1.085,0.9863,0,0
SPY190712P297,2019-07-10,2019-07-10 00:53:12,1.1,1.0,230,1.07,0.9727,370,1.15,1.0454,20,1.085,0.9863,0,0
SPY190712P297,2019-07-10,2019-07-10 00:53:16,1.1,1.0,230,1.07,0.9727,370,1.15,1.0454,20,1.085,0.9863,0,0
SPY190712P297,2019-07-10,2019-07-10 00:53:17,1.1,1.0,230,1.07,0.9727,370,1.15,1.0454,20,1.085,0.9863,0,0
SPY190712P297,2019-07-10,2019-07-10 00:53:23,1.1,1.0,230,1.07,0.9727,370,1.15,1.0454,20,1.085,0.9863,0,0
SPY190712P297,2019-07-10,2019-07-10 00:53:27,1.1,1.0,230,1.07,0.9727,370,1.15,1.0454,20,1.085,0.9863,0,0
SPY190712P297,2019-07-10,2019-07-10 00:53:36,1.1,1.0,230,1.07,0.9727,370,1.15,1.0454,20,1.085,0.9863,0,0
SPY190712P297,2019-07-10,2019-07-10 00:53:42,1.1,1.0,230,1.07,0.9727,370,1.15,1.0454,20,1.085,0.9863,0,0
SPY190712P297,2019-07-10,2019-07-10 00:53:44,1.1,1.0,230,1.07,0.9727,370,1.15,1.0454,20,1.085,0.9863,0,0
SPY190712P297,2019-07-10,2019-07-10 00:53:50,1.1,1.0,230,1.07,0.9727,370,1.15,1.0454,20,1.085,0.9863,0,0
SPY190712P297,2019-07-10,2019-07-10 00:54:06,1.1,1.0,230,1.07,0.9727,370,1.15,1.0454,20,1.085,0.9863,0,0
SPY190712P297,2019-07-10,2019-07-10 00:54:08,1.1,1.0,230,1.07,0.9727,370,1.15,1.0454,20,1.085,0.9863,0,0
SPY190712P297,2019-07-10,2019-07-10 00:54:14,1.1,1.0,230,1.07,0.9727,370,1.15,1.0454,20,1.085,0.9863,0,0
SPY190712P297,2019-07-10,2019-07-10 00:54:20,1.1,1.0,230,1.07,0.9727,370,1.15,1.0454,20,1.085,0.9863,0,0
SPY190712P297,2019-07-10,2019-07-10 00:54:32,1.1,1.0,230,1.07,0.9727,370,1.15,1.0454,20,1.085,0.9863,0,0
SPY190712P297,2019-07-10,2019-07-10 00:54:38,1.1,1.0,230,1.07,0.9727,370,1.15,1.0454,20,1.085,0.9863,0,0
SPY190712P297,2019-07-10,2019-07-10 00:54:39,1.1,1.0,230,1.07,0.9727,370,1.15,1.0454,20,1.085,0.9863,0,0
SPY190712P297,2019-07-10,2019-07-10 00:54:45,1.1,1.0,230,1.07,0.9727,370,1.15,1.0454,20,1.085,0.9863,0,0
SPY190712P297,2019-07-10,2019-07-10 00:54:46,1.1,1.0,230,1.07,0.9727,370,1.15,1.0454,20,1.085,0.9863,0,0
SPY190712P297,2019-07-10,2019-07-10 00:55:01,1.1,1.0,230,1.07,0.9727,370,1.15,1.0454,20,1.085,0.9863,0,0
SPY190712P297,2019-07-10,2019-07-10 00:55:07,1.1,1.0,230,1.07,0.9727,370,1.15,1.0454,20,1.085,0.9863,0,0
SPY190712P297,2019-07-10,2019-07-10 00:55:13,1.1,1.0,230,1.07,0.9727,370,1.15,1.0454,20,1.085,0.9863,0,0
SPY190712P297,2019-07-10,2019-07-10 00:55:23,1.1,1.0,230,1.07,0.9727,370,1.15,1.0454,20,1.085,0.9863,0,0
SPY190712P297,2019-07-10,2019-07-10 00:55:29,1.1,1.0,230,1.07,0.9727,370,1.15,1.0454,20,1.085,0.9863,0,0
SPY190712P297,2019-07-10,2019-07-10 00:55:37,1.1,1.0,230,1.07,0.9727,370,1.15,1.0454,20,1.085,0.9863,0,0
SPY190712P297,2019-07-10,2019-07-10 00:55:39,1.1,1.0,230,1.07,0.9727,370,1.15,1.0454,20,1.085,0.9863,0,0
SPY190712P297,2019-07-10,2019-07-10 00:55:46,1.1,1.0,230,1.07,0.9727,370,1.15,1.0454,20,1.085,0.9863,0,0
SPY190712P297,2019-07-10,2019-07-10 00:55:56,1.1,1.0,230,1.07,0.9727,370,1.15,1.0454,20,1.085,0.9863,0,0
SPY190712P297,2019-07-10,2019-07-10 00:56:01,1.1,1.0,230,1.07,0.9727,370,1.15,1.0454,20,1.085,0.9863,0,0
SPY190712P297,2019-07-10,2019-07-10 00:56:05,1.1,1.0,230,1.07,0.9727,370,1.15,1.0454,20,1.085,0.9863,0,0
SPY190712P297,2019-07-10,2019-07-10 00:56:09,1.1,1.0,230,1.07,0.9727,370,1.15,1.0454,20,1.085,0.9863,0,0
SPY190712P297,2019-07-10,2019-07-10 00:56:17,1.1,1.0,230,1.07,0.9727,370,1.15,1.0454,20,1.085,0.9863,0,0
SPY190712P297,2019-07-10,2019-07-10 00:56:24,1.1,1.0,230,1.07,0.9727,370,1.15,1.0454,20,1.085,0.9863,0,0
SPY190712P297,2019-07-10,2019-07-10 00:56:27,1.1,1.0,230,1.07,0.9727,370,1.15,1.0454,20,1.085,0.9863,0,0
SPY190712P297,2019-07-10,2019-07-10 00:56:32,1.1,1.0,230,1.07,0.9727,370,1.15,1.0454,20,1.085,0.9863,0,0
SPY190712P297,2019-07-10,2019-07-10 00:56:34,1.1,1.0,230,1.07,0.9727,370,1.15,1.0454,20,1.085,0.9863,0,0
SPY190712P297,2019-07-10,2019-07-10 00:56:38,1.1,1.0,230,1.07,0.9727,370,1.15,1.0454,20,1.085,0.9863,0,0
SPY190712P297,2019-07-10,2019-07-10 00:56:41,1.1,1.0,230,1.07,0.9727,370,1.15,1.0454,20,1.085,0.9863,0,0
SPY190712P297,2019-07-10,2019-07-10 00:56:44,1.1,1.0,230,1.07,0.9727,370,1.15,1.0454,20,1.085,0.9863,0,0
SPY190712P297,2019-07-10,2019-07-10 00:56:49,1.1,1.0,230,1.07,0.9727,370,1.15,1.0454,20,1.085,0.9863,0,0
SPY190712P297,2019-07-10,2019-07-10 00:56:52,1.1,1.0,230,1.07,0.9727,370,1.15,1.0454,20,1.085,0.9863,0,0
SPY190712P297,2019-07-10,2019-07-10 00:56:53,1.1,1.0,230,1.07,0.9727,370,1.15,1.0454,20,1.085,0.9863,0,0
SPY190712P297,2019-07-10,2019-07-10 00:56:57,1.1,1.0,230,1.07,0.9727,370,1.15,1.0454,20,1.085,0.9863,0,0
SPY190712P297,2019-07-10,2019-07-10 00:57:00,1.1,1.0,230,1.07,0.9727,370,1.15,1.0454,20,1.085,0.9863,0,0
SPY190712P297,2019-07-10,2019-07-10 00:57:04,1.1,1.0,230,1.07,0.9727,370,1.15,1.0454,20,1.085,0.9863,0,0
SPY190712P297,2019-07-10,2019-07-10 00:57:08,1.1,1.0,230,1.07,0.9727,370,1.15,1.0454,20,1.085,0.9863,0,0
SPY190712P297,2019-07-10,2019-07-10 00:57:09,1.1,1.0,230,1.07,0.9727,370,1.15,1.0454,20,1.085,0.9863,0,0
SPY190712P297,2019-07-10,2019-07-10 00:57:12,1.1,1.0,230,1.07,0.9727,370,1.15,1.0454,20,1.085,0.9863,0,0
SPY190712P297,2019-07-10,2019-07-10 00:57:15,1.1,1.0,230,1.07,0.9727,370,1.15,1.0454,20,1.085,0.9863,0,0
SPY190712P297,2019-07-10,2019-07-10 00:57:18,1.1,1.0,230,1.07,0.9727,370,1.15,1.0454,20,1.085,0.9863,0,0
SPY190712P297,2019-07-10,2019-07-10 00:57:21,1.1,1.0,230,1.07,0.9727,370,1.15,1.0454,20,1.085,0.9863,0,0
SPY190712P297,2019-07-10,2019-07-10 00:57:23,1.1,1.0,230,1.07,0.9727,370,1.15,1.0454,20,1.085,0.9863,0,0
SPY190712P297,2019-07-10,2019-07-10 00:57:25,1.1,1.0,230,1.07,0.9727,370,1.15,1.0454,20,1.085,0.9863,0,0
SPY190712P297,2019-07-10,2019-07-10 00:57:28,1.1,1.0,230,1.07,0.9727,370,1.15,1.0454,20,1.085,0.9863,0,0
SPY190712P297,2019-07-10,2019-07-10 00:57:49,1.1,1.0,230,1.07,0.9727,370,1.15,1.0454,20,1.085,0.9863,0,0
SPY190712P297,2019-07-10,2019-07-10 00:57:54,1.1,1.0,230,1.07,0.9727,370,1.15,1.0454,20,1.085,0.9863,0,0
SPY190712P297,2019-07-10,2019-07-10 00:57:58,1.1,1.0,230,1.07,0.9727,370,1.15,1.0454,20,1.085,0.9863,0,0
SPY190712P297,2019-07-10,2019-07-10 00:58:02,1.1,1.0,230,1.07,0.9727,370,1.15,1.0454,20,1.085,0.9863,0,0
SPY190712P297,2019-07-10,2019-07-10 00:58:11,1.1,1.0,230,1.07,0.9727,370,1.15,1.0454,20,1.085,0.9863,0,0
SPY190712P297,2019-07-10,2019-07-10 00:58:21,1.1,1.0,230,1.07,0.9727,370,1.15,1.0454,20,1.085,0.9863,0,0
SPY190712P297,2019-07-10,2019-07-10 00:58:23,1.1,1.0,230,1.07,0.9727,370,1.15,1.0454,20,1.085,0.9863,0,0
SPY190712P297,2019-07-10,2019-07-10 00:58:25,1.1,1.0,230,1.07,0.9727,370,1.15,1.0454,20,1.085,0.9863,0,0
SPY190712P297,2019-07-10,2019-07-10 00:58:29,1.1,1.0,230,1.07,0.9727,370,1.15,1.0454,20,1.085,0.9863,0,0
SPY190712P297,2019-07-10,2019-07-10 00:58:37,1.1,1.0,230,1.07,0.9727,370,1.15,1.0454,20,1.085,0.9863,0,0
SPY190712P297,2019-07-10,2019-07-10 00:58:42,1.1,1.0,230,1.07,0.9727,370,1.15,1.0454,20,1.085,0.9863,0,0
SPY190712P297,2019-07-10,2019-07-10 00:58:59,1.1,1.0,230,1.07,0.9727,370,1.15,1.0454,20,1.085,0.9863,0,0
SPY190712P297,2019-07-10,2019-07-10 00:59:09,1.1,1.0,230,1.07,0.9727,370,1.15,1.0454,20,1.085,0.9863,0,0
SPY190712P297,2019-07-10,2019-07-10 00:59:10,1.1,1.0,230,1.07,0.9727,370,1.15,1.0454,20,1.085,0.9863,0,0
SPY190712P297,2019-07-10,2019-07-10 00:59:14,1.1,1.0,230,1.07,0.9727,370,1.15,1.0454,20,1.085,0.9863,0,0
SPY190712P297,2019-07-10,2019-07-10 00:59:20,1.1,1.0,230,1.07,0.9727,370,1.15,1.0454,20,1.085,0.9863,0,0
SPY190712P297,2019-07-10,2019-07-10 00:59:25,1.1,1.0,230,1.07,0.9727,370,1.15,1.0454,20,1.085,0.9863,0,0
SPY190712P297,2019-07-10,2019-07-10 00:59:31,1.1,1.0,230,1.07,0.9727,370,1.15,1.0454,20,1.085,0.9863,0,0
SPY190712P297,2019-07-10,2019-07-10 00:59:36,1.1,1.0,230,1.07,0.9727,370,1.15,1.0454,20,1.085,0.9863,0,0
SPY190712P297,2019-07-10,2019-07-10 00:59:40,1.1,1.0,230,1.07,0.9727,370,1.15,1.0454,20,1.085,0.9863,0,0
SPY190712P297,2019-07-10,2019-07-10 00:59:48,1.1,1.0,230,1.07,0.9727,370,1.15,1.0454,20,1.085,0.9863,0,0
SPY190712P297,2019-07-10,2019-07-10 00:59:55,1.1,1.0,230,1.07,0.9727,370,1.15,1.0454,20,1.085,0.9863,0,0
SPY190712P297,2019-07-10,2019-07-10 01:00:00,1.1,1.0,230,1.07,0.9727,370,1.15,1.0454,20,1.085,0.9863,0,0
SPY190712P297,2019-07-10,2019-07-10 01:00:04,1.1,1.0,230,1.07,0.9727,370,1.15,1.0454,20,1.085,0.9863,0,0
SPY190712P297,2019-07-10,2019-07-10 01:00:12,1.1,1.0,230,1.07,0.9727,370,1.15,1.0454,20,1.085,0.9863,0,0
SPY190712P297,2019-07-10,2019-07-10 01:00:15,1.1,1.0,230,1.07,0.9727,370,1.15,1.0454,20,1.085,0.9863,0,0
SPY190712P297,2019-07-10,2019-07-10 01:00:34,1.1,1.0,230,1.07,0.9727,370,1.15,1.0454,20,1.085,0.9863,0,0
SPY190712P297,2019-07-10,2019-07-10 01:00:52,1.1,1.0,230,1.07,0.9727,370,1.15,1.0454,20,1.085,0.9863,0,0
SPY190712P297,2019-07-10,2019-07-10 01:01:16,1.1,1.0,230,1.07,0.9727,370,1.15,1.0454,20,1.085,0.9863,0,0
SPY190712P297,2019-07-10,2019-07-10 01:01:20,1.1,1.0,230,1.07,0.9727,370,1.15,1.0454,20,1.085,0.9863,0,0
SPY190712P297,2019-07-10,2019-07-10 01:01:30,1.1,1.0,230,1.07,0.9727,370,1.15,1.0454,20,1.085,0.9863,0,0
SPY190712P297,2019-07-10,2019-07-10 01:01:34,1.1,1.0,230,1.07,0.9727,370,1.15,1.0454,20,1.085,0.9863,0,0
SPY190712P297,2019-07-10,2019-07-10 01:01:37,1.1,1.0,230,1.07,0.9727,370,1.15,1.0454,20,1.085,0.9863,0,0
SPY190712P297,2019-07-10,2019-07-10 01:01:41,1.1,1.0,230,1.07,0.9727,370,1.15,1.0454,20,1.085,0.9863,0,0
SPY190712P297,2019-07-10,2019-07-10 01:01:45,1.1,1.0,230,1.07,0.9727,370,1.15,1.0454,20,1.085,0.9863,0,0
SPY190712P297,2019-07-10,2019-07-10 01:01:48,1.1,1.0,230,1.07,0.9727,370,1.15,1.0454,20,1.085,0.9863,0,0
SPY190712P297,2019-07-10,2019-07-10 01:01:52,1.1,1.0,230,1.07,0.9727,370,1.15,1.0454,20,1.085,0.9863,0,0
SPY190712P297,2019-07-10,2019-07-10 01:01:55,1.1,1.0,230,1.07,0.9727,370,1.15,1.0454,20,1.085,0.9863,0,0
SPY190712P297,2019-07-10,2019-07-10 01:01:59,1.1,1.0,230,1.07,0.9727,370,1.15,1.0454,20,1.085,0.9863,0,0
SPY190712P297,2019-07-10,2019-07-10 01:02:02,1.1,1.0,230,1.07,0.9727,370,1.15,1.0454,20,1.085,0.9863,0,0
SPY190712P297,2019-07-10,2019-07-10 01:02:03,1.1,1.0,230,1.07,0.9727,370,1.15,1.0454,20,1.085,0.9863,0,0
SPY190712P297,2019-07-10,2019-07-10 01:02:07,1.1,1.0,230,1.07,0.9727,370,1.15,1.0454,20,1.085,0.9863,0,0
SPY190712P297,2019-07-10,2019-07-10 01:02:11,1.1,1.0,230,1.07,0.9727,370,1.15,1.0454,20,1.085,0.9863,0,0
SPY190712P297,2019-07-10,2019-07-10 01:02:14,1.1,1.0,230,1.07,0.9727,370,1.15,1.0454,20,1.085,0.9863,0,0
SPY190712P297,2019-07-10,2019-07-10 01:02:17,1.1,1.0,230,1.07,0.9727,370,1.15,1.0454,20,1.085,0.9863,0,0
SPY190712P297,2019-07-10,2019-07-10 01:02:24,1.1,1.0,230,1.07,0.9727,370,1.15,1.0454,20,1.085,0.9863,0,0
SPY190712P297,2019-07-10,2019-07-10 01:02:27,1.1,1.0,230,1.07,0.9727,370,1.15,1.0454,20,1.085,0.9863,0,0
SPY190712P297,2019-07-10,2019-07-10 01:02:30,1.1,1.0,230,1.07,0.9727,370,1.15,1.0454,20,1.085,0.9863,0,0
SPY190712P297,2019-07-10,2019-07-10 01:02:34,1.1,1.0,230,1.07,0.9727,370,1.15,1.0454,20,1.085,0.9863,0,0
SPY190712P297,2019-07-10,2019-07-10 01:02:37,1.1,1.0,230,1.07,0.9727,370,1.15,1.0454,20,1.085,0.9863,0,0
SPY190712P297,2019-07-10,2019-07-10 01:02:40,1.1,1.0,230,1.07,0.9727,370,1.15,1.0454,20,1.085,0.9863,0,0
SPY190712P297,2019-07-10,2019-07-10 01:02:44,1.1,1.0,230,1.07,0.9727,370,1.15,1.0454,20,1.085,0.9863,0,0
SPY190712P297,2019-07-10,2019-07-10 01:02:47,1.1,1.0,230,1.07,0.9727,370,1.15,1.0454,20,1.085,0.9863,0,0
SPY190712P297,2019-07-10,2019-07-10 01:02:50,1.1,1.0,230,1.07,0.9727,370,1.15,1.0454,20,1.085,0.9863,0,0
SPY190712P297,2019-07-10,2019-07-10 01:02:54,1.1,1.0,230,1.07,0.9727,370,1.15,1.0454,20,1.085,0.9863,0,0
SPY190712P297,2019-07-10,2019-07-10 01:02:58,1.1,1.0,230,1.07,0.9727,370,1.15,1.0454,20,1.085,0.9863,0,0
SPY190712P297,2019-07-10,2019-07-10 01:03:03,1.1,1.0,230,1.07,0.9727,370,1.15,1.0454,20,1.085,0.9863,0,0
SPY190712P297,2019-07-10,2019-07-10 01:03:14,1.1,1.0,230,1.07,0.9727,370,1.15,1.0454,20,1.085,0.9863,0,0
SPY190712P297,2019-07-10,2019-07-10 01:03:20,1.1,1.0,230,1.07,0.9727,370,1.15,1.0454,20,1.085,0.9863,0,0
SPY190712P297,2019-07-10,2019-07-10 01:03:28,1.1,1.0,230,1.07,0.9727,370,1.15,1.0454,20,1.085,0.9863,0,0
SPY190712P297,2019-07-10,2019-07-10 01:03:33,1.1,1.0,230,1.07,0.9727,370,1.15,1.0454,20,1.085,0.9863,0,0
SPY190712P297,2019-07-10,2019-07-10 01:03:39,1.1,1.0,230,1.07,0.9727,370,1.15,1.0454,20,1.085,0.9863,0,0
SPY190712P297,2019-07-10,2019-07-10 01:03:45,1.1,1.0,230,1.07,0.9727,370,1.15,1.0454,20,1.085,0.9863,0,0
SPY190712P297,2019-07-10,2019-07-10 01:03:51,1.1,1.0,230,1.07,0.9727,370,1.15,1.0454,20,1.085,0.9863,0,0
SPY190712P297,2019-07-10,2019-07-10 01:03:57,1.1,1.0,230,1.07,0.9727,370,1.15,1.0454,20,1.085,0.9863,0,0
SPY190712P297,2019-07-10,2019-07-10 01:03:58,1.1,1.0,230,1.07,0.9727,370,1.15,1.0454,20,1.085,0.9863,0,0
SPY190712P297,2019-07-10,2019-07-10 01:04:05,1.1,1.0,230,1.07,0.9727,370,1.15,1.0454,20,1.085,0.9863,0,0
SPY190712P297,2019-07-10,2019-07-10 01:04:17,1.1,1.0,230,1.07,0.9727,370,1.15,1.0454,20,1.085,0.9863,0,0
SPY190712P297,2019-07-10,2019-07-10 01:04:25,1.1,1.0,230,1.07,0.9727,370,1.15,1.0454,20,1.085,0.9863,0,0
SPY190712P297,2019-07-10,2019-07-10 01:04:33,1.1,1.0,230,1.07,0.9727,370,1.15,1.0454,20,1.085,0.9863,0,0
SPY190712P297,2019-07-10,2019-07-10 01:04:42,1.1,1.0,230,1.07,0.9727,370,1.15,1.0454,20,1.085,0.9863,0,0
SPY190712P297,2019-07-10,2019-07-10 01:04:49,1.1,1.0,230,1.07,0.9727,370,1.15,1.0454,20,1.085,0.9863,0,0
SPY190712P297,2019-07-10,2019-07-10 01:04:56,1.1,1.0,230,1.07,0.9727,370,1.15,1.0454,20,1.085,0.9863,0,0
SPY190712P297,2019-07-10,2019-07-10 01:04:57,1.1,1.0,230,1.07,0.9727,370,1.15,1.0454,20,1.085,0.9863,0,0
SPY190712P297,2019-07-10,2019-07-10 01:05:06,1.1,1.0,230,1.07,0.9727,370,1.15,1.0454,20,1.085,0.9863,0,0
SPY190712P297,2019-07-10,2019-07-10 01:05:14,1.1,1.0,230,1.07,0.9727,370,1.15,1.0454,20,1.085,0.9863,0,0
SPY190712P297,2019-07-10,2019-07-10 01:05:23,1.1,1.0,230,1.07,0.9727,370,1.15,1.0454,20,1.085,0.9863,0,0
SPY190712P297,2019-07-10,2019-07-10 01:05:31,1.1,1.0,230,1.07,0.9727,370,1.15,1.0454,20,1.085,0.9863,0,0
SPY190712P297,2019-07-10,2019-07-10 01:05:39,1.1,1.0,230,1.07,0.9727,370,1.15,1.0454,20,1.085,0.9863,0,0
SPY190712P297,2019-07-10,2019-07-10 01:05:46,1.1,1.0,230,1.07,0.9727,370,1.15,1.0454,20,1.085,0.9863,0,0
SPY190712P297,2019-07-10,2019-07-10 01:05:53,1.1,1.0,230,1.07,0.9727,370,1.15,1.0454,20,1.085,0.9863,0,0
SPY190712P297,2019-07-10,2019-07-10 01:06:00,1.1,1.0,230,1.07,0.9727,370,1.15,1.0454,20,1.085,0.9863,0,0
SPY190712P297,2019-07-10,2019-07-10 01:06:06,1.1,1.0,230,1.07,0.9727,370,1.15,1.0454,20,1.085,0.9863,0,0
SPY190712P297,2019-07-10,2019-07-10 01:06:13,1.1,1.0,230,1.07,0.9727,370,1.15,1.0454,20,1.085,0.9863,0,0
SPY190712P297,2019-07-10,2019-07-10 01:06:19,1.1,1.0,230,1.07,0.9727,370,1.15,1.0454,20,1.085,0.9863,0,0
SPY190712P297,2019-07-10,2019-07-10 01:06:23,1.1,1.0,230,1.07,0.9727,370,1.15,1.0454,20,1.085,0.9863,0,0
SPY190712P297,2019-07-10,2019-07-10 01:06:28,1.1,1.0,230,1.07,0.9727,370,1.15,1.0454,20,1.085,0.9863,0,0
SPY190712P297,2019-07-10,2019-07-10 01:06:32,1.1,1.0,230,1.07,0.9727,370,1.15,1.0454,20,1.085,0.9863,0,0
SPY190712P297,2019-07-10,2019-07-10 01:06:37,1.1,1.0,230,1.07,0.9727,370,1.15,1.0454,20,1.085,0.9863,0,0
SPY190712P297,2019-07-10,2019-07-10 01:06:42,1.1,1.0,230,1.07,0.9727,370,1.15,1.0454,20,1.085,0.9863,0,0
SPY190712P297,2019-07-10,2019-07-10 01:06:47,1.1,1.0,230,1.07,0.9727,370,1.15,1.0454,20,1.085,0.9863,0,0
SPY190712P297,2019-07-10,2019-07-10 01:06:51,1.1,1.0,230,1.07,0.9727,370,1.15,1.0454,20,1.085,0.9863,0,0
SPY190712P297,2019-07-10,2019-07-10 01:06:55,1.1,1.0,230,1.07,0.9727,370,1.15,1.0454,20,1.085,0.9863,0,0
SPY190712P297,2019-07-10,2019-07-10 01:06:58,1.1,1.0,230,1.07,0.9727,370,1.15,1.0454,20,1.085,0.9863,0,0
SPY190712P297,2019-07-10,2019-07-10 01:07:02,1.1,1.0,230,1.07,0.9727,370,1.15,1.0454,20,1.085,0.9863,0,0
SPY190712P297,2019-07-10,2019-07-10 01:07:05,1.1,1.0,230,1.07,0.9727,370,1.15,1.0454,20,1.085,0.9863,0,0
SPY190712P297,2019-07-10,2019-07-10 01:07:09,1.1,1.0,230,1.07,0.9727,370,1.15,1.0454,20,1.085,0.9863,0,0
SPY190712P297,2019-07-10,2019-07-10 01:07:13,1.1,1.0,230,1.07,0.9727,370,1.15,1.0454,20,1.085,0.9863,0,0
SPY190712P297,2019-07-10,2019-07-10 01:07:17,1.1,1.0,230,1.07,0.9727,370,1.15,1.0454,20,1.085,0.9863,0,0
SPY190712P297,2019-07-10,2019-07-10 01:07:21,1.1,1.0,230,1.07,0.9727,370,1.15,1.0454,20,1.085,0.9863,0,0
SPY190712P297,2019-07-10,2019-07-10 01:07:25,1.1,1.0,230,1.07,0.9727,370,1.15,1.0454,20,1.085,0.9863,0,0
SPY190712P297,2019-07-10,2019-07-10 01:07:32,1.1,1.0,230,1.07,0.9727,370,1.15,1.0454,20,1.085,0.9863,0,0
SPY190712P297,2019-07-10,2019-07-10 01:07:36,1.1,1.0,230,1.07,0.9727,370,1.15,1.0454,20,1.085,0.9863,0,0
SPY190712P297,2019-07-10,2019-07-10 01:07:40,1.1,1.0,230,1.07,0.9727,370,1.15,1.0454,20,1.085,0.9863,0,0
SPY190712P297,2019-07-10,2019-07-10 01:07:43,1.1,1.0,230,1.07,0.9727,370,1.15,1.0454,20,1.085,0.9863,0,0
SPY190712P297,2019-07-10,2019-07-10 01:07:46,1.1,1.0,230,1.07,0.9727,370,1.15,1.0454,20,1.085,0.9863,0,0
SPY190712P297,2019-07-10,2019-07-10 01:07:50,1.1,1.0,230,1.07,0.9727,370,1.15,1.0454,20,1.085,0.9863,0,0
SPY190712P297,2019-07-10,2019-07-10 01:07:56,1.1,1.0,230,1.07,0.9727,370,1.15,1.0454,20,1.085,0.9863,0,0
SPY190712P297,2019-07-10,2019-07-10 01:07:59,1.1,1.0,230,1.07,0.9727,370,1.15,1.0454,20,1.085,0.9863,0,0
SPY190712P297,2019-07-10,2019-07-10 03:04:28,1.1,1.0,230,1.07,0.9727,370,1.15,1.0454,20,1.085,0.9863,0,0
SPY190712P297,2019-07-10,2019-07-10 03:04:29,1.1,1.0,230,1.07,0.9727,370,1.15,1.0454,20,1.085,0.9863,0,0
SPY190712P297,2019-07-10,2019-07-10 03:04:30,1.1,1.0,230,1.07,0.9727,370,1.15,1.0454,20,1.085,0.9863,0,0
SPY190712P297,2019-07-10,2019-07-10 03:04:31,1.1,1.0,230,1.07,0.9727,370,1.15,1.0454,20,1.085,0.9863,0,0
SPY190712P297,2019-07-10,2019-07-10 09:29:32,0.69,0.6272,519,0.68,0.6181,1,0.67,0.609,1,0.685,0.6227,0,0
SPY190712P297,2019-07-10,2019-07-10 09:29:33,0.68,0.6181,613,0.67,0.609,18,0.67,0.609,10,0.675,0.6136,0,0
SPY190712P297,2019-07-10,2019-07-10 09:29:34,0.67,0.609,5,0.66,0.6,151,0.67,0.609,10,0.665,0.6045,0,0
SPY190712P297,2019-07-10,2019-07-10 09:29:35,0.67,0.609,5,0.66,0.6,76,0.66,0.6,5,0.665,0.6045,0,0
SPY190712P297,2019-07-10,2019-07-10 09:29:35,0.67,0.609,5,0.66,0.6,151,0.66,0.6,5,0.665,0.6045,0,0
SPY190712P297,2019-07-10,2019-07-10 09:29:36,0.68,0.6181,769,0.67,0.609,28,0.66,0.6,5,0.675,0.6136,0,0
SPY190712P297,2019-07-10,2019-07-10 09:29:37,0.67,0.609,5,0.66,0.6,98,0.66,0.6,5,0.665,0.6045,0,0
SPY190712P297,2019-07-10,2019-07-10 09:29:37,0.68,0.6181,769,0.66,0.6,184,0.66,0.6,5,0.67,0.609,0,0
SPY190712P297,2019-07-10,2019-07-10 09:29:38,0.67,0.609,5,0.66,0.6,532,0.66,0.6,5,0.665,0.6045,0,0
SPY190712P297,2019-07-10,2019-07-10 09:29:39,0.68,0.6181,5,0.66,0.6,323,0.66,0.6,5,0.67,0.609,0,0
SPY190712P297,2019-07-10,2019-07-10 09:29:39,0.67,0.609,5,0.66,0.6,311,0.66,0.6,5,0.665,0.6045,0,0
SPY190712P297,2019-07-10,2019-07-10 09:29:40,0.67,0.609,5,0.66,0.6,557,0.66,0.6,5,0.665,0.6045,0,0
SPY190712P297,2019-07-10,2019-07-10 09:29:41,0.67,0.609,167,0.66,0.6,60,0.66,0.6,5,0.665,0.6045,0,0
SPY190712P297,2019-07-10,2019-07-10 09:29:41,0.67,0.609,5,0.66,0.6,448,0.66,0.6,5,0.665,0.6045,0,0
SPY190712P297,2019-07-10,2019-07-10 09:29:42,0.66,0.6,103,0.65,0.5909,66,0.66,0.6,5,0.655,0.5954,0,0
SPY190712P297,2019-07-10,2019-07-10 09:29:43,0.66,0.6,167,0.65,0.5909,66,0.66,0.6,5,0.655,0.5954,0,0
SPY190712P297,2019-07-10,2019-07-10 09:29:43,0.67,0.609,682,0.65,0.5909,88,0.66,0.6,5,0.66,0.6,0,0
SPY190712P297,2019-07-10,2019-07-10 09:29:44,0.67,0.609,50,0.66,0.6,60,0.66,0.6,5,0.665,0.6045,0,0
SPY190712P297,2019-07-10,2019-07-10 09:29:45,0.67,0.609,65,0.66,0.6,60,0.66,0.6,5,0.665,0.6045,0,0
SPY190712P297,2019-07-10,2019-07-10 09:29:45,0.67,0.609,78,0.65,0.5909,288,0.66,0.6,5,0.66,0.6,0,0
SPY190712P297,2019-07-10,2019-07-10 09:29:46,0.66,0.6,5,0.65,0.5909,138,0.66,0.6,5,0.655,0.5954,0,0
SPY190712P297,2019-07-10,2019-07-10 09:29:46,0.66,0.6,78,0.65,0.5909,28,0.66,0.6,5,0.655,0.5954,0,0
SPY190712P297,2019-07-10,2019-07-10 09:29:47,0.66,0.6,79,0.64,0.5818,558,0.66,0.6,5,0.65,0.5909,0,0
SPY190712P297,2019-07-10,2019-07-10 09:29:48,0.65,0.5909,5,0.64,0.5818,88,0.66,0.6,5,0.645,0.5863,0,0
SPY190712P297,2019-07-10,2019-07-10 09:29:48,0.65,0.5909,167,0.64,0.5818,88,0.65,0.5909,2,0.645,0.5863,0,0
SPY190712P297,2019-07-10,2019-07-10 09:29:49,0.65,0.5909,78,0.64,0.5818,28,0.65,0.5909,2,0.645,0.5863,0,0
SPY190712P297,2019-07-10,2019-07-10 09:29:50,0.65,0.5909,306,0.63,0.5727,876,0.65,0.5909,2,0.64,0.5818,0,0
SPY190712P297,2019-07-10,2019-07-10 09:29:50,0.65,0.5909,78,0.63,0.5727,794,0.65,0.5909,2,0.64,0.5818,0,0
SPY190712P297,2019-07-10,2019-07-10 09:29:51,0.64,0.5818,78,0.63,0.5727,130,0.65,0.5909,2,0.635,0.5772,0,0
SPY190712P297,2019-07-10,2019-07-10 09:29:51,0.63,0.5727,92,0.62,0.5636,419,0.65,0.5909,2,0.625,0.5681,0,0
SPY190712P297,2019-07-10,2019-07-10 09:29:52,0.63,0.5727,92,0.62,0.5636,427,0.65,0.5909,2,0.625,0.5681,0,0
SPY190712P297,2019-07-10,2019-07-10 09:29:53,0.63,0.5727,113,0.62,0.5636,183,0.65,0.5909,2,0.625,0.5681,0,0
SPY190712P297,2019-07-10,2019-07-10 09:29:53,0.63,0.5727,5,0.62,0.5636,427,0.65,0.5909,2,0.625,0.5681,0,0
SPY190712P297,2019-07-10,2019-07-10 09:29:54,0.64,0.5818,78,0.62,0.5636,228,0.65,0.5909,2,0.63,0.5727,0,0
SPY190712P297,2019-07-10,2019-07-10 09:29:55,0.64,0.5818,78,0.62,0.5636,597,0.65,0.5909,2,0.63,0.5727,0,0
SPY190712P297,2019-07-10,2019-07-10 09:29:55,0.64,0.5818,78,0.62,0.5636,941,0.65,0.5909,2,0.63,0.5727,0,0
SPY190712P297,2019-07-10,2019-07-10 09:29:56,0.63,0.5727,10,0.62,0.5636,1343,0.65,0.5909,2,0.625,0.5681,0,0
SPY190712P297,2019-07-10,2019-07-10 09:29:56,0.65,0.5909,707,0.62,0.5636,979,0.63,0.5727,10,0.635,0.5772,0,0
SPY190712P297,2019-07-10,2019-07-10 09:29:57,0.65,0.5909,342,0.63,0.5727,173,0.63,0.5727,10,0.64,0.5818,0,0
SPY190712P297,2019-07-10,2019-07-10 09:29:57,0.65,0.5909,248,0.64,0.5818,5,0.63,0.5727,10,0.645,0.5863,0,0
SPY190712P297,2019-07-10,2019-07-10 09:29:58,0.65,0.5909,144,0.63,0.5727,92,0.63,0.5727,10,0.64,0.5818,0,0
SPY190712P297,2019-07-10,2019-07-10 09:29:58,0.65,0.5909,261,0.64,0.5818,5,0.63,0.5727,10,0.645,0.5863,0,0
SPY190712P297,2019-07-10,2019-07-10 09:29:59,0.65,0.5909,178,0.64,0.5818,78,0.63,0.5727,10,0.645,0.5863,0,0
SPY190712P297,2019-07-10,2019-07-10 09:30:00,0.65,0.5909,282,0.64,0.5818,78,0.64,0.5818,2,0.645,0.5863,0,0
SPY190712P297,2019-07-10,2019-07-10 09:30:01,0.65,0.5909,178,0.64,0.5818,754,0.64,0.5818,3,0.645,0.5863,0,0
SPY190712P297,2019-07-10,2019-07-10 09:30:01,0.65,0.5909,178,0.64,0.5818,373,0.64,0.5818,3,0.645,0.5863,0,0
SPY190712P297,2019-07-10,2019-07-10 09:30:02,0.65,0.5909,5,0.64,0.5818,311,0.64,0.5818,3,0.645,0.5863,0,0
SPY190712P297,2019-07-10,2019-07-10 09:30:05,0.64,0.5818,366,0.62,0.5636,1160,0.64,0.5818,3,0.63,0.5727,0,0
SPY190712P297,2019-07-10,2019-07-10 09:30:06,0.63,0.5727,116,0.61,0.5545,150,0.64,0.5818,3,0.62,0.5636,0,0
SPY190712P297,2019-07-10,2019-07-10 09:30:06,0.63,0.5727,233,0.62,0.5636,49,0.64,0.5818,3,0.625,0.5681,0,0
SPY190712P297,2019-07-10,2019-07-10 09:30:07,0.63,0.5727,273,0.61,0.5545,885,0.64,0.5818,3,0.62,0.5636,0,0
SPY190712P297,2019-07-10,2019-07-10 09:30:07,0.63,0.5727,477,0.61,0.5545,532,0.64,0.5818,3,0.62,0.5636,0,0
SPY190712P297,2019-07-10,2019-07-10 09:30:08,0.62,0.5636,72,0.61,0.5545,173,0.62,0.5636,1,0.615,0.559,0,0
SPY190712P297,2019-07-10,2019-07-10 09:30:08,0.62,0.5636,40,0.61,0.5545,173,0.64,0.5818,3,0.615,0.559,0,0
SPY190712P297,2019-07-10,2019-07-10 09:30:09,0.62,0.5636,83,0.61,0.5545,70,0.62,0.5636,1,0.615,0.559,0,0
SPY190712P297,2019-07-10,2019-07-10 09:30:09,0.62,0.5636,72,0.61,0.5545,243,0.62,0.5636,1,0.615,0.559,0,0
SPY190712P297,2019-07-10,2019-07-10 09:30:10,0.62,0.5636,203,0.6,0.5454,63,0.62,0.5636,1,0.61,0.5545,0,0
SPY190712P297,2019-07-10,2019-07-10 09:30:11,0.62,0.5636,328,0.6,0.5454,238,0.62,0.5636,1,0.61,0.5545,0,0
SPY190712P297,2019-07-10,2019-07-10 09:30:11,0.62,0.5636,611,0.6,0.5454,836,0.62,0.5636,1,0.61,0.5545,0,0
SPY190712P297,2019-07-10,2019-07-10 09:30:12,0.62,0.5636,951,0.6,0.5454,673,0.62,0.5636,1,0.61,0.5545,0,0
SPY190712P297,2019-07-10,2019-07-10 09:30:12,0.62,0.5636,329,0.61,0.5545,40,0.62,0.5636,1,0.615,0.559,0,0
SPY190712P297,2019-07-10,2019-07-10 09:30:13,0.62,0.5636,249,0.61,0.5545,40,0.62,0.5636,1,0.615,0.559,0,0
SPY190712P297,2019-07-10,2019-07-10 09:30:13,0.62,0.5636,249,0.61,0.5545,66,0.62,0.5636,1,0.615,0.559,0,0
SPY190712P297,2019-07-10,2019-07-10 09:30:14,0.62,0.5636,100,0.6,0.5454,768,0.62,0.5636,1,0.61,0.5545,0,0
SPY190712P297,2019-07-10,2019-07-10 09:30:15,0.62,0.5636,100,0.6,0.5454,1082,0.6,0.5454,1,0.61,0.5545,0,0
SPY190712P297,2019-07-10,2019-07-10 09:30:15,0.62,0.5636,179,0.61,0.5545,150,0.6,0.5454,1,0.615,0.559,0,0
SPY190712P297,2019-07-10,2019-07-10 09:30:16,0.62,0.5636,84,0.61,0.5545,36,0.6,0.5454,1,0.615,0.559,0,0
SPY190712P297,2019-07-10,2019-07-10 09:30:16,0.62,0.5636,99,0.61,0.5545,183,0.6,0.5454,1,0.615,0.559,0,0
SPY190712P297,2019-07-10,2019-07-10 09:30:17,0.61,0.5545,5,0.6,0.5454,296,0.6,0.5454,1,0.605,0.55,0,0
SPY190712P297,2019-07-10,2019-07-10 09:30:17,0.62,0.5636,91,0.6,0.5454,272,0.6,0.5454,1,0.61,0.5545,0,0
SPY190712P297,2019-07-10,2019-07-10 09:30:18,0.62,0.5636,309,0.6,0.5454,425,0.6,0.5454,1,0.61,0.5545,0,0
SPY190712P297,2019-07-10,2019-07-10 09:30:19,0.62,0.5636,284,0.6,0.5454,425,0.6,0.5454,1,0.61,0.5545,0,0
SPY190712P297,2019-07-10,2019-07-10 09:30:19,0.62,0.5636,294,0.6,0.5454,1160,0.6,0.5454,1,0.61,0.5545,0,0
SPY190712P297,2019-07-10,2019-07-10 09:30:20,0.62,0.5636,376,0.6,0.5454,1160,0.6,0.5454,1,0.61,0.5545,0,0
SPY190712P297,2019-07-10,2019-07-10 09:30:20,0.62,0.5636,704,0.6,0.5454,618,0.6,0.5454,1,0.61,0.5545,0,0
SPY190712P297,2019-07-10,2019-07-10 09:30:21,0.62,0.5636,704,0.6,0.5454,618,0.6,0.5454,1,0.61,0.5545,0,0
SPY190712P297,2019-07-10,2019-07-10 09:30:21,0.62,0.5636,1035,0.61,0.5545,1,0.6,0.5454,1,0.615,0.559,0,0
SPY190712P297,2019-07-10,2019-07-10 09:30:22,0.62,0.5636,1035,0.61,0.5545,1,0.6,0.5454,1,0.615,0.559,0,0
SPY190712P297,2019-07-10,2019-07-10 09:30:22,0.62,0.5636,823,0.61,0.5545,1,0.6,0.5454,1,0.615,0.559,0,0
SPY190712P297,2019-07-10,2019-07-10 09:30:23,0.62,0.5636,1270,0.6,0.5454,158,0.62,0.5636,1,0.61,0.5545,0,0
SPY190712P297,2019-07-10,2019-07-10 09:30:24,0.61,0.5545,279,0.59,0.5363,565,0.62,0.5636,1,0.6,0.5454,0,0
SPY190712P297,2019-07-10,2019-07-10 09:30:24,0.61,0.5545,506,0.59,0.5363,627,0.62,0.5636,1,0.6,0.5454,0,0
SPY190712P297,2019-07-10,2019-07-10 09:30:25,0.61,0.5545,506,0.59,0.5363,72,0.62,0.5636,1,0.6,0.5454,0,0
SPY190712P297,2019-07-10,2019-07-10 09:30:25,0.61,0.5545,269,0.59,0.5363,215,0.62,0.5636,1,0.6,0.5454,0,0
SPY190712P297,2019-07-10,2019-07-10 09:30:26,0.61,0.5545,388,0.59,0.5363,160,0.62,0.5636,1,0.6,0.5454,0,0
SPY190712P297,2019-07-10,2019-07-10 09:30:26,0.6,0.5454,73,0.59,0.5363,100,0.62,0.5636,1,0.595,0.5409,0,0
SPY190712P297,2019-07-10,2019-07-10 09:30:27,0.61,0.5545,174,0.6,0.5454,19,0.62,0.5636,1,0.605,0.55,0,0
SPY190712P297,2019-07-10,2019-07-10 09:30:28,0.61,0.5545,279,0.59,0.5363,536,0.62,0.5636,1,0.6,0.5454,0,0
SPY190712P297,2019-07-10,2019-07-10 09:30:28,0.61,0.5545,279,0.59,0.5363,785,0.62,0.5636,1,0.6,0.5454,0,0
SPY190712P297,2019-07-10,2019-07-10 09:30:29,0.61,0.5545,427,0.59,0.5363,949,0.61,0.5545,50,0.6,0.5454,0,0
SPY190712P297,2019-07-10,2019-07-10 09:30:29,0.6,0.5454,5,0.59,0.5363,500,0.61,0.5545,50,0.595,0.5409,0,0
SPY190712P297,2019-07-10,2019-07-10 09:30:30,0.61,0.5545,274,0.6,0.5454,47,0.61,0.5545,6,0.605,0.55,0,0
SPY190712P297,2019-07-10,2019-07-10 09:30:30,0.61,0.5545,160,0.6,0.5454,47,0.61,0.5545,50,0.605,0.55,0,0
SPY190712P297,2019-07-10,2019-07-10 09:30:31,0.61,0.5545,691,0.59,0.5363,1320,0.61,0.5545,6,0.6,0.5454,0,0
SPY190712P297,2019-07-10,2019-07-10 09:30:32,0.6,0.5454,1,0.59,0.5363,1255,0.61,0.5545,6,0.595,0.5409,0,0
SPY190712P297,2019-07-10,2019-07-10 09:30:32,0.6,0.5454,6,0.59,0.5363,116,0.61,0.5545,6,0.595,0.5409,0,0
SPY190712P297,2019-07-10,2019-07-10 09:30:33,0.6,0.5454,42,0.59,0.5363,116,0.61,0.5545,6,0.595,0.5409,0,0
SPY190712P297,2019-07-10,2019-07-10 09:30:33,0.6,0.5454,42,0.59,0.5363,47,0.61,0.5545,6,0.595,0.5409,0,0
SPY190712P297,2019-07-10,2019-07-10 09:30:34,0.6,0.5454,102,0.59,0.5363,202,0.61,0.5545,6,0.595,0.5409,0,0
SPY190712P297,2019-07-10,2019-07-10 09:30:34,0.6,0.5454,69,0.59,0.5363,152,0.61,0.5545,6,0.595,0.5409,0,0
SPY190712P297,2019-07-10,2019-07-10 09:30:35,0.6,0.5454,102,0.59,0.5363,241,0.61,0.5545,6,0.595,0.5409,0,0
SPY190712P297,2019-07-10,2019-07-10 09:30:35,0.6,0.5454,5,0.58,0.5272,735,0.6,0.5454,8,0.59,0.5363,0,0
SPY190712P297,2019-07-10,2019-07-10 09:30:36,0.6,0.5454,6,0.58,0.5272,1106,0.6,0.5454,8,0.59,0.5363,0,0
SPY190712P297,2019-07-10,2019-07-10 09:30:37,0.6,0.5454,262,0.59,0.5363,92,0.6,0.5454,8,0.595,0.5409,0,0
SPY190712P297,2019-07-10,2019-07-10 09:30:37,0.6,0.5454,84,0.58,0.5272,1106,0.6,0.5454,8,0.59,0.5363,0,0
SPY190712P297,2019-07-10,2019-07-10 09:30:38,0.6,0.5454,293,0.59,0.5363,92,0.6,0.5454,8,0.595,0.5409,0,0
SPY190712P297,2019-07-10,2019-07-10 09:30:38,0.6,0.5454,664,0.59,0.5363,101,0.6,0.5454,8,0.595,0.5409,0,0
SPY190712P297,2019-07-10,2019-07-10 09:30:39,0.6,0.5454,182,0.59,0.5363,102,0.6,0.5454,8,0.595,0.5409,0,0
SPY190712P297,2019-07-10,2019-07-10 09:30:39,0.6,0.5454,292,0.59,0.5363,141,0.6,0.5454,8,0.595,0.5409,0,0
SPY190712P297,2019-07-10,2019-07-10 09:30:40,0.6,0.5454,554,0.59,0.5363,135,0.6,0.5454,8,0.595,0.5409,0,0
SPY190712P297,2019-07-10,2019-07-10 09:30:41,0.6,0.5454,554,0.59,0.5363,141,0.6,0.5454,8,0.595,0.5409,0,0
SPY190712P297,2019-07-10,2019-07-10 09:30:41,0.6,0.5454,554,0.59,0.5363,102,0.6,0.5454,8,0.595,0.5409,0,0
SPY190712P297,2019-07-10,2019-07-10 09:30:42,0.59,0.5363,56,0.58,0.5272,344,0.6,0.5454,8,0.585,0.5318,0,0
SPY190712P297,2019-07-10,2019-07-10 09:30:42,0.6,0.5454,720,0.59,0.5363,107,0.6,0.5454,8,0.595,0.5409,0,0
SPY190712P297,2019-07-10,2019-07-10 09:30:43,0.59,0.5363,10,0.58,0.5272,344,0.6,0.5454,8,0.585,0.5318,0,0
SPY190712P297,2019-07-10,2019-07-10 09:30:43,0.59,0.5363,90,0.58,0.5272,464,0.6,0.5454,8,0.585,0.5318,0,0
SPY190712P297,2019-07-10,2019-07-10 09:30:44,0.59,0.5363,90,0.58,0.5272,582,0.6,0.5454,8,0.585,0.5318,0,0
SPY190712P297,2019-07-10,2019-07-10 09:30:45,0.59,0.5363,90,0.58,0.5272,618,0.58,0.5272,1,0.585,0.5318,0,0
SPY190712P297,2019-07-10,2019-07-10 09:30:45,0.59,0.5363,48,0.58,0.5272,47,0.58,0.5272,1,0.585,0.5318,0,0
SPY190712P297,2019-07-10,2019-07-10 09:30:46,0.59,0.5363,50,0.58,0.5272,150,0.58,0.5272,2,0.585,0.5318,0,0
SPY190712P297,2019-07-10,2019-07-10 09:30:46,0.59,0.5363,71,0.58,0.5272,186,0.58,0.5272,1,0.585,0.5318,0,0
SPY190712P297,2019-07-10,2019-07-10 09:30:47,0.6,0.5454,34,0.59,0.5363,77,0.58,0.5272,2,0.595,0.5409,0,0
SPY190712P297,2019-07-10,2019-07-10 09:30:47,0.6,0.5454,67,0.59,0.5363,197,0.58,0.5272,2,0.595,0.5409,0,0
SPY190712P297,2019-07-10,2019-07-10 09:30:48,0.6,0.5454,67,0.59,0.5363,295,0.58,0.5272,2,0.595,0.5409,0,0
SPY190712P297,2019-07-10,2019-07-10 09:30:48,0.6,0.5454,67,0.59,0.5363,197,0.58,0.5272,2,0.595,0.5409,0,0
SPY190712P297,2019-07-10,2019-07-10 09:30:49,0.6,0.5454,27,0.59,0.5363,443,0.6,0.5454,10,0.595,0.5409,0,0
SPY190712P297,2019-07-10,2019-07-10 09:30:49,0.6,0.5454,50,0.59,0.5363,345,0.6,0.5454,1,0.595,0.5409,0,0
SPY190712P297,2019-07-10,2019-07-10 09:30:50,0.61,0.5545,380,0.59,0.5363,443,0.6,0.5454,10,0.6,0.5454,0,0
SPY190712P297,2019-07-10,2019-07-10 09:30:51,0.61,0.5545,427,0.59,0.5363,499,0.6,0.5454,10,0.6,0.5454,0,0
SPY190712P297,2019-07-10,2019-07-10 09:30:51,0.61,0.5545,504,0.59,0.5363,331,0.6,0.5454,10,0.6,0.5454,0,0
SPY190712P297,2019-07-10,2019-07-10 09:30:52,0.61,0.5545,818,0.6,0.5454,10,0.6,0.5454,2,0.605,0.55,0,0
SPY190712P297,2019-07-10,2019-07-10 09:30:52,0.61,0.5545,611,0.6,0.5454,10,0.6,0.5454,2,0.605,0.55,0,0
SPY190712P297,2019-07-10,2019-07-10 09:30:53,0.61,0.5545,818,0.6,0.5454,6,0.6,0.5454,2,0.605,0.55,0,0
SPY190712P297,2019-07-10,2019-07-10 09:30:54,0.6,0.5454,147,0.59,0.5363,170,0.6,0.5454,2,0.595,0.5409,0,0
SPY190712P297,2019-07-10,2019-07-10 09:30:54,0.6,0.5454,6,0.59,0.5363,169,0.6,0.5454,2,0.595,0.5409,0,0
SPY190712P297,2019-07-10,2019-07-10 09:30:55,0.6,0.5454,8,0.59,0.5363,179,0.6,0.5454,2,0.595,0.5409,0,0
SPY190712P297,2019-07-10,2019-07-10 09:30:55,0.6,0.5454,8,0.59,0.5363,415,0.6,0.5454,2,0.595,0.5409,0,0
SPY190712P297,2019-07-10,2019-07-10 09:30:56,0.6,0.5454,8,0.59,0.5363,467,0.6,0.5454,2,0.595,0.5409,0,0
SPY190712P297,2019-07-10,2019-07-10 09:30:56,0.6,0.5454,8,0.59,0.5363,792,0.6,0.5454,2,0.595,0.5409,0,0
SPY190712P297,2019-07-10,2019-07-10 09:30:57,0.6,0.5454,79,0.59,0.5363,198,0.6,0.5454,2,0.595,0.5409,0,0
SPY190712P297,2019-07-10,2019-07-10 09:30:57,0.6,0.5454,105,0.59,0.5363,257,0.6,0.5454,2,0.595,0.5409,0,0
SPY190712P297,2019-07-10,2019-07-10 09:30:58,0.6,0.5454,79,0.59,0.5363,197,0.6,0.5454,40,0.595,0.5409,0,0
SPY190712P297,2019-07-10,2019-07-10 09:30:59,0.6,0.5454,82,0.59,0.5363,149,0.6,0.5454,40,0.595,0.5409,0,0
SPY190712P297,2019-07-10,2019-07-10 09:31:00,0.6,0.5454,82,0.59,0.5363,84,0.6,0.5454,40,0.595,0.5409,0,0
SPY190712P297,2019-07-10,2019-07-10 09:31:00,0.6,0.5454,82,0.59,0.5363,86,0.6,0.5454,40,0.595,0.5409,0,0
SPY190712P297,2019-07-10,2019-07-10 09:31:01,0.6,0.5454,82,0.59,0.5363,142,0.6,0.5454,40,0.595,0.5409,0,0
SPY190712P297,2019-07-10,2019-07-10 09:31:02,0.6,0.5454,82,0.59,0.5363,141,0.6,0.5454,40,0.595,0.5409,0,0
SPY190712P297,2019-07-10,2019-07-10 09:31:02,0.6,0.5454,82,0.59,0.5363,134,0.6,0.5454,29,0.595,0.5409,0,0
SPY190712P297,2019-07-10,2019-07-10 09:31:03,0.6,0.5454,82,0.59,0.5363,134,0.6,0.5454,29,0.595,0.5409,0,0
SPY190712P297,2019-07-10,2019-07-10 09:31:03,0.6,0.5454,100,0.59,0.5363,134,0.6,0.5454,29,0.595,0.5409,0,0
SPY190712P297,2019-07-10,2019-07-10 09:31:04,0.6,0.5454,77,0.59,0.5363,134,0.6,0.5454,29,0.595,0.5409,0,0
SPY190712P297,2019-07-10,2019-07-10 09:31:04,0.6,0.5454,100,0.59,0.5363,134,0.6,0.5454,29,0.595,0.5409,0,0
SPY190712P297,2019-07-10,2019-07-10 09:31:05,0.6,0.5454,77,0.59,0.5363,49,0.6,0.5454,29,0.595,0.5409,0,0
SPY190712P297,2019-07-10,2019-07-10 09:31:05,0.6,0.5454,77,0.59,0.5363,45,0.6,0.5454,29,0.595,0.5409,0,0
SPY190712P297,2019-07-10,2019-07-10 09:31:06,0.6,0.5454,150,0.59,0.5363,38,0.6,0.5454,1,0.595,0.5409,0,0
SPY190712P297,2019-07-10,2019-07-10 09:31:06,0.6,0.5454,150,0.59,0.5363,10,0.6,0.5454,1,0.595,0.5409,0,0
SPY190712P297,2019-07-10,2019-07-10 09:31:07,0.6,0.5454,150,0.59,0.5363,2,0.6,0.5454,1,0.595,0.5409,0,0
SPY190712P297,2019-07-10,2019-07-10 09:31:08,0.6,0.5454,150,0.58,0.5272,1221,0.6,0.5454,1,0.59,0.5363,0,0
SPY190712P297,2019-07-10,2019-07-10 09:31:08,0.6,0.5454,150,0.59,0.5363,8,0.6,0.5454,1,0.595,0.5409,0,0
SPY190712P297,2019-07-10,2019-07-10 09:31:09,0.59,0.5363,34,0.58,0.5272,854,0.6,0.5454,1,0.585,0.5318,0,0
SPY190712P297,2019-07-10,2019-07-10 09:31:09,0.59,0.5363,34,0.58,0.5272,1064,0.6,0.5454,1,0.585,0.5318,0,0
SPY190712P297,2019-07-10,2019-07-10 09:31:10,0.59,0.5363,135,0.58,0.5272,151,0.6,0.5454,1,0.585,0.5318,0,0
SPY190712P297,2019-07-10,2019-07-10 09:31:10,0.59,0.5363,90,0.58,0.5272,80,0.6,0.5454,1,0.585,0.5318,0,0
SPY190712P297,2019-07-10,2019-07-10 09:31:11,0.59,0.5363,199,0.58,0.5272,87,0.6,0.5454,1,0.585,0.5318,0,0
SPY190712P297,2019-07-10,2019-07-10 09:31:12,0.59,0.5363,199,0.58,0.5272,130,0.6,0.5454,1,0.585,0.5318,0,0
SPY190712P297,2019-07-10,2019-07-10 09:31:12,0.59,0.5363,199,0.58,0.5272,140,0.6,0.5454,1,0.585,0.5318,0,0
SPY190712P297,2019-07-10,2019-07-10 09:31:13,0.59,0.5363,199,0.58,0.5272,104,0.6,0.5454,1,0.585,0.5318,0,0
SPY190712P297,2019-07-10,2019-07-10 09:31:13,0.59,0.5363,199,0.58,0.5272,90,0.6,0.5454,1,0.585,0.5318,0,0
SPY190712P297,2019-07-10,2019-07-10 09:31:14,0.59,0.5363,41,0.58,0.5272,81,0.6,0.5454,1,0.585,0.5318,0,0
SPY190712P297,2019-07-10,2019-07-10 09:31:15,0.59,0.5363,193,0.58,0.5272,140,0.6,0.5454,1,0.585,0.5318,0,0
SPY190712P297,2019-07-10,2019-07-10 09:31:16,0.59,0.5363,303,0.58,0.5272,30,0.6,0.5454,1,0.585,0.5318,0,0
SPY190712P297,2019-07-10,2019-07-10 09:31:16,0.58,0.5272,90,0.58,0.5272,30,0.6,0.5454,1,0.58,0.5272,0,0
SPY190712P297,2019-07-10,2019-07-10 09:31:17,0.58,0.5272,84,0.57,0.5181,691,0.6,0.5454,1,0.575,0.5227,0,0
SPY190712P297,2019-07-10,2019-07-10 09:31:18,0.58,0.5272,97,0.57,0.5181,444,0.6,0.5454,1,0.575,0.5227,0,0
SPY190712P297,2019-07-10,2019-07-10 09:31:19,0.57,0.5181,5,0.56,0.509,384,0.6,0.5454,1,0.565,0.5136,0,0
SPY190712P297,2019-07-10,2019-07-10 09:31:19,0.58,0.5272,97,0.57,0.5181,444,0.6,0.5454,1,0.575,0.5227,0,0
SPY190712P297,2019-07-10,2019-07-10 09:31:20,0.57,0.5181,2,0.57,0.5181,10,0.57,0.5181,2,0.57,0.5181,0,0
SPY190712P297,2019-07-10,2019-07-10 09:31:21,0.58,0.5272,6,0.57,0.5181,354,0.57,0.5181,2,0.575,0.5227,0,0
SPY190712P297,2019-07-10,2019-07-10 09:31:21,0.58,0.5272,43,0.57,0.5181,360,0.57,0.5181,2,0.575,0.5227,0,0
SPY190712P297,2019-07-10,2019-07-10 09:31:22,0.58,0.5272,43,0.57,0.5181,1159,0.57,0.5181,2,0.575,0.5227,0,0
SPY190712P297,2019-07-10,2019-07-10 09:31:22,0.58,0.5272,84,0.57,0.5181,1206,0.57,0.5181,2,0.575,0.5227,0,0
SPY190712P297,2019-07-10,2019-07-10 09:31:23,0.58,0.5272,11,0.57,0.5181,1042,0.57,0.5181,2,0.575,0.5227,0,0
SPY190712P297,2019-07-10,2019-07-10 09:31:23,0.58,0.5272,12,0.57,0.5181,994,0.57,0.5181,2,0.575,0.5227,0,0
SPY190712P297,2019-07-10,2019-07-10 09:31:24,0.58,0.5272,12,0.57,0.5181,994,0.57,0.5181,2,0.575,0.5227,0,0
SPY190712P297,2019-07-10,2019-07-10 09:31:24,0.58,0.5272,7,0.57,0.5181,837,0.57,0.5181,2,0.575,0.5227,0,0
SPY190712P297,2019-07-10,2019-07-10 09:31:25,0.58,0.5272,94,0.57,0.5181,837,0.57,0.5181,2,0.575,0.5227,0,0
SPY190712P297,2019-07-10,2019-07-10 09:31:26,0.58,0.5272,102,0.57,0.5181,472,0.57,0.5181,2,0.575,0.5227,0,0
SPY190712P297,2019-07-10,2019-07-10 09:31:26,0.58,0.5272,102,0.57,0.5181,264,0.57,0.5181,2,0.575,0.5227,0,0
SPY190712P297,2019-07-10,2019-07-10 09:31:27,0.58,0.5272,84,0.57,0.5181,472,0.57,0.5181,2,0.575,0.5227,0,0
SPY190712P297,2019-07-10,2019-07-10 09:31:27,0.58,0.5272,84,0.57,0.5181,756,0.57,0.5181,2,0.575,0.5227,0,0
SPY190712P297,2019-07-10,2019-07-10 09:31:28,0.58,0.5272,6,0.57,0.5181,756,0.57,0.5181,2,0.575,0.5227,0,0
SPY190712P297,2019-07-10,2019-07-10 09:31:29,0.58,0.5272,6,0.57,0.5181,756,0.57,0.5181,2,0.575,0.5227,0,0
SPY190712P297,2019-07-10,2019-07-10 09:31:30,0.59,0.5363,203,0.58,0.5272,101,0.58,0.5272,5,0.585,0.5318,0,0
SPY190712P297,2019-07-10,2019-07-10 09:31:30,0.59,0.5363,203,0.58,0.5272,128,0.58,0.5272,5,0.585,0.5318,0,0
SPY190712P297,2019-07-10,2019-07-10 09:31:31,0.59,0.5363,191,0.58,0.5272,128,0.58,0.5272,1,0.585,0.5318,0,0
SPY190712P297,2019-07-10,2019-07-10 09:31:31,0.59,0.5363,368,0.58,0.5272,128,0.58,0.5272,5,0.585,0.5318,0,0
SPY190712P297,2019-07-10,2019-07-10 09:31:32,0.59,0.5363,4,0.58,0.5272,94,0.58,0.5272,1,0.585,0.5318,0,0
SPY190712P297,2019-07-10,2019-07-10 09:31:33,0.59,0.5363,12,0.58,0.5272,94,0.58,0.5272,1,0.585,0.5318,0,0
SPY190712P297,2019-07-10,2019-07-10 09:31:33,0.59,0.5363,76,0.58,0.5272,398,0.58,0.5272,1,0.585,0.5318,0,0
SPY190712P297,2019-07-10,2019-07-10 09:31:34,0.59,0.5363,86,0.58,0.5272,398,0.58,0.5272,1,0.585,0.5318,0,0
SPY190712P297,2019-07-10,2019-07-10 09:31:35,0.59,0.5363,83,0.58,0.5272,176,0.58,0.5272,1,0.585,0.5318,0,0
SPY190712P297,2019-07-10,2019-07-10 09:31:35,0.59,0.5363,100,0.58,0.5272,398,0.58,0.5272,1,0.585,0.5318,0,0
SPY190712P297,2019-07-10,2019-07-10 09:31:36,0.59,0.5363,152,0.58,0.5272,174,0.58,0.5272,1,0.585,0.5318,0,0
SPY190712P297,2019-07-10,2019-07-10 09:31:36,0.59,0.5363,83,0.58,0.5272,160,0.58,0.5272,1,0.585,0.5318,0,0
SPY190712P297,2019-07-10,2019-07-10 09:31:37,0.59,0.5363,85,0.58,0.5272,155,0.58,0.5272,1,0.585,0.5318,0,0
SPY190712P297,2019-07-10,2019-07-10 09:31:38,0.59,0.5363,93,0.58,0.5272,134,0.58,0.5272,1,0.585,0.5318,0,0
SPY190712P297,2019-07-10,2019-07-10 09:31:39,0.59,0.5363,10,0.58,0.5272,420,0.58,0.5272,1,0.585,0.5318,0,0
SPY190712P297,2019-07-10,2019-07-10 09:31:39,0.59,0.5363,87,0.58,0.5272,160,0.58,0.5272,1,0.585,0.5318,0,0
SPY190712P297,2019-07-10,2019-07-10 09:31:40,0.59,0.5363,10,0.58,0.5272,310,0.58,0.5272,1,0.585,0.5318,0,0
SPY190712P297,2019-07-10,2019-07-10 09:31:40,0.59,0.5363,10,0.58,0.5272,200,0.58,0.5272,1,0.585,0.5318,0,0
SPY190712P297,2019-07-10,2019-07-10 09:31:41,0.59,0.5363,8,0.58,0.5272,1033,0.59,0.5363,1,0.585,0.5318,0,0
SPY190712P297,2019-07-10,2019-07-10 09:31:42,0.59,0.5363,3,0.58,0.5272,1218,0.59,0.5363,50,0.585,0.5318,0,0
SPY190712P297,2019-07-10,2019-07-10 09:31:42,0.59,0.5363,3,0.58,0.5272,1144,0.59,0.5363,2,0.585,0.5318,0,0
SPY190712P297,2019-07-10,2019-07-10 09:31:43,0.59,0.5363,4,0.58,0.5272,407,0.59,0.5363,50,0.585,0.5318,0,0
SPY190712P297,2019-07-10,2019-07-10 09:31:43,0.59,0.5363,34,0.58,0.5272,136,0.59,0.5363,50,0.585,0.5318,0,0
SPY190712P297,2019-07-10,2019-07-10 09:31:44,0.59,0.5363,72,0.58,0.5272,136,0.59,0.5363,50,0.585,0.5318,0,0
SPY190712P297,2019-07-10,2019-07-10 09:31:45,0.59,0.5363,156,0.58,0.5272,8,0.58,0.5272,19,0.585,0.5318,0,0
SPY190712P297,2019-07-10,2019-07-10 09:31:46,0.59,0.5363,556,0.58,0.5272,5,0.58,0.5272,19,0.585,0.5318,0,0
SPY190712P297,2019-07-10,2019-07-10 09:31:46,0.59,0.5363,929,0.58,0.5272,5,0.58,0.5272,19,0.585,0.5318,0,0
SPY190712P297,2019-07-10,2019-07-10 09:31:47,0.59,0.5363,986,0.58,0.5272,5,0.58,0.5272,19,0.585,0.5318,0,0
SPY190712P297,2019-07-10,2019-07-10 09:31:48,0.59,0.5363,986,0.58,0.5272,5,0.58,0.5272,19,0.585,0.5318,0,0
SPY190712P297,2019-07-10,2019-07-10 09:31:48,0.59,0.5363,768,0.58,0.5272,5,0.58,0.5272,19,0.585,0.5318,0,0
SPY190712P297,2019-07-10,2019-07-10 09:31:49,0.59,0.5363,1220,0.58,0.5272,5,0.58,0.5272,5,0.585,0.5318,0,0
SPY190712P297,2019-07-10,2019-07-10 09:31:50,0.57,0.5181,5,0.56,0.509,710,0.58,0.5272,5,0.565,0.5136,0,0
SPY190712P297,2019-07-10,2019-07-10 09:31:50,0.58,0.5272,199,0.56,0.509,141,0.58,0.5272,5,0.57,0.5181,0,0
SPY190712P297,2019-07-10,2019-07-10 09:31:51,0.57,0.5181,5,0.56,0.509,533,0.58,0.5272,5,0.565,0.5136,0,0
SPY190712P297,2019-07-10,2019-07-10 09:31:51,0.57,0.5181,5,0.56,0.509,516,0.58,0.5272,5,0.565,0.5136,0,0
SPY190712P297,2019-07-10,2019-07-10 09:31:52,0.57,0.5181,5,0.56,0.509,593,0.58,0.5272,5,0.565,0.5136,0,0
SPY190712P297,2019-07-10,2019-07-10 09:31:53,0.57,0.5181,7,0.56,0.509,363,0.58,0.5272,5,0.565,0.5136,0,0
SPY190712P297,2019-07-10,2019-07-10 09:31:53,0.57,0.5181,7,0.56,0.509,527,0.58,0.5272,5,0.565,0.5136,0,0
SPY190712P297,2019-07-10,2019-07-10 09:31:54,0.57,0.5181,7,0.56,0.509,527,0.58,0.5272,5,0.565,0.5136,0,0
SPY190712P297,2019-07-10,2019-07-10 09:31:54,0.57,0.5181,7,0.56,0.509,584,0.58,0.5272,5,0.565,0.5136,0,0
SPY190712P297,2019-07-10,2019-07-10 09:31:55,0.57,0.5181,7,0.56,0.509,613,0.58,0.5272,5,0.565,0.5136,0,0
SPY190712P297,2019-07-10,2019-07-10 09:31:55,0.57,0.5181,6,0.56,0.509,613,0.58,0.5272,5,0.565,0.5136,0,0
SPY190712P297,2019-07-10,2019-07-10 09:31:56,0.57,0.5181,5,0.56,0.509,625,0.58,0.5272,5,0.565,0.5136,0,0
SPY190712P297,2019-07-10,2019-07-10 09:31:56,0.57,0.5181,5,0.57,0.5181,34,0.58,0.5272,5,0.57,0.5181,0,0
SPY190712P297,2019-07-10,2019-07-10 09:31:57,0.58,0.5272,1333,0.57,0.5181,34,0.58,0.5272,5,0.575,0.5227,0,0
SPY190712P297,2019-07-10,2019-07-10 09:31:58,0.58,0.5272,1329,0.57,0.5181,44,0.58,0.5272,5,0.575,0.5227,0,0
SPY190712P297,2019-07-10,2019-07-10 09:31:58,0.58,0.5272,998,0.57,0.5181,34,0.58,0.5272,5,0.575,0.5227,0,0
SPY190712P297,2019-07-10,2019-07-10 09:31:59,0.58,0.5272,1329,0.57,0.5181,44,0.58,0.5272,5,0.575,0.5227,0,0
SPY190712P297,2019-07-10,2019-07-10 09:31:59,0.58,0.5272,1329,0.56,0.509,380,0.58,0.5272,5,0.57,0.5181,0,0
SPY190712P297,2019-07-10,2019-07-10 09:32:00,0.58,0.5272,1329,0.56,0.509,352,0.58,0.5272,5,0.57,0.5181,0,0
SPY190712P297,2019-07-10,2019-07-10 09:32:00,0.58,0.5272,1329,0.56,0.509,187,0.58,0.5272,5,0.57,0.5181,0,0
SPY190712P297,2019-07-10,2019-07-10 09:32:01,0.57,0.5181,5,0.56,0.509,187,0.58,0.5272,5,0.565,0.5136,0,0
SPY190712P297,2019-07-10,2019-07-10 09:32:01,0.57,0.5181,5,0.56,0.509,607,0.57,0.5181,1,0.565,0.5136,0,0
SPY190712P297,2019-07-10,2019-07-10 09:32:02,0.57,0.5181,5,0.56,0.509,607,0.57,0.5181,1,0.565,0.5136,0,0
SPY190712P297,2019-07-10,2019-07-10 09:32:03,0.58,0.5272,182,0.56,0.509,227,0.57,0.5181,1,0.57,0.5181,0,0
SPY190712P297,2019-07-10,2019-07-10 09:32:03,0.57,0.5181,5,0.56,0.509,610,0.57,0.5181,1,0.565,0.5136,0,0
SPY190712P297,2019-07-10,2019-07-10 09:32:04,0.58,0.5272,522,0.57,0.5181,40,0.57,0.5181,1,0.575,0.5227,0,0
SPY190712P297,2019-07-10,2019-07-10 09:32:04,0.58,0.5272,290,0.57,0.5181,36,0.57,0.5181,1,0.575,0.5227,0,0
SPY190712P297,2019-07-10,2019-07-10 09:32:05,0.58,0.5272,376,0.56,0.509,365,0.57,0.5181,1,0.57,0.5181,0,0
SPY190712P297,2019-07-10,2019-07-10 09:32:05,0.58,0.5272,708,0.56,0.509,404,0.57,0.5181,1,0.57,0.5181,0,0
SPY190712P297,2019-07-10,2019-07-10 09:32:06,0.58,0.5272,789,0.56,0.509,365,0.57,0.5181,1,0.57,0.5181,0,0
SPY190712P297,2019-07-10,2019-07-10 09:32:07,0.58,0.5272,1096,0.56,0.509,334,0.57,0.5181,1,0.57,0.5181,0,0
SPY190712P297,2019-07-10,2019-07-10 09:32:07,0.58,0.5272,1096,0.56,0.509,379,0.57,0.5181,1,0.57,0.5181,0,0
SPY190712P297,2019-07-10,2019-07-10 09:32:08,0.58,0.5272,1096,0.56,0.509,535,0.57,0.5181,1,0.57,0.5181,0,0
SPY190712P297,2019-07-10,2019-07-10 09:32:08,0.58,0.5272,1096,0.56,0.509,327,0.57,0.5181,1,0.57,0.5181,0,0
SPY190712P297,2019-07-10,2019-07-10 09:32:09,0.58,0.5272,782,0.57,0.5181,34,0.57,0.5181,1,0.575,0.5227,0,0
SPY190712P297,2019-07-10,2019-07-10 09:32:09,0.58,0.5272,1096,0.57,0.5181,34,0.57,0.5181,1,0.575,0.5227,0,0
SPY190712P297,2019-07-10,2019-07-10 09:32:10,0.58,0.5272,1096,0.56,0.509,677,0.57,0.5181,1,0.57,0.5181,0,0
SPY190712P297,2019-07-10,2019-07-10 09:32:11,0.58,0.5272,1259,0.56,0.509,677,0.57,0.5181,1,0.57,0.5181,0,0
SPY190712P297,2019-07-10,2019-07-10 09:32:11,0.58,0.5272,1439,0.56,0.509,707,0.57,0.5181,1,0.57,0.5181,0,0
SPY190712P297,2019-07-10,2019-07-10 09:32:12,0.57,0.5181,227,0.56,0.509,111,0.57,0.5181,1,0.565,0.5136,0,0
SPY190712P297,2019-07-10,2019-07-10 09:32:12,0.57,0.5181,6,0.56,0.509,555,0.57,0.5181,1,0.565,0.5136,0,0
SPY190712P297,2019-07-10,2019-07-10 09:32:13,0.57,0.5181,232,0.56,0.509,34,0.57,0.5181,1,0.565,0.5136,0,0
SPY190712P297,2019-07-10,2019-07-10 09:32:13,0.57,0.5181,233,0.56,0.509,34,0.57,0.5181,1,0.565,0.5136,0,0
SPY190712P297,2019-07-10,2019-07-10 09:32:14,0.57,0.5181,141,0.56,0.509,96,0.57,0.5181,1,0.565,0.5136,0,0
SPY190712P297,2019-07-10,2019-07-10 09:32:14,0.57,0.5181,112,0.56,0.509,114,0.57,0.5181,1,0.565,0.5136,0,0
SPY190712P297,2019-07-10,2019-07-10 09:32:15,0.57,0.5181,137,0.56,0.509,150,0.57,0.5181,1,0.565,0.5136,0,0
SPY190712P297,2019-07-10,2019-07-10 09:32:16,0.57,0.5181,210,0.56,0.509,52,0.57,0.5181,1,0.565,0.5136,0,0
SPY190712P297,2019-07-10,2019-07-10 09:32:17,0.57,0.5181,309,0.56,0.509,61,0.57,0.5181,1,0.565,0.5136,0,0
SPY190712P297,2019-07-10,2019-07-10 09:32:17,0.57,0.5181,310,0.56,0.509,52,0.57,0.5181,1,0.565,0.5136,0,0
SPY190712P297,2019-07-10,2019-07-10 09:32:18,0.57,0.5181,191,0.56,0.509,83,0.57,0.5181,1,0.565,0.5136,0,0
SPY190712P297,2019-07-10,2019-07-10 09:32:18,0.57,0.5181,301,0.56,0.509,88,0.57,0.5181,1,0.565,0.5136,0,0
SPY190712P297,2019-07-10,2019-07-10 09:32:19,0.57,0.5181,1795,0.56,0.509,7,0.57,0.5181,1,0.565,0.5136,0,0
SPY190712P297,2019-07-10,2019-07-10 09:32:19,0.57,0.5181,693,0.56,0.509,7,0.57,0.5181,1,0.565,0.5136,0,0
SPY190712P297,2019-07-10,2019-07-10 09:32:20,0.56,0.509,642,0.55,0.5,190,0.57,0.5181,1,0.555,0.5045,0,0
SPY190712P297,2019-07-10,2019-07-10 09:32:20,0.56,0.509,91,0.55,0.5,190,0.57,0.5181,1,0.555,0.5045,0,0
SPY190712P297,2019-07-10,2019-07-10 09:32:21,0.56,0.509,340,0.55,0.5,198,0.57,0.5181,1,0.555,0.5045,0,0
SPY190712P297,2019-07-10,2019-07-10 09:32:22,0.56,0.509,1003,0.54,0.4909,630,0.57,0.5181,1,0.55,0.5,0,0
SPY190712P297,2019-07-10,2019-07-10 09:32:22,0.56,0.509,829,0.54,0.4909,643,0.57,0.5181,1,0.55,0.5,0,0
SPY190712P297,2019-07-10,2019-07-10 09:32:23,0.56,0.509,1418,0.54,0.4909,630,0.57,0.5181,1,0.55,0.5,0,0
SPY190712P297,2019-07-10,2019-07-10 09:32:23,0.55,0.5,5,0.54,0.4909,328,0.57,0.5181,1,0.545,0.4954,0,0
SPY190712P297,2019-07-10,2019-07-10 09:32:24,0.55,0.5,10,0.54,0.4909,405,0.57,0.5181,1,0.545,0.4954,0,0
SPY190712P297,2019-07-10,2019-07-10 09:32:25,0.55,0.5,142,0.54,0.4909,470,0.57,0.5181,1,0.545,0.4954,0,0
SPY190712P297,2019-07-10,2019-07-10 09:32:25,0.55,0.5,142,0.54,0.4909,246,0.57,0.5181,1,0.545,0.4954,0,0
SPY190712P297,2019-07-10,2019-07-10 09:32:26,0.55,0.5,129,0.54,0.4909,605,0.57,0.5181,1,0.545,0.4954,0,0
SPY190712P297,2019-07-10,2019-07-10 09:32:26,0.55,0.5,129,0.54,0.4909,1162,0.57,0.5181,1,0.545,0.4954,0,0
SPY190712P297,2019-07-10,2019-07-10 09:32:27,0.55,0.5,129,0.54,0.4909,1234,0.57,0.5181,1,0.545,0.4954,0,0
SPY190712P297,2019-07-10,2019-07-10 09:32:28,0.55,0.5,129,0.54,0.4909,1138,0.57,0.5181,1,0.545,0.4954,0,0
SPY190712P297,2019-07-10,2019-07-10 09:32:28,0.55,0.5,129,0.54,0.4909,1086,0.57,0.5181,1,0.545,0.4954,0,0
SPY190712P297,2019-07-10,2019-07-10 09:32:29,0.55,0.5,139,0.54,0.4909,1075,0.57,0.5181,1,0.545,0.4954,0,0
SPY190712P297,2019-07-10,2019-07-10 09:32:30,0.55,0.5,132,0.54,0.4909,1167,0.57,0.5181,1,0.545,0.4954,0,0
SPY190712P297,2019-07-10,2019-07-10 09:32:30,0.55,0.5,132,0.54,0.4909,866,0.57,0.5181,1,0.545,0.4954,0,0
SPY190712P297,2019-07-10,2019-07-10 09:32:31,0.55,0.5,149,0.54,0.4909,968,0.57,0.5181,1,0.545,0.4954,0,0
SPY190712P297,2019-07-10,2019-07-10 09:32:31,0.55,0.5,153,0.54,0.4909,1080,0.57,0.5181,1,0.545,0.4954,0,0
SPY190712P297,2019-07-10,2019-07-10 09:32:32,0.55,0.5,78,0.54,0.4909,1055,0.57,0.5181,1,0.545,0.4954,0,0
SPY190712P297,2019-07-10,2019-07-10 09:32:32,0.55,0.5,149,0.54,0.4909,1055,0.57,0.5181,1,0.545,0.4954,0,0
SPY190712P297,2019-07-10,2019-07-10 09:32:33,0.55,0.5,73,0.54,0.4909,1055,0.57,0.5181,1,0.545,0.4954,0,0
SPY190712P297,2019-07-10,2019-07-10 09:32:34,0.55,0.5,102,0.54,0.4909,1055,0.54,0.4909,1,0.545,0.4954,0,0
SPY190712P297,2019-07-10,2019-07-10 09:32:34,0.55,0.5,83,0.54,0.4909,1055,0.57,0.5181,1,0.545,0.4954,0,0
SPY190712P297,2019-07-10,2019-07-10 09:32:35,0.55,0.5,102,0.54,0.4909,1055,0.54,0.4909,1,0.545,0.4954,0,0
SPY190712P297,2019-07-10,2019-07-10 09:32:35,0.55,0.5,95,0.54,0.4909,1055,0.54,0.4909,1,0.545,0.4954,0,0
SPY190712P297,2019-07-10,2019-07-10 09:32:36,0.55,0.5,102,0.54,0.4909,1055,0.54,0.4909,1,0.545,0.4954,0,0
SPY190712P297,2019-07-10,2019-07-10 09:32:36,0.55,0.5,95,0.54,0.4909,1055,0.54,0.4909,1,0.545,0.4954,0,0
SPY190712P297,2019-07-10,2019-07-10 09:32:37,0.55,0.5,88,0.54,0.4909,211,0.54,0.4909,1,0.545,0.4954,0,0
SPY190712P297,2019-07-10,2019-07-10 09:32:37,0.55,0.5,95,0.54,0.4909,1055,0.54,0.4909,1,0.545,0.4954,0,0
SPY190712P297,2019-07-10,2019-07-10 09:32:38,0.55,0.5,112,0.54,0.4909,816,0.54,0.4909,1,0.545,0.4954,0,0
SPY190712P297,2019-07-10,2019-07-10 09:32:39,0.55,0.5,173,0.54,0.4909,119,0.54,0.4909,1,0.545,0.4954,0,0
SPY190712P297,2019-07-10,2019-07-10 09:32:39,0.55,0.5,107,0.54,0.4909,816,0.54,0.4909,1,0.545,0.4954,0,0
SPY190712P297,2019-07-10,2019-07-10 09:32:40,0.55,0.5,283,0.54,0.4909,45,0.54,0.4909,1,0.545,0.4954,0,0
SPY190712P297,2019-07-10,2019-07-10 09:32:40,0.55,0.5,174,0.54,0.4909,60,0.54,0.4909,1,0.545,0.4954,0,0
SPY190712P297,2019-07-10,2019-07-10 09:32:41,0.55,0.5,400,0.54,0.4909,68,0.54,0.4909,1,0.545,0.4954,0,0
SPY190712P297,2019-07-10,2019-07-10 09:32:41,0.55,0.5,767,0.54,0.4909,68,0.54,0.4909,1,0.545,0.4954,0,0
SPY190712P297,2019-07-10,2019-07-10 09:32:42,0.55,0.5,807,0.54,0.4909,68,0.54,0.4909,1,0.545,0.4954,0,0
SPY190712P297,2019-07-10,2019-07-10 09:32:43,0.55,0.5,972,0.54,0.4909,58,0.54,0.4909,1,0.545,0.4954,0,0
SPY190712P297,2019-07-10,2019-07-10 09:32:43,0.55,0.5,972,0.54,0.4909,5,0.54,0.4909,1,0.545,0.4954,0,0
SPY190712P297,2019-07-10,2019-07-10 09:32:44,0.55,0.5,997,0.54,0.4909,92,0.54,0.4909,1,0.545,0.4954,0,0
SPY190712P297,2019-07-10,2019-07-10 09:32:45,0.55,0.5,997,0.54,0.4909,64,0.54,0.4909,1,0.545,0.4954,0,0
SPY190712P297,2019-07-10,2019-07-10 09:32:46,0.55,0.5,1294,0.54,0.4909,5,0.54,0.4909,1,0.545,0.4954,0,0
SPY190712P297,2019-07-10,2019-07-10 09:32:46,0.55,0.5,1039,0.54,0.4909,12,0.54,0.4909,1,0.545,0.4954,0,0
SPY190712P297,2019-07-10,2019-07-10 09:32:47,0.55,0.5,984,0.54,0.4909,80,0.54,0.4909,1,0.545,0.4954,0,0
SPY190712P297,2019-07-10,2019-07-10 09:32:47,0.55,0.5,733,0.54,0.4909,240,0.54,0.4909,1,0.545,0.4954,0,0
SPY190712P297,2019-07-10,2019-07-10 09:32:48,0.55,0.5,1169,0.54,0.4909,153,0.54,0.4909,1,0.545,0.4954,0,0
SPY190712P297,2019-07-10,2019-07-10 09:32:48,0.55,0.5,1712,0.54,0.4909,153,0.54,0.4909,1,0.545,0.4954,0,0
SPY190712P297,2019-07-10,2019-07-10 09:32:49,0.55,0.5,1712,0.54,0.4909,153,0.54,0.4909,1,0.545,0.4954,0,0
SPY190712P297,2019-07-10,2019-07-10 09:32:50,0.55,0.5,1457,0.54,0.4909,148,0.54,0.4909,1,0.545,0.4954,0,0
SPY190712P297,2019-07-10,2019-07-10 09:32:50,0.55,0.5,1121,0.54,0.4909,84,0.54,0.4909,1,0.545,0.4954,0,0
SPY190712P297,2019-07-10,2019-07-10 09:32:51,0.55,0.5,1081,0.53,0.4818,664,0.54,0.4909,1,0.54,0.4909,0,0
SPY190712P297,2019-07-10,2019-07-10 09:32:52,0.55,0.5,1185,0.53,0.4818,5,0.54,0.4909,1,0.54,0.4909,0,0
SPY190712P297,2019-07-10,2019-07-10 09:32:53,0.54,0.4909,6,0.53,0.4818,201,0.54,0.4909,1,0.535,0.4863,0,0
SPY190712P297,2019-07-10,2019-07-10 09:32:53,0.54,0.4909,85,0.53,0.4818,151,0.54,0.4909,1,0.535,0.4863,0,0
SPY190712P297,2019-07-10,2019-07-10 09:32:54,0.54,0.4909,196,0.53,0.4818,201,0.54,0.4909,1,0.535,0.4863,0,0
SPY190712P297,2019-07-10,2019-07-10 09:32:54,0.54,0.4909,85,0.53,0.4818,201,0.54,0.4909,1,0.535,0.4863,0,0
SPY190712P297,2019-07-10,2019-07-10 09:32:55,0.54,0.4909,196,0.53,0.4818,166,0.54,0.4909,1,0.535,0.4863,0,0
SPY190712P297,2019-07-10,2019-07-10 09:32:55,0.54,0.4909,196,0.53,0.4818,152,0.54,0.4909,1,0.535,0.4863,0,0
SPY190712P297,2019-07-10,2019-07-10 09:32:56,0.54,0.4909,196,0.53,0.4818,202,0.54,0.4909,1,0.535,0.4863,0,0
SPY190712P297,2019-07-10,2019-07-10 09:32:56,0.54,0.4909,5,0.53,0.4818,202,0.54,0.4909,1,0.535,0.4863,0,0
SPY190712P297,2019-07-10,2019-07-10 09:32:57,0.54,0.4909,11,0.53,0.4818,182,0.54,0.4909,1,0.535,0.4863,0,0
SPY190712P297,2019-07-10,2019-07-10 09:32:58,0.54,0.4909,42,0.53,0.4818,96,0.54,0.4909,1,0.535,0.4863,0,0
SPY190712P297,2019-07-10,2019-07-10 09:32:58,0.54,0.4909,196,0.53,0.4818,166,0.54,0.4909,1,0.535,0.4863,0,0
SPY190712P297,2019-07-10,2019-07-10 09:32:59,0.54,0.4909,216,0.53,0.4818,94,0.54,0.4909,1,0.535,0.4863,0,0
SPY190712P297,2019-07-10,2019-07-10 09:32:59,0.54,0.4909,196,0.53,0.4818,201,0.54,0.4909,1,0.535,0.4863,0,0
SPY190712P297,2019-07-10,2019-07-10 09:33:00,0.54,0.4909,216,0.53,0.4818,180,0.54,0.4909,1,0.535,0.4863,0,0
SPY190712P297,2019-07-10,2019-07-10 09:33:00,0.54,0.4909,216,0.53,0.4818,191,0.54,0.4909,1,0.535,0.4863,0,0
SPY190712P297,2019-07-10,2019-07-10 09:33:01,0.54,0.4909,216,0.53,0.4818,444,0.54,0.4909,1,0.535,0.4863,0,0
SPY190712P297,2019-07-10,2019-07-10 09:33:02,0.54,0.4909,196,0.53,0.4818,209,0.54,0.4909,1,0.535,0.4863,0,0
SPY190712P297,2019-07-10,2019-07-10 09:33:02,0.54,0.4909,196,0.53,0.4818,438,0.54,0.4909,1,0.535,0.4863,0,0
SPY190712P297,2019-07-10,2019-07-10 09:33:03,0.54,0.4909,54,0.53,0.4818,527,0.54,0.4909,1,0.535,0.4863,0,0
SPY190712P297,2019-07-10,2019-07-10 09:33:03,0.55,0.5,271,0.53,0.4818,1271,0.54,0.4909,8,0.54,0.4909,0,0
SPY190712P297,2019-07-10,2019-07-10 09:33:04,0.55,0.5,274,0.54,0.4909,59,0.55,0.5,1,0.545,0.4954,0,0
SPY190712P297,2019-07-10,2019-07-10 09:33:04,0.55,0.5,274,0.54,0.4909,125,0.54,0.4909,10,0.545,0.4954,0,0
SPY190712P297,2019-07-10,2019-07-10 09:33:06,0.55,0.5,164,0.54,0.4909,16,0.54,0.4909,8,0.545,0.4954,0,0
SPY190712P297,2019-07-10,2019-07-10 09:33:06,0.55,0.5,865,0.53,0.4818,201,0.54,0.4909,8,0.54,0.4909,0,0
SPY190712P297,2019-07-10,2019-07-10 09:33:07,0.55,0.5,1411,0.53,0.4818,319,0.54,0.4909,8,0.54,0.4909,0,0
SPY190712P297,2019-07-10,2019-07-10 09:33:07,0.55,0.5,1248,0.53,0.4818,319,0.54,0.4909,8,0.54,0.4909,0,0
SPY190712P297,2019-07-10,2019-07-10 09:33:08,0.54,0.4909,90,0.53,0.4818,205,0.54,0.4909,8,0.535,0.4863,0,0
SPY190712P297,2019-07-10,2019-07-10 09:33:08,0.54,0.4909,255,0.53,0.4818,115,0.54,0.4909,8,0.535,0.4863,0,0
SPY190712P297,2019-07-10,2019-07-10 09:33:09,0.54,0.4909,85,0.53,0.4818,636,0.54,0.4909,8,0.535,0.4863,0,0
SPY190712P297,2019-07-10,2019-07-10 09:33:09,0.54,0.4909,101,0.53,0.4818,636,0.54,0.4909,8,0.535,0.4863,0,0
SPY190712P297,2019-07-10,2019-07-10 09:33:10,0.54,0.4909,140,0.53,0.4818,158,0.54,0.4909,8,0.535,0.4863,0,0
SPY190712P297,2019-07-10,2019-07-10 09:33:11,0.54,0.4909,242,0.53,0.4818,158,0.54,0.4909,8,0.535,0.4863,0,0
SPY190712P297,2019-07-10,2019-07-10 09:33:11,0.54,0.4909,203,0.53,0.4818,158,0.54,0.4909,8,0.535,0.4863,0,0
SPY190712P297,2019-07-10,2019-07-10 09:33:12,0.54,0.4909,203,0.53,0.4818,158,0.54,0.4909,8,0.535,0.4863,0,0
SPY190712P297,2019-07-10,2019-07-10 09:33:12,0.53,0.4818,100,0.52,0.4727,1033,0.54,0.4909,8,0.525,0.4772,0,0
SPY190712P297,2019-07-10,2019-07-10 09:33:13,0.53,0.4818,100,0.52,0.4727,309,0.54,0.4909,8,0.525,0.4772,0,0
SPY190712P297,2019-07-10,2019-07-10 09:33:13,0.53,0.4818,120,0.52,0.4727,308,0.54,0.4909,8,0.525,0.4772,0,0
SPY190712P297,2019-07-10,2019-07-10 09:33:14,0.53,0.4818,100,0.52,0.4727,695,0.54,0.4909,8,0.525,0.4772,0,0
SPY190712P297,2019-07-10,2019-07-10 09:33:14,0.53,0.4818,100,0.52,0.4727,368,0.54,0.4909,8,0.525,0.4772,0,0
SPY190712P297,2019-07-10,2019-07-10 09:33:15,0.54,0.4909,1242,0.53,0.4818,51,0.54,0.4909,8,0.535,0.4863,0,0
SPY190712P297,2019-07-10,2019-07-10 09:33:15,0.53,0.4818,100,0.52,0.4727,246,0.54,0.4909,8,0.525,0.4772,0,0
SPY190712P297,2019-07-10,2019-07-10 09:33:16,0.53,0.4818,100,0.52,0.4727,238,0.54,0.4909,8,0.525,0.4772,0,0
SPY190712P297,2019-07-10,2019-07-10 09:33:17,0.54,0.4909,403,0.53,0.4818,44,0.54,0.4909,8,0.535,0.4863,0,0
SPY190712P297,2019-07-10,2019-07-10 09:33:17,0.54,0.4909,351,0.52,0.4727,241,0.54,0.4909,8,0.53,0.4818,0,0
SPY190712P297,2019-07-10,2019-07-10 09:33:18,0.54,0.4909,564,0.53,0.4818,68,0.54,0.4909,8,0.535,0.4863,0,0
SPY190712P297,2019-07-10,2019-07-10 09:33:18,0.54,0.4909,917,0.53,0.4818,68,0.54,0.4909,8,0.535,0.4863,0,0
SPY190712P297,2019-07-10,2019-07-10 09:33:19,0.55,0.5,234,0.53,0.4818,216,0.54,0.4909,8,0.54,0.4909,0,0
SPY190712P297,2019-07-10,2019-07-10 09:33:20,0.54,0.4909,644,0.53,0.4818,118,0.53,0.4818,2,0.535,0.4863,0,0
SPY190712P297,2019-07-10,2019-07-10 09:33:20,0.54,0.4909,560,0.53,0.4818,26,0.54,0.4909,8,0.535,0.4863,0,0
SPY190712P297,2019-07-10,2019-07-10 09:33:21,0.54,0.4909,516,0.53,0.4818,108,0.53,0.4818,2,0.535,0.4863,0,0
SPY190712P297,2019-07-10,2019-07-10 09:33:21,0.54,0.4909,644,0.53,0.4818,108,0.53,0.4818,2,0.535,0.4863,0,0
SPY190712P297,2019-07-10,2019-07-10 09:33:22,0.54,0.4909,688,0.53,0.4818,149,0.53,0.4818,2,0.535,0.4863,0,0
SPY190712P297,2019-07-10,2019-07-10 09:33:22,0.54,0.4909,688,0.53,0.4818,132,0.53,0.4818,2,0.535,0.4863,0,0
SPY190712P297,2019-07-10,2019-07-10 09:33:23,0.54,0.4909,206,0.53,0.4818,107,0.53,0.4818,2,0.535,0.4863,0,0
SPY190712P297,2019-07-10,2019-07-10 09:33:24,0.54,0.4909,256,0.53,0.4818,100,0.53,0.4818,2,0.535,0.4863,0,0
SPY190712P297,2019-07-10,2019-07-10 09:33:24,0.54,0.4909,264,0.53,0.4818,100,0.53,0.4818,2,0.535,0.4863,0,0
SPY190712P297,2019-07-10,2019-07-10 09:33:25,0.55,0.5,612,0.53,0.4818,748,0.53,0.4818,2,0.54,0.4909,0,0
SPY190712P297,2019-07-10,2019-07-10 09:33:25,0.54,0.4909,150,0.53,0.4818,100,0.53,0.4818,2,0.535,0.4863,0,0
SPY190712P297,2019-07-10,2019-07-10 09:33:26,0.55,0.5,612,0.54,0.4909,77,0.53,0.4818,2,0.545,0.4954,0,0
SPY190712P297,2019-07-10,2019-07-10 09:33:26,0.55,0.5,291,0.54,0.4909,47,0.53,0.4818,2,0.545,0.4954,0,0
SPY190712P297,2019-07-10,2019-07-10 09:33:27,0.55,0.5,530,0.54,0.4909,10,0.55,0.5,2,0.545,0.4954,0,0
SPY190712P297,2019-07-10,2019-07-10 09:33:27,0.55,0.5,235,0.54,0.4909,47,0.55,0.5,2,0.545,0.4954,0,0
SPY190712P297,2019-07-10,2019-07-10 09:33:28,0.55,0.5,954,0.54,0.4909,10,0.55,0.5,2,0.545,0.4954,0,0
SPY190712P297,2019-07-10,2019-07-10 09:33:29,0.54,0.4909,1,0.52,0.4727,661,0.53,0.4818,6,0.53,0.4818,0,0
SPY190712P297,2019-07-10,2019-07-10 09:33:29,0.55,0.5,1583,0.54,0.4909,10,0.55,0.5,2,0.545,0.4954,0,0
SPY190712P297,2019-07-10,2019-07-10 09:33:30,0.54,0.4909,289,0.53,0.4818,637,0.53,0.4818,6,0.535,0.4863,0,0
SPY190712P297,2019-07-10,2019-07-10 09:33:30,0.55,0.5,878,0.54,0.4909,41,0.53,0.4818,6,0.545,0.4954,0,0
SPY190712P297,2019-07-10,2019-07-10 09:33:31,0.55,0.5,878,0.54,0.4909,45,0.53,0.4818,6,0.545,0.4954,0,0
SPY190712P297,2019-07-10,2019-07-10 09:33:32,0.55,0.5,878,0.54,0.4909,147,0.53,0.4818,6,0.545,0.4954,0,0
SPY190712P297,2019-07-10,2019-07-10 09:33:32,0.55,0.5,564,0.54,0.4909,49,0.53,0.4818,6,0.545,0.4954,0,0
SPY190712P297,2019-07-10,2019-07-10 09:33:33,0.55,0.5,208,0.54,0.4909,178,0.53,0.4818,6,0.545,0.4954,0,0
SPY190712P297,2019-07-10,2019-07-10 09:33:34,0.55,0.5,143,0.54,0.4909,92,0.53,0.4818,6,0.545,0.4954,0,0
SPY190712P297,2019-07-10,2019-07-10 09:33:35,0.55,0.5,13,0.54,0.4909,1441,0.53,0.4818,6,0.545,0.4954,0,0
SPY190712P297,2019-07-10,2019-07-10 09:33:35,0.55,0.5,13,0.54,0.4909,1585,0.53,0.4818,6,0.545,0.4954,0,0
SPY190712P297,2019-07-10,2019-07-10 09:33:36,0.56,0.509,103,0.55,0.5,32,0.55,0.5,8,0.555,0.5045,0,0
SPY190712P297,2019-07-10,2019-07-10 09:33:36,0.55,0.5,13,0.54,0.4909,1835,0.55,0.5,8,0.545,0.4954,0,0
SPY190712P297,2019-07-10,2019-07-10 09:33:37,0.56,0.509,148,0.55,0.5,10,0.55,0.5,8,0.555,0.5045,0,0
SPY190712P297,2019-07-10,2019-07-10 09:33:37,0.56,0.509,156,0.55,0.5,10,0.55,0.5,8,0.555,0.5045,0,0
SPY190712P297,2019-07-10,2019-07-10 09:33:38,0.56,0.509,209,0.55,0.5,10,0.55,0.5,8,0.555,0.5045,0,0
SPY190712P297,2019-07-10,2019-07-10 09:33:38,0.56,0.509,509,0.55,0.5,10,0.55,0.5,8,0.555,0.5045,0,0
SPY190712P297,2019-07-10,2019-07-10 09:33:39,0.56,0.509,509,0.55,0.5,10,0.55,0.5,8,0.555,0.5045,0,0
SPY190712P297,2019-07-10,2019-07-10 09:33:40,0.56,0.509,183,0.55,0.5,15,0.55,0.5,8,0.555,0.5045,0,0
SPY190712P297,2019-07-10,2019-07-10 09:33:40,0.56,0.509,509,0.55,0.5,60,0.55,0.5,8,0.555,0.5045,0,0
SPY190712P297,2019-07-10,2019-07-10 09:33:41,0.56,0.509,22,0.55,0.5,259,0.55,0.5,8,0.555,0.5045,0,0
SPY190712P297,2019-07-10,2019-07-10 09:33:41,0.56,0.509,150,0.55,0.5,438,0.55,0.5,8,0.555,0.5045,0,0
SPY190712P297,2019-07-10,2019-07-10 09:33:42,0.56,0.509,41,0.55,0.5,438,0.55,0.5,8,0.555,0.5045,0,0
SPY190712P297,2019-07-10,2019-07-10 09:33:42,0.57,0.5181,1005,0.55,0.5,438,0.55,0.5,8,0.56,0.509,0,0
SPY190712P297,2019-07-10,2019-07-10 09:33:43,0.56,0.509,118,0.55,0.5,863,0.55,0.5,8,0.555,0.5045,0,0
SPY190712P297,2019-07-10,2019-07-10 09:33:44,0.56,0.509,50,0.55,0.5,863,0.55,0.5,8,0.555,0.5045,0,0
SPY190712P297,2019-07-10,2019-07-10 09:33:44,0.56,0.509,83,0.55,0.5,863,0.55,0.5,8,0.555,0.5045,0,0
SPY190712P297,2019-07-10,2019-07-10 09:33:45,0.56,0.509,75,0.55,0.5,863,0.55,0.5,8,0.555,0.5045,0,0
SPY190712P297,2019-07-10,2019-07-10 09:33:45,0.56,0.509,41,0.55,0.5,863,0.55,0.5,8,0.555,0.5045,0,0
SPY190712P297,2019-07-10,2019-07-10 09:33:46,0.56,0.509,41,0.55,0.5,863,0.55,0.5,8,0.555,0.5045,0,0
SPY190712P297,2019-07-10,2019-07-10 09:33:47,0.57,0.5181,966,0.56,0.509,5,0.55,0.5,8,0.565,0.5136,0,0
SPY190712P297,2019-07-10,2019-07-10 09:33:47,0.56,0.509,41,0.55,0.5,1556,0.55,0.5,8,0.555,0.5045,0,0
SPY190712P297,2019-07-10,2019-07-10 09:33:48,0.57,0.5181,118,0.56,0.509,188,0.55,0.5,8,0.565,0.5136,0,0
SPY190712P297,2019-07-10,2019-07-10 09:33:48,0.57,0.5181,218,0.56,0.509,5,0.55,0.5,8,0.565,0.5136,0,0
SPY190712P297,2019-07-10,2019-07-10 09:33:49,0.58,0.5272,170,0.57,0.5181,345,0.55,0.5,8,0.575,0.5227,0,0
SPY190712P297,2019-07-10,2019-07-10 09:33:49,0.57,0.5181,41,0.56,0.509,188,0.55,0.5,8,0.565,0.5136,0,0
SPY190712P297,2019-07-10,2019-07-10 09:33:50,0.58,0.5272,41,0.57,0.5181,477,0.55,0.5,8,0.575,0.5227,0,0
SPY190712P297,2019-07-10,2019-07-10 09:33:50,0.58,0.5272,41,0.57,0.5181,222,0.55,0.5,8,0.575,0.5227,0,0
SPY190712P297,2019-07-10,2019-07-10 09:33:51,0.58,0.5272,189,0.57,0.5181,56,0.55,0.5,8,0.575,0.5227,0,0
SPY190712P297,2019-07-10,2019-07-10 09:33:52,0.58,0.5272,189,0.56,0.509,1322,0.55,0.5,8,0.57,0.5181,0,0
SPY190712P297,2019-07-10,2019-07-10 09:33:53,0.58,0.5272,189,0.56,0.509,1322,0.55,0.5,8,0.57,0.5181,0,0
SPY190712P297,2019-07-10,2019-07-10 09:33:54,0.58,0.5272,470,0.56,0.509,1322,0.55,0.5,8,0.57,0.5181,0,0
SPY190712P297,2019-07-10,2019-07-10 09:33:54,0.57,0.5181,41,0.56,0.509,1550,0.55,0.5,8,0.565,0.5136,0,0
SPY190712P297,2019-07-10,2019-07-10 09:33:55,0.58,0.5272,1495,0.56,0.509,1590,0.55,0.5,8,0.57,0.5181,0,0
SPY190712P297,2019-07-10,2019-07-10 09:33:55,0.58,0.5272,1418,0.56,0.509,1618,0.55,0.5,8,0.57,0.5181,0,0
SPY190712P297,2019-07-10,2019-07-10 09:33:56,0.58,0.5272,1465,0.56,0.509,1491,0.55,0.5,8,0.57,0.5181,0,0
SPY190712P297,2019-07-10,2019-07-10 09:33:57,0.58,0.5272,1125,0.56,0.509,1180,0.55,0.5,8,0.57,0.5181,0,0
SPY190712P297,2019-07-10,2019-07-10 09:33:57,0.58,0.5272,1392,0.56,0.509,1535,0.55,0.5,8,0.57,0.5181,0,0
SPY190712P297,2019-07-10,2019-07-10 09:33:58,0.57,0.5181,184,0.56,0.509,6,0.55,0.5,8,0.565,0.5136,0,0
SPY190712P297,2019-07-10,2019-07-10 09:33:58,0.58,0.5272,1392,0.56,0.509,1535,0.55,0.5,8,0.57,0.5181,0,0
SPY190712P297,2019-07-10,2019-07-10 09:33:59,0.57,0.5181,254,0.56,0.509,26,0.55,0.5,8,0.565,0.5136,0,0
SPY190712P297,2019-07-10,2019-07-10 09:33:59,0.57,0.5181,126,0.56,0.509,43,0.55,0.5,8,0.565,0.5136,0,0
SPY190712P297,2019-07-10,2019-07-10 09:34:00,0.57,0.5181,209,0.56,0.509,26,0.55,0.5,8,0.565,0.5136,0,0
SPY190712P297,2019-07-10,2019-07-10 09:34:01,0.57,0.5181,209,0.56,0.509,16,0.55,0.5,8,0.565,0.5136,0,0
SPY190712P297,2019-07-10,2019-07-10 09:34:01,0.57,0.5181,309,0.56,0.509,51,0.55,0.5,8,0.565,0.5136,0,0
SPY190712P297,2019-07-10,2019-07-10 09:34:02,0.57,0.5181,264,0.56,0.509,4,0.56,0.509,2,0.565,0.5136,0,0
SPY190712P297,2019-07-10,2019-07-10 09:34:02,0.57,0.5181,309,0.56,0.509,6,0.55,0.5,8,0.565,0.5136,0,0
SPY190712P297,2019-07-10,2019-07-10 09:34:03,0.57,0.5181,936,0.55,0.5,389,0.56,0.509,1,0.56,0.509,0,0
SPY190712P297,2019-07-10,2019-07-10 09:34:03,0.57,0.5181,241,0.56,0.509,4,0.56,0.509,2,0.565,0.5136,0,0
SPY190712P297,2019-07-10,2019-07-10 09:34:04,0.57,0.5181,936,0.55,0.5,324,0.55,0.5,1,0.56,0.509,0,0
SPY190712P297,2019-07-10,2019-07-10 09:34:05,0.56,0.509,353,0.55,0.5,10,0.55,0.5,1,0.555,0.5045,0,0
SPY190712P297,2019-07-10,2019-07-10 09:34:05,0.56,0.509,1204,0.55,0.5,4,0.55,0.5,2,0.555,0.5045,0,0
SPY190712P297,2019-07-10,2019-07-10 09:34:06,0.56,0.509,1204,0.55,0.5,4,0.55,0.5,2,0.555,0.5045,0,0
SPY190712P297,2019-07-10,2019-07-10 09:34:06,0.55,0.5,45,0.54,0.4909,98,0.55,0.5,1,0.545,0.4954,0,0
SPY190712P297,2019-07-10,2019-07-10 09:34:07,0.55,0.5,16,0.54,0.4909,116,0.55,0.5,1,0.545,0.4954,0,0
SPY190712P297,2019-07-10,2019-07-10 09:34:07,0.56,0.509,40,0.55,0.5,5,0.55,0.5,1,0.555,0.5045,0,0
SPY190712P297,2019-07-10,2019-07-10 09:34:08,0.56,0.509,147,0.55,0.5,193,0.55,0.5,1,0.555,0.5045,0,0
SPY190712P297,2019-07-10,2019-07-10 09:34:09,0.54,0.4909,52,0.53,0.4818,50,0.55,0.5,1,0.535,0.4863,0,0
SPY190712P297,2019-07-10,2019-07-10 09:34:09,0.54,0.4909,90,0.53,0.4818,192,0.55,0.5,1,0.535,0.4863,0,0
SPY190712P297,2019-07-10,2019-07-10 09:34:10,0.54,0.4909,103,0.53,0.4818,165,0.55,0.5,1,0.535,0.4863,0,0
SPY190712P297,2019-07-10,2019-07-10 09:34:10,0.54,0.4909,50,0.53,0.4818,779,0.55,0.5,1,0.535,0.4863,0,0
SPY190712P297,2019-07-10,2019-07-10 09:34:11,0.55,0.5,307,0.53,0.4818,262,0.55,0.5,1,0.54,0.4909,0,0
SPY190712P297,2019-07-10,2019-07-10 09:34:11,0.54,0.4909,104,0.53,0.4818,275,0.55,0.5,1,0.535,0.4863,0,0
SPY190712P297,2019-07-10,2019-07-10 09:34:12,0.54,0.4909,30,0.54,0.4909,176,0.55,0.5,1,0.54,0.4909,0,0
SPY190712P297,2019-07-10,2019-07-10 09:34:12,0.54,0.4909,103,0.53,0.4818,1366,0.55,0.5,1,0.535,0.4863,0,0
SPY190712P297,2019-07-10,2019-07-10 09:34:13,0.55,0.5,293,0.54,0.4909,54,0.55,0.5,1,0.545,0.4954,0,0
SPY190712P297,2019-07-10,2019-07-10 09:34:13,0.55,0.5,85,0.54,0.4909,269,0.55,0.5,1,0.545,0.4954,0,0
SPY190712P297,2019-07-10,2019-07-10 09:34:14,0.55,0.5,151,0.54,0.4909,110,0.55,0.5,1,0.545,0.4954,0,0
SPY190712P297,2019-07-10,2019-07-10 09:34:15,0.55,0.5,225,0.54,0.4909,250,0.55,0.5,1,0.545,0.4954,0,0
SPY190712P297,2019-07-10,2019-07-10 09:34:15,0.55,0.5,296,0.54,0.4909,156,0.55,0.5,1,0.545,0.4954,0,0
SPY190712P297,2019-07-10,2019-07-10 09:34:16,0.55,0.5,225,0.54,0.4909,828,0.55,0.5,1,0.545,0.4954,0,0
SPY190712P297,2019-07-10,2019-07-10 09:34:16,0.56,0.509,262,0.54,0.4909,1081,0.55,0.5,1,0.55,0.5,0,0
SPY190712P297,2019-07-10,2019-07-10 09:34:17,0.56,0.509,283,0.55,0.5,171,0.55,0.5,1,0.555,0.5045,0,0
SPY190712P297,2019-07-10,2019-07-10 09:34:18,0.56,0.509,304,0.55,0.5,10,0.55,0.5,1,0.555,0.5045,0,0
SPY190712P297,2019-07-10,2019-07-10 09:34:19,0.55,0.5,292,0.54,0.4909,90,0.55,0.5,1,0.545,0.4954,0,0
SPY190712P297,2019-07-10,2019-07-10 09:34:19,0.55,0.5,6,0.54,0.4909,384,0.55,0.5,1,0.545,0.4954,0,0
SPY190712P297,2019-07-10,2019-07-10 09:34:20,0.54,0.4909,35,0.53,0.4818,1438,0.55,0.5,1,0.535,0.4863,0,0
SPY190712P297,2019-07-10,2019-07-10 09:34:20,0.55,0.5,319,0.53,0.4818,1438,0.55,0.5,1,0.54,0.4909,0,0
SPY190712P297,2019-07-10,2019-07-10 09:34:21,0.54,0.4909,89,0.53,0.4818,1549,0.55,0.5,1,0.535,0.4863,0,0
SPY190712P297,2019-07-10,2019-07-10 09:34:22,0.54,0.4909,221,0.53,0.4818,143,0.55,0.5,1,0.535,0.4863,0,0
SPY190712P297,2019-07-10,2019-07-10 09:34:22,0.54,0.4909,111,0.53,0.4818,1549,0.55,0.5,1,0.535,0.4863,0,0
SPY190712P297,2019-07-10,2019-07-10 09:34:23,0.53,0.4818,15,0.52,0.4727,772,0.55,0.5,1,0.525,0.4772,0,0
SPY190712P297,2019-07-10,2019-07-10 09:34:23,0.54,0.4909,101,0.53,0.4818,143,0.55,0.5,1,0.535,0.4863,0,0
SPY190712P297,2019-07-10,2019-07-10 09:34:24,0.53,0.4818,41,0.52,0.4727,1025,0.53,0.4818,2,0.525,0.4772,0,0
SPY190712P297,2019-07-10,2019-07-10 09:34:24,0.53,0.4818,15,0.52,0.4727,489,0.55,0.5,1,0.525,0.4772,0,0
SPY190712P297,2019-07-10,2019-07-10 09:34:25,0.54,0.4909,678,0.53,0.4818,5,0.53,0.4818,2,0.535,0.4863,0,0
SPY190712P297,2019-07-10,2019-07-10 09:34:26,0.54,0.4909,95,0.53,0.4818,1526,0.53,0.4818,2,0.535,0.4863,0,0
SPY190712P297,2019-07-10,2019-07-10 09:34:26,0.54,0.4909,95,0.53,0.4818,2101,0.53,0.4818,2,0.535,0.4863,0,0
SPY190712P297,2019-07-10,2019-07-10 09:34:27,0.54,0.4909,101,0.53,0.4818,853,0.53,0.4818,2,0.535,0.4863,0,0
SPY190712P297,2019-07-10,2019-07-10 09:34:27,0.54,0.4909,106,0.53,0.4818,876,0.53,0.4818,2,0.535,0.4863,0,0
SPY190712P297,2019-07-10,2019-07-10 09:34:28,0.54,0.4909,66,0.53,0.4818,386,0.53,0.4818,2,0.535,0.4863,0,0
SPY190712P297,2019-07-10,2019-07-10 09:34:28,0.54,0.4909,121,0.53,0.4818,601,0.53,0.4818,2,0.535,0.4863,0,0
SPY190712P297,2019-07-10,2019-07-10 09:34:29,0.54,0.4909,114,0.53,0.4818,521,0.53,0.4818,2,0.535,0.4863,0,0
SPY190712P297,2019-07-10,2019-07-10 09:34:30,0.54,0.4909,267,0.52,0.4727,987,0.53,0.4818,2,0.53,0.4818,0,0
SPY190712P297,2019-07-10,2019-07-10 09:34:30,0.54,0.4909,182,0.53,0.4818,70,0.53,0.4818,2,0.535,0.4863,0,0
SPY190712P297,2019-07-10,2019-07-10 09:34:31,0.53,0.4818,41,0.52,0.4727,1268,0.53,0.4818,2,0.525,0.4772,0,0
SPY190712P297,2019-07-10,2019-07-10 09:34:31,0.53,0.4818,51,0.52,0.4727,1258,0.53,0.4818,2,0.525,0.4772,0,0
SPY190712P297,2019-07-10,2019-07-10 09:34:32,0.53,0.4818,42,0.52,0.4727,1540,0.53,0.4818,2,0.525,0.4772,0,0
SPY190712P297,2019-07-10,2019-07-10 09:34:32,0.53,0.4818,239,0.52,0.4727,146,0.53,0.4818,2,0.525,0.4772,0,0
SPY190712P297,2019-07-10,2019-07-10 09:34:33,0.53,0.4818,990,0.51,0.4636,268,0.51,0.4636,1,0.52,0.4727,0,0
SPY190712P297,2019-07-10,2019-07-10 09:34:33,0.53,0.4818,889,0.51,0.4636,1175,0.53,0.4818,1,0.52,0.4727,0,0
SPY190712P297,2019-07-10,2019-07-10 09:34:34,0.52,0.4727,35,0.51,0.4636,2131,0.51,0.4636,1,0.515,0.4681,0,0
SPY190712P297,2019-07-10,2019-07-10 09:34:35,0.52,0.4727,35,0.51,0.4636,961,0.51,0.4636,1,0.515,0.4681,0,0
SPY190712P297,2019-07-10,2019-07-10 09:34:35,0.52,0.4727,41,0.51,0.4636,695,0.51,0.4636,1,0.515,0.4681,0,0
SPY190712P297,2019-07-10,2019-07-10 09:34:36,0.52,0.4727,41,0.51,0.4636,322,0.51,0.4636,1,0.515,0.4681,0,0
SPY190712P297,2019-07-10,2019-07-10 09:34:36,0.52,0.4727,67,0.51,0.4636,322,0.51,0.4636,1,0.515,0.4681,0,0
SPY190712P297,2019-07-10,2019-07-10 09:34:37,0.53,0.4818,765,0.51,0.4636,1254,0.51,0.4636,1,0.52,0.4727,0,0
SPY190712P297,2019-07-10,2019-07-10 09:34:37,0.52,0.4727,42,0.51,0.4636,718,0.51,0.4636,1,0.515,0.4681,0,0
SPY190712P297,2019-07-10,2019-07-10 09:34:38,0.53,0.4818,676,0.51,0.4636,1980,0.51,0.4636,1,0.52,0.4727,0,0
SPY190712P297,2019-07-10,2019-07-10 09:34:39,0.53,0.4818,748,0.52,0.4727,33,0.51,0.4636,1,0.525,0.4772,0,0
SPY190712P297,2019-07-10,2019-07-10 09:34:39,0.53,0.4818,676,0.52,0.4727,54,0.51,0.4636,1,0.525,0.4772,0,0
SPY190712P297,2019-07-10,2019-07-10 09:34:40,0.53,0.4818,987,0.52,0.4727,60,0.51,0.4636,1,0.525,0.4772,0,0
SPY190712P297,2019-07-10,2019-07-10 09:34:40,0.53,0.4818,1078,0.52,0.4727,18,0.51,0.4636,1,0.525,0.4772,0,0
SPY190712P297,2019-07-10,2019-07-10 09:34:41,0.53,0.4818,884,0.52,0.4727,10,0.51,0.4636,1,0.525,0.4772,0,0
SPY190712P297,2019-07-10,2019-07-10 09:34:41,0.53,0.4818,987,0.52,0.4727,53,0.51,0.4636,1,0.525,0.4772,0,0
SPY190712P297,2019-07-10,2019-07-10 09:34:42,0.53,0.4818,261,0.52,0.4727,93,0.51,0.4636,1,0.525,0.4772,0,0
SPY190712P297,2019-07-10,2019-07-10 09:34:42,0.53,0.4818,208,0.52,0.4727,203,0.51,0.4636,1,0.525,0.4772,0,0
SPY190712P297,2019-07-10,2019-07-10 09:34:43,0.53,0.4818,35,0.52,0.4727,101,0.51,0.4636,1,0.525,0.4772,0,0
SPY190712P297,2019-07-10,2019-07-10 09:34:44,0.53,0.4818,700,0.52,0.4727,6,0.51,0.4636,1,0.525,0.4772,0,0
SPY190712P297,2019-07-10,2019-07-10 09:34:44,0.53,0.4818,645,0.52,0.4727,10,0.51,0.4636,1,0.525,0.4772,0,0
SPY190712P297,2019-07-10,2019-07-10 09:34:45,0.53,0.4818,796,0.52,0.4727,6,0.51,0.4636,1,0.525,0.4772,0,0
SPY190712P297,2019-07-10,2019-07-10 09:34:45,0.53,0.4818,700,0.52,0.4727,6,0.51,0.4636,1,0.525,0.4772,0,0
SPY190712P297,2019-07-10,2019-07-10 09:34:46,0.53,0.4818,283,0.52,0.4727,2,0.51,0.4636,1,0.525,0.4772,0,0
SPY190712P297,2019-07-10,2019-07-10 09:34:46,0.53,0.4818,708,0.52,0.4727,2,0.51,0.4636,1,0.525,0.4772,0,0
SPY190712P297,2019-07-10,2019-07-10 09:34:47,0.53,0.4818,1121,0.52,0.4727,2,0.51,0.4636,1,0.525,0.4772,0,0
SPY190712P297,2019-07-10,2019-07-10 09:34:48,0.53,0.4818,312,0.52,0.4727,2,0.51,0.4636,1,0.525,0.4772,0,0
SPY190712P297,2019-07-10,2019-07-10 09:34:49,0.53,0.4818,642,0.52,0.4727,7,0.51,0.4636,1,0.525,0.4772,0,0
SPY190712P297,2019-07-10,2019-07-10 09:34:49,0.53,0.4818,438,0.52,0.4727,7,0.51,0.4636,1,0.525,0.4772,0,0
SPY190712P297,2019-07-10,2019-07-10 09:34:50,0.53,0.4818,957,0.52,0.4727,6,0.51,0.4636,1,0.525,0.4772,0,0
SPY190712P297,2019-07-10,2019-07-10 09:34:51,0.53,0.4818,957,0.51,0.4636,1270,0.52,0.4727,1,0.52,0.4727,0,0
SPY190712P297,2019-07-10,2019-07-10 09:34:51,0.52,0.4727,150,0.51,0.4636,200,0.52,0.4727,1,0.515,0.4681,0,0
SPY190712P297,2019-07-10,2019-07-10 09:34:52,0.52,0.4727,184,0.51,0.4636,211,0.52,0.4727,1,0.515,0.4681,0,0
SPY190712P297,2019-07-10,2019-07-10 09:34:52,0.52,0.4727,183,0.51,0.4636,200,0.52,0.4727,1,0.515,0.4681,0,0
SPY190712P297,2019-07-10,2019-07-10 09:34:53,0.52,0.4727,194,0.51,0.4636,211,0.52,0.4727,1,0.515,0.4681,0,0
SPY190712P297,2019-07-10,2019-07-10 09:34:53,0.52,0.4727,324,0.51,0.4636,211,0.52,0.4727,1,0.515,0.4681,0,0
SPY190712P297,2019-07-10,2019-07-10 09:34:54,0.52,0.4727,387,0.51,0.4636,211,0.52,0.4727,1,0.515,0.4681,0,0
SPY190712P297,2019-07-10,2019-07-10 09:34:55,0.52,0.4727,387,0.51,0.4636,211,0.52,0.4727,1,0.515,0.4681,0,0
SPY190712P297,2019-07-10,2019-07-10 09:34:55,0.52,0.4727,387,0.5,0.4545,923,0.52,0.4727,1,0.51,0.4636,0,0
SPY190712P297,2019-07-10,2019-07-10 09:34:56,0.52,0.4727,396,0.51,0.4636,6,0.52,0.4727,2,0.515,0.4681,0,0
SPY190712P297,2019-07-10,2019-07-10 09:34:56,0.52,0.4727,278,0.5,0.4545,923,0.52,0.4727,2,0.51,0.4636,0,0
SPY190712P297,2019-07-10,2019-07-10 09:34:57,0.52,0.4727,263,0.5,0.4545,2075,0.52,0.4727,2,0.51,0.4636,0,0
SPY190712P297,2019-07-10,2019-07-10 09:34:58,0.52,0.4727,819,0.5,0.4545,2193,0.52,0.4727,2,0.51,0.4636,0,0
SPY190712P297,2019-07-10,2019-07-10 09:34:58,0.51,0.4636,81,0.5,0.4545,645,0.52,0.4727,2,0.505,0.459,0,0
SPY190712P297,2019-07-10,2019-07-10 09:34:59,0.51,0.4636,100,0.49,0.4454,477,0.52,0.4727,2,0.5,0.4545,0,0
SPY190712P297,2019-07-10,2019-07-10 09:35:01,0.51,0.4636,165,0.5,0.4545,192,0.52,0.4727,2,0.505,0.459,0,0
SPY190712P297,2019-07-10,2019-07-10 09:35:02,0.51,0.4636,127,0.5,0.4545,314,0.52,0.4727,2,0.505,0.459,0,0
SPY190712P297,2019-07-10,2019-07-10 09:35:02,0.51,0.4636,127,0.5,0.4545,331,0.52,0.4727,2,0.505,0.459,0,0
SPY190712P297,2019-07-10,2019-07-10 09:35:03,0.51,0.4636,127,0.5,0.4545,594,0.52,0.4727,2,0.505,0.459,0,0
SPY190712P297,2019-07-10,2019-07-10 09:35:06,0.5,0.4545,45,0.49,0.4454,1125,0.52,0.4727,2,0.495,0.45,0,0
SPY190712P297,2019-07-10,2019-07-10 09:35:07,0.51,0.4636,55,0.5,0.4545,10,0.5,0.4545,1,0.505,0.459,0,0
SPY190712P297,2019-07-10,2019-07-10 09:35:07,0.51,0.4636,16,0.5,0.4545,1,0.5,0.4545,1,0.505,0.459,0,0
SPY190712P297,2019-07-10,2019-07-10 09:35:08,0.51,0.4636,351,0.5,0.4545,59,0.5,0.4545,1,0.505,0.459,0,0
SPY190712P297,2019-07-10,2019-07-10 09:35:09,0.51,0.4636,94,0.5,0.4545,198,0.5,0.4545,8,0.505,0.459,0,0
SPY190712P297,2019-07-10,2019-07-10 09:35:09,0.51,0.4636,251,0.5,0.4545,6,0.5,0.4545,1,0.505,0.459,0,0
SPY190712P297,2019-07-10,2019-07-10 09:35:10,0.51,0.4636,75,0.5,0.4545,206,0.5,0.4545,1,0.505,0.459,0,0
SPY190712P297,2019-07-10,2019-07-10 09:35:11,0.51,0.4636,225,0.5,0.4545,16,0.5,0.4545,1,0.505,0.459,0,0
SPY190712P297,2019-07-10,2019-07-10 09:35:11,0.51,0.4636,75,0.5,0.4545,319,0.5,0.4545,1,0.505,0.459,0,0
SPY190712P297,2019-07-10,2019-07-10 09:35:12,0.51,0.4636,256,0.5,0.4545,208,0.5,0.4545,1,0.505,0.459,0,0
SPY190712P297,2019-07-10,2019-07-10 09:35:13,0.51,0.4636,88,0.5,0.4545,177,0.5,0.4545,1,0.505,0.459,0,0
SPY190712P297,2019-07-10,2019-07-10 09:35:14,0.51,0.4636,57,0.5,0.4545,762,0.51,0.4636,10,0.505,0.459,0,0
SPY190712P297,2019-07-10,2019-07-10 09:35:14,0.51,0.4636,84,0.5,0.4545,430,0.5,0.4545,1,0.505,0.459,0,0
SPY190712P297,2019-07-10,2019-07-10 09:35:15,0.51,0.4636,60,0.5,0.4545,208,0.51,0.4636,10,0.505,0.459,0,0
SPY190712P297,2019-07-10,2019-07-10 09:35:16,0.51,0.4636,185,0.5,0.4545,457,0.51,0.4636,10,0.505,0.459,0,0
SPY190712P297,2019-07-10,2019-07-10 09:35:17,0.51,0.4636,160,0.5,0.4545,427,0.51,0.4636,10,0.505,0.459,0,0
SPY190712P297,2019-07-10,2019-07-10 09:35:18,0.51,0.4636,146,0.5,0.4545,415,0.51,0.4636,10,0.505,0.459,0,0
SPY190712P297,2019-07-10,2019-07-10 09:35:19,0.51,0.4636,105,0.5,0.4545,1569,0.51,0.4636,10,0.505,0.459,0,0
SPY190712P297,2019-07-10,2019-07-10 09:35:20,0.51,0.4636,61,0.5,0.4545,466,0.51,0.4636,10,0.505,0.459,0,0
SPY190712P297,2019-07-10,2019-07-10 09:35:20,0.51,0.4636,127,0.5,0.4545,120,0.51,0.4636,10,0.505,0.459,0,0
SPY190712P297,2019-07-10,2019-07-10 09:35:21,0.51,0.4636,112,0.49,0.4454,1405,0.51,0.4636,10,0.5,0.4545,0,0
SPY190712P297,2019-07-10,2019-07-10 09:35:26,0.5,0.4545,691,0.49,0.4454,86,0.48,0.4363,3,0.495,0.45,0,0
SPY190712P297,2019-07-10,2019-07-10 09:35:26,0.49,0.4454,67,0.48,0.4363,1331,0.48,0.4363,3,0.485,0.4409,0,0
SPY190712P297,2019-07-10,2019-07-10 09:35:27,0.5,0.4545,691,0.49,0.4454,96,0.48,0.4363,3,0.495,0.45,0,0
SPY190712P297,2019-07-10,2019-07-10 09:35:27,0.5,0.4545,1114,0.48,0.4363,2187,0.48,0.4363,3,0.49,0.4454,0,0
SPY190712P297,2019-07-10,2019-07-10 09:35:28,0.5,0.4545,1510,0.49,0.4454,151,0.48,0.4363,3,0.495,0.45,0,0
SPY190712P297,2019-07-10,2019-07-10 09:35:29,0.5,0.4545,50,0.49,0.4454,864,0.48,0.4363,3,0.495,0.45,0,0
SPY190712P297,2019-07-10,2019-07-10 09:35:29,0.5,0.4545,119,0.49,0.4454,391,0.48,0.4363,3,0.495,0.45,0,0
SPY190712P297,2019-07-10,2019-07-10 09:35:30,0.5,0.4545,11,0.49,0.4454,1514,0.48,0.4363,3,0.495,0.45,0,0
SPY190712P297,2019-07-10,2019-07-10 09:35:30,0.5,0.4545,11,0.49,0.4454,1140,0.48,0.4363,3,0.495,0.45,0,0
SPY190712P297,2019-07-10,2019-07-10 09:35:31,0.5,0.4545,208,0.49,0.4454,206,0.48,0.4363,3,0.495,0.45,0,0
SPY190712P297,2019-07-10,2019-07-10 09:35:32,0.5,0.4545,398,0.49,0.4454,179,0.48,0.4363,3,0.495,0.45,0,0
SPY190712P297,2019-07-10,2019-07-10 09:35:32,0.5,0.4545,118,0.49,0.4454,1369,0.48,0.4363,3,0.495,0.45,0,0
SPY190712P297,2019-07-10,2019-07-10 09:35:33,0.5,0.4545,48,0.49,0.4454,1313,0.49,0.4454,2,0.495,0.45,0,0
SPY190712P297,2019-07-10,2019-07-10 09:35:33,0.5,0.4545,63,0.49,0.4454,1030,0.49,0.4454,2,0.495,0.45,0,0
SPY190712P297,2019-07-10,2019-07-10 09:35:34,0.5,0.4545,202,0.49,0.4454,326,0.49,0.4454,2,0.495,0.45,0,0
SPY190712P297,2019-07-10,2019-07-10 09:35:35,0.5,0.4545,327,0.49,0.4454,160,0.49,0.4454,11,0.495,0.45,0,0
SPY190712P297,2019-07-10,2019-07-10 09:35:35,0.5,0.4545,255,0.49,0.4454,160,0.49,0.4454,11,0.495,0.45,0,0
SPY190712P297,2019-07-10,2019-07-10 09:35:36,0.5,0.4545,427,0.49,0.4454,85,0.49,0.4454,11,0.495,0.45,0,0
SPY190712P297,2019-07-10,2019-07-10 09:35:36,0.5,0.4545,336,0.49,0.4454,304,0.49,0.4454,11,0.495,0.45,0,0
SPY190712P297,2019-07-10,2019-07-10 09:35:37,0.5,0.4545,336,0.49,0.4454,274,0.49,0.4454,11,0.495,0.45,0,0
SPY190712P297,2019-07-10,2019-07-10 09:35:38,0.5,0.4545,317,0.49,0.4454,309,0.49,0.4454,11,0.495,0.45,0,0
SPY190712P297,2019-07-10,2019-07-10 09:35:39,0.5,0.4545,185,0.49,0.4454,2144,0.49,0.4454,11,0.495,0.45,0,0
SPY190712P297,2019-07-10,2019-07-10 09:35:39,0.5,0.4545,185,0.49,0.4454,2184,0.49,0.4454,11,0.495,0.45,0,0
SPY190712P297,2019-07-10,2019-07-10 09:35:40,0.5,0.4545,208,0.49,0.4454,1935,0.49,0.4454,11,0.495,0.45,0,0
SPY190712P297,2019-07-10,2019-07-10 09:35:40,0.5,0.4545,185,0.49,0.4454,2184,0.49,0.4454,11,0.495,0.45,0,0
SPY190712P297,2019-07-10,2019-07-10 09:35:41,0.51,0.4636,316,0.49,0.4454,1613,0.49,0.4454,11,0.5,0.4545,0,0
SPY190712P297,2019-07-10,2019-07-10 09:35:41,0.51,0.4636,316,0.49,0.4454,1825,0.49,0.4454,11,0.5,0.4545,0,0
SPY190712P297,2019-07-10,2019-07-10 09:35:42,0.5,0.4545,178,0.49,0.4454,1395,0.49,0.4454,11,0.495,0.45,0,0
SPY190712P297,2019-07-10,2019-07-10 09:35:43,0.5,0.4545,149,0.49,0.4454,1567,0.49,0.4454,11,0.495,0.45,0,0
SPY190712P297,2019-07-10,2019-07-10 09:35:43,0.5,0.4545,149,0.49,0.4454,1854,0.49,0.4454,11,0.495,0.45,0,0
SPY190712P297,2019-07-10,2019-07-10 09:35:44,0.51,0.4636,258,0.5,0.4545,282,0.49,0.4454,11,0.505,0.459,0,0
SPY190712P297,2019-07-10,2019-07-10 09:35:44,0.51,0.4636,232,0.5,0.4545,243,0.49,0.4454,11,0.505,0.459,0,0
SPY190712P297,2019-07-10,2019-07-10 09:35:45,0.51,0.4636,338,0.5,0.4545,205,0.49,0.4454,11,0.505,0.459,0,0
SPY190712P297,2019-07-10,2019-07-10 09:35:46,0.51,0.4636,313,0.5,0.4545,264,0.49,0.4454,11,0.505,0.459,0,0
SPY190712P297,2019-07-10,2019-07-10 09:35:46,0.51,0.4636,417,0.5,0.4545,205,0.49,0.4454,11,0.505,0.459,0,0
SPY190712P297,2019-07-10,2019-07-10 09:35:47,0.51,0.4636,206,0.5,0.4545,47,0.49,0.4454,11,0.505,0.459,0,0
SPY190712P297,2019-07-10,2019-07-10 09:35:48,0.51,0.4636,1243,0.5,0.4545,76,0.49,0.4454,11,0.505,0.459,0,0
SPY190712P297,2019-07-10,2019-07-10 09:35:48,0.5,0.4545,5,0.5,0.4545,66,0.49,0.4454,11,0.5,0.4545,0,0
SPY190712P297,2019-07-10,2019-07-10 09:35:49,0.51,0.4636,733,0.49,0.4454,916,0.49,0.4454,11,0.5,0.4545,0,0
SPY190712P297,2019-07-10,2019-07-10 09:35:50,0.5,0.4545,94,0.49,0.4454,95,0.49,0.4454,11,0.495,0.45,0,0
SPY190712P297,2019-07-10,2019-07-10 09:35:51,0.5,0.4545,46,0.49,0.4454,1884,0.49,0.4454,11,0.495,0.45,0,0
SPY190712P297,2019-07-10,2019-07-10 09:35:51,0.5,0.4545,232,0.49,0.4454,1002,0.49,0.4454,11,0.495,0.45,0,0
SPY190712P297,2019-07-10,2019-07-10 09:35:52,0.51,0.4636,254,0.5,0.4545,158,0.49,0.4454,11,0.505,0.459,0,0
SPY190712P297,2019-07-10,2019-07-10 09:35:53,0.51,0.4636,614,0.49,0.4454,1450,0.49,0.4454,11,0.5,0.4545,0,0
SPY190712P297,2019-07-10,2019-07-10 09:35:54,0.5,0.4545,5,0.49,0.4454,1830,0.49,0.4454,11,0.495,0.45,0,0
SPY190712P297,2019-07-10,2019-07-10 09:35:54,0.51,0.4636,614,0.49,0.4454,686,0.49,0.4454,11,0.5,0.4545,0,0
SPY190712P297,2019-07-10,2019-07-10 09:35:55,0.51,0.4636,576,0.5,0.4545,207,0.49,0.4454,11,0.505,0.459,0,0
SPY190712P297,2019-07-10,2019-07-10 09:35:55,0.51,0.4636,793,0.5,0.4545,112,0.49,0.4454,11,0.505,0.459,0,0
SPY190712P297,2019-07-10,2019-07-10 09:35:56,0.51,0.4636,508,0.5,0.4545,198,0.49,0.4454,11,0.505,0.459,0,0
SPY190712P297,2019-07-10,2019-07-10 09:35:56,0.51,0.4636,508,0.5,0.4545,193,0.49,0.4454,11,0.505,0.459,0,0
SPY190712P297,2019-07-10,2019-07-10 09:35:57,0.51,0.4636,514,0.5,0.4545,261,0.49,0.4454,11,0.505,0.459,0,0
SPY190712P297,2019-07-10,2019-07-10 09:35:58,0.51,0.4636,481,0.5,0.4545,176,0.49,0.4454,11,0.505,0.459,0,0
SPY190712P297,2019-07-10,2019-07-10 09:35:58,0.51,0.4636,481,0.5,0.4545,175,0.49,0.4454,11,0.505,0.459,0,0
SPY190712P297,2019-07-10,2019-07-10 09:35:59,0.51,0.4636,346,0.5,0.4545,171,0.49,0.4454,11,0.505,0.459,0,0
SPY190712P297,2019-07-10,2019-07-10 09:35:59,0.51,0.4636,481,0.5,0.4545,171,0.49,0.4454,11,0.505,0.459,0,0
SPY190712P297,2019-07-10,2019-07-10 09:36:00,0.51,0.4636,232,0.5,0.4545,226,0.49,0.4454,11,0.505,0.459,0,0
SPY190712P297,2019-07-10,2019-07-10 09:36:00,0.51,0.4636,100,0.5,0.4545,450,0.49,0.4454,11,0.505,0.459,0,0
SPY190712P297,2019-07-10,2019-07-10 09:36:01,0.51,0.4636,84,0.5,0.4545,651,0.49,0.4454,11,0.505,0.459,0,0
SPY190712P297,2019-07-10,2019-07-10 09:36:02,0.51,0.4636,7,0.5,0.4545,1292,0.49,0.4454,11,0.505,0.459,0,0
SPY190712P297,2019-07-10,2019-07-10 09:36:02,0.51,0.4636,35,0.5,0.4545,1429,0.49,0.4454,11,0.505,0.459,0,0
SPY190712P297,2019-07-10,2019-07-10 09:36:03,0.51,0.4636,94,0.5,0.4545,2290,0.49,0.4454,11,0.505,0.459,0,0
SPY190712P297,2019-07-10,2019-07-10 09:36:03,0.51,0.4636,94,0.5,0.4545,1900,0.49,0.4454,11,0.505,0.459,0,0
SPY190712P297,2019-07-10,2019-07-10 09:36:04,0.51,0.4636,40,0.5,0.4545,1429,0.49,0.4454,11,0.505,0.459,0,0
SPY190712P297,2019-07-10,2019-07-10 09:36:04,0.51,0.4636,2,0.5,0.4545,1429,0.49,0.4454,11,0.505,0.459,0,0
SPY190712P297,2019-07-10,2019-07-10 09:36:05,0.51,0.4636,45,0.5,0.4545,710,0.49,0.4454,11,0.505,0.459,0,0
SPY190712P297,2019-07-10,2019-07-10 09:36:06,0.51,0.4636,207,0.5,0.4545,542,0.49,0.4454,11,0.505,0.459,0,0
SPY190712P297,2019-07-10,2019-07-10 09:36:06,0.51,0.4636,63,0.5,0.4545,934,0.49,0.4454,11,0.505,0.459,0,0
SPY190712P297,2019-07-10,2019-07-10 09:36:07,0.51,0.4636,95,0.5,0.4545,1308,0.49,0.4454,11,0.505,0.459,0,0
SPY190712P297,2019-07-10,2019-07-10 09:36:07,0.51,0.4636,96,0.5,0.4545,1308,0.49,0.4454,11,0.505,0.459,0,0
SPY190712P297,2019-07-10,2019-07-10 09:36:08,0.51,0.4636,227,0.5,0.4545,130,0.49,0.4454,11,0.505,0.459,0,0
SPY190712P297,2019-07-10,2019-07-10 09:36:08,0.51,0.4636,95,0.5,0.4545,227,0.49,0.4454,11,0.505,0.459,0,0
SPY190712P297,2019-07-10,2019-07-10 09:36:09,0.51,0.4636,294,0.5,0.4545,110,0.49,0.4454,11,0.505,0.459,0,0
SPY190712P297,2019-07-10,2019-07-10 09:36:11,0.5,0.4545,208,0.49,0.4454,40,0.5,0.4545,2,0.495,0.45,0,0
SPY190712P297,2019-07-10,2019-07-10 09:36:11,0.5,0.4545,324,0.49,0.4454,7,0.5,0.4545,2,0.495,0.45,0,0
