symbol,Date,quote_time,ask_price,norm_ask_price,ask_size,bid_price,norm_bid_price,bid_size,last_trade_price,norm_last_trade_price,last_trade_size,mark_price,norm_mark_price,volume,Volume
IWM190920C158,2019-09-16,2019-09-16 09:30:00,1.04,1.0,22,0.95,0.9134,22,1.24,1.1923,10,0.995,0.9567,0,0
IWM190920C158,2019-09-16,2019-09-16 09:30:01,1.04,1.0,22,0.95,0.9134,22,1.24,1.1923,10,0.995,0.9567,0,0
IWM190920C158,2019-09-16,2019-09-16 09:30:02,1.04,1.0,22,1.0,0.9615,30,1.24,1.1923,10,1.02,0.9807,0,0
IWM190920C158,2019-09-16,2019-09-16 09:30:02,1.04,1.0,15,1.01,0.9711,60,1.24,1.1923,10,1.025,0.9855,0,0
IWM190920C158,2019-09-16,2019-09-16 09:30:03,1.05,1.0096,22,1.01,0.9711,60,1.24,1.1923,10,1.03,0.9903,0,0
IWM190920C158,2019-09-16,2019-09-16 09:30:03,1.06,1.0192,32,1.03,0.9903,60,1.24,1.1923,10,1.045,1.0048,0,0
IWM190920C158,2019-09-16,2019-09-16 09:30:04,1.07,1.0288,22,1.02,0.9807,30,1.24,1.1923,10,1.045,1.0048,0,0
IWM190920C158,2019-09-16,2019-09-16 09:30:04,1.06,1.0192,10,1.02,0.9807,30,1.24,1.1923,10,1.04,1.0,0,0
IWM190920C158,2019-09-16,2019-09-16 09:30:05,1.08,1.0384,22,1.03,0.9903,30,1.06,1.0192,22,1.055,1.0144,22,0
IWM190920C158,2019-09-16,2019-09-16 09:30:05,1.08,1.0384,22,1.03,0.9903,30,1.06,1.0192,22,1.055,1.0144,22,22
IWM190920C158,2019-09-16,2019-09-16 09:30:06,1.08,1.0384,22,1.04,1.0,30,1.06,1.0192,3,1.06,1.0192,25,0
IWM190920C158,2019-09-16,2019-09-16 09:30:06,1.08,1.0384,22,1.03,0.9903,30,1.06,1.0192,3,1.055,1.0144,25,3
IWM190920C158,2019-09-16,2019-09-16 09:30:07,1.07,1.0288,22,1.04,1.0,60,1.06,1.0192,3,1.055,1.0144,25,0
IWM190920C158,2019-09-16,2019-09-16 09:30:07,1.08,1.0384,22,1.04,1.0,60,1.06,1.0192,3,1.06,1.0192,25,0
IWM190920C158,2019-09-16,2019-09-16 09:30:08,1.07,1.0288,22,1.04,1.0,196,1.06,1.0192,3,1.055,1.0144,25,0
IWM190920C158,2019-09-16,2019-09-16 09:30:08,1.07,1.0288,22,1.04,1.0,60,1.06,1.0192,3,1.055,1.0144,25,0
IWM190920C158,2019-09-16,2019-09-16 09:30:09,1.07,1.0288,22,1.05,1.0096,196,1.06,1.0192,3,1.06,1.0192,25,0
IWM190920C158,2019-09-16,2019-09-16 09:30:09,1.07,1.0288,51,1.05,1.0096,196,1.06,1.0192,3,1.06,1.0192,25,0
IWM190920C158,2019-09-16,2019-09-16 09:30:10,1.07,1.0288,51,1.05,1.0096,196,1.06,1.0192,3,1.06,1.0192,25,0
IWM190920C158,2019-09-16,2019-09-16 09:30:11,1.07,1.0288,23,1.04,1.0,199,1.06,1.0192,3,1.055,1.0144,25,0
IWM190920C158,2019-09-16,2019-09-16 09:30:11,1.07,1.0288,42,1.04,1.0,86,1.06,1.0192,3,1.055,1.0144,25,0
IWM190920C158,2019-09-16,2019-09-16 09:30:12,1.07,1.0288,10,1.03,0.9903,346,1.06,1.0192,3,1.05,1.0096,25,0
IWM190920C158,2019-09-16,2019-09-16 09:30:12,1.08,1.0384,20,1.03,0.9903,346,1.06,1.0192,3,1.055,1.0144,25,0
IWM190920C158,2019-09-16,2019-09-16 09:30:13,1.08,1.0384,57,1.04,1.0,20,1.06,1.0192,3,1.06,1.0192,25,0
IWM190920C158,2019-09-16,2019-09-16 09:30:13,1.08,1.0384,178,1.02,0.9807,360,1.06,1.0192,3,1.05,1.0096,25,0
IWM190920C158,2019-09-16,2019-09-16 09:30:14,1.08,1.0384,178,1.02,0.9807,440,1.06,1.0192,3,1.05,1.0096,25,0
IWM190920C158,2019-09-16,2019-09-16 09:30:14,1.08,1.0384,234,1.02,0.9807,360,1.06,1.0192,3,1.05,1.0096,25,0
IWM190920C158,2019-09-16,2019-09-16 09:30:15,1.08,1.0384,264,1.02,0.9807,360,1.06,1.0192,3,1.05,1.0096,25,0
IWM190920C158,2019-09-16,2019-09-16 09:30:15,1.08,1.0384,115,1.03,0.9903,135,1.06,1.0192,3,1.055,1.0144,25,0
IWM190920C158,2019-09-16,2019-09-16 09:30:16,1.08,1.0384,51,1.03,0.9903,435,1.06,1.0192,3,1.055,1.0144,25,0
IWM190920C158,2019-09-16,2019-09-16 09:30:16,1.08,1.0384,141,1.03,0.9903,301,1.06,1.0192,3,1.055,1.0144,25,0
IWM190920C158,2019-09-16,2019-09-16 09:30:17,1.08,1.0384,134,1.05,1.0096,43,1.06,1.0192,3,1.065,1.024,25,0
IWM190920C158,2019-09-16,2019-09-16 09:30:18,1.08,1.0384,223,1.05,1.0096,20,1.06,1.0192,3,1.065,1.024,25,0
IWM190920C158,2019-09-16,2019-09-16 09:30:18,1.08,1.0384,223,1.05,1.0096,118,1.06,1.0192,3,1.065,1.024,25,0
IWM190920C158,2019-09-16,2019-09-16 09:30:19,1.08,1.0384,56,1.06,1.0192,118,1.06,1.0192,3,1.07,1.0288,25,0
IWM190920C158,2019-09-16,2019-09-16 09:30:19,1.09,1.048,21,1.06,1.0192,193,1.06,1.0192,3,1.075,1.0336,25,0
IWM190920C158,2019-09-16,2019-09-16 09:30:20,1.09,1.048,21,1.08,1.0384,118,1.06,1.0192,3,1.085,1.0432,25,0
IWM190920C158,2019-09-16,2019-09-16 09:30:21,1.09,1.048,21,1.08,1.0384,118,1.06,1.0192,3,1.085,1.0432,25,0
IWM190920C158,2019-09-16,2019-09-16 09:30:21,1.09,1.048,21,1.08,1.0384,190,1.06,1.0192,3,1.085,1.0432,25,0
IWM190920C158,2019-09-16,2019-09-16 09:30:22,1.09,1.048,21,1.08,1.0384,190,1.06,1.0192,3,1.085,1.0432,25,0
IWM190920C158,2019-09-16,2019-09-16 09:30:22,1.09,1.048,21,1.08,1.0384,230,1.06,1.0192,3,1.085,1.0432,25,0
IWM190920C158,2019-09-16,2019-09-16 09:30:23,1.09,1.048,11,1.08,1.0384,230,1.06,1.0192,3,1.085,1.0432,25,0
IWM190920C158,2019-09-16,2019-09-16 09:30:23,1.09,1.048,21,1.08,1.0384,230,1.06,1.0192,3,1.085,1.0432,25,0
IWM190920C158,2019-09-16,2019-09-16 09:30:24,1.09,1.048,11,1.08,1.0384,230,1.06,1.0192,3,1.085,1.0432,25,0
IWM190920C158,2019-09-16,2019-09-16 09:30:25,1.09,1.048,11,1.08,1.0384,230,1.06,1.0192,3,1.085,1.0432,25,0
IWM190920C158,2019-09-16,2019-09-16 09:30:26,1.09,1.048,11,1.08,1.0384,230,1.06,1.0192,3,1.085,1.0432,25,0
IWM190920C158,2019-09-16,2019-09-16 09:30:27,1.09,1.048,11,1.08,1.0384,112,1.06,1.0192,3,1.085,1.0432,25,0
IWM190920C158,2019-09-16,2019-09-16 09:30:28,1.09,1.048,11,1.08,1.0384,179,1.09,1.048,10,1.085,1.0432,35,10
IWM190920C158,2019-09-16,2019-09-16 09:30:28,1.09,1.048,11,1.08,1.0384,391,1.06,1.0192,3,1.085,1.0432,25,0
IWM190920C158,2019-09-16,2019-09-16 09:30:29,1.11,1.0673,61,1.08,1.0384,63,1.09,1.048,1,1.095,1.0528,36,1
IWM190920C158,2019-09-16,2019-09-16 09:30:29,1.09,1.048,11,1.08,1.0384,179,1.09,1.048,10,1.085,1.0432,35,0
IWM190920C158,2019-09-16,2019-09-16 09:30:30,1.11,1.0673,61,1.08,1.0384,43,1.09,1.048,1,1.095,1.0528,36,0
IWM190920C158,2019-09-16,2019-09-16 09:30:30,1.11,1.0673,150,1.08,1.0384,54,1.09,1.048,1,1.095,1.0528,36,0
IWM190920C158,2019-09-16,2019-09-16 09:30:31,1.11,1.0673,167,1.08,1.0384,22,1.09,1.048,1,1.095,1.0528,36,0
IWM190920C158,2019-09-16,2019-09-16 09:30:31,1.11,1.0673,167,1.08,1.0384,33,1.09,1.048,1,1.095,1.0528,36,0
IWM190920C158,2019-09-16,2019-09-16 09:30:32,1.11,1.0673,136,1.08,1.0384,33,1.09,1.048,1,1.095,1.0528,36,0
IWM190920C158,2019-09-16,2019-09-16 09:30:32,1.11,1.0673,83,1.08,1.0384,33,1.09,1.048,1,1.095,1.0528,36,0
IWM190920C158,2019-09-16,2019-09-16 09:30:33,1.11,1.0673,83,1.08,1.0384,33,1.09,1.048,1,1.095,1.0528,36,0
IWM190920C158,2019-09-16,2019-09-16 09:30:34,1.11,1.0673,129,1.08,1.0384,33,1.09,1.048,1,1.095,1.0528,36,0
IWM190920C158,2019-09-16,2019-09-16 09:30:34,1.11,1.0673,165,1.08,1.0384,36,1.09,1.048,1,1.095,1.0528,36,0
IWM190920C158,2019-09-16,2019-09-16 09:30:35,1.1,1.0576,17,1.08,1.0384,22,1.09,1.048,1,1.09,1.048,36,0
IWM190920C158,2019-09-16,2019-09-16 09:30:35,1.1,1.0576,13,1.08,1.0384,13,1.09,1.048,1,1.09,1.048,36,0
IWM190920C158,2019-09-16,2019-09-16 09:30:36,1.1,1.0576,13,1.08,1.0384,22,1.09,1.048,1,1.09,1.048,36,0
IWM190920C158,2019-09-16,2019-09-16 09:30:37,1.09,1.048,13,1.06,1.0192,25,1.09,1.048,1,1.075,1.0336,36,0
IWM190920C158,2019-09-16,2019-09-16 09:30:37,1.1,1.0576,13,1.07,1.0288,68,1.09,1.048,1,1.085,1.0432,36,0
IWM190920C158,2019-09-16,2019-09-16 09:30:38,1.09,1.048,29,1.06,1.0192,60,1.09,1.048,1,1.075,1.0336,36,0
IWM190920C158,2019-09-16,2019-09-16 09:30:38,1.09,1.048,27,1.06,1.0192,60,1.09,1.048,1,1.075,1.0336,36,0
IWM190920C158,2019-09-16,2019-09-16 09:30:39,1.09,1.048,27,1.06,1.0192,44,1.09,1.048,1,1.075,1.0336,36,0
IWM190920C158,2019-09-16,2019-09-16 09:30:39,1.08,1.0384,13,1.06,1.0192,23,1.09,1.048,1,1.07,1.0288,36,0
IWM190920C158,2019-09-16,2019-09-16 09:30:40,1.08,1.0384,13,1.06,1.0192,23,1.09,1.048,1,1.07,1.0288,36,0
IWM190920C158,2019-09-16,2019-09-16 09:30:41,1.08,1.0384,13,1.06,1.0192,22,1.09,1.048,1,1.07,1.0288,36,0
IWM190920C158,2019-09-16,2019-09-16 09:30:41,1.07,1.0288,13,1.04,1.0,39,1.09,1.048,1,1.055,1.0144,36,0
IWM190920C158,2019-09-16,2019-09-16 09:30:42,1.07,1.0288,13,1.04,1.0,60,1.09,1.048,1,1.055,1.0144,36,0
IWM190920C158,2019-09-16,2019-09-16 09:30:42,1.06,1.0192,13,1.04,1.0,28,1.09,1.048,1,1.05,1.0096,36,0
IWM190920C158,2019-09-16,2019-09-16 09:30:43,1.06,1.0192,13,1.04,1.0,56,1.09,1.048,1,1.05,1.0096,36,0
IWM190920C158,2019-09-16,2019-09-16 09:30:43,1.07,1.0288,17,1.04,1.0,64,1.09,1.048,1,1.055,1.0144,36,0
IWM190920C158,2019-09-16,2019-09-16 09:30:44,1.06,1.0192,13,1.04,1.0,64,1.09,1.048,1,1.05,1.0096,36,0
IWM190920C158,2019-09-16,2019-09-16 09:30:44,1.07,1.0288,17,1.04,1.0,64,1.09,1.048,1,1.055,1.0144,36,0
IWM190920C158,2019-09-16,2019-09-16 09:30:45,1.06,1.0192,13,1.04,1.0,47,1.09,1.048,1,1.05,1.0096,36,0
IWM190920C158,2019-09-16,2019-09-16 09:30:45,1.05,1.0096,13,1.02,0.9807,368,1.09,1.048,1,1.035,0.9951,36,0
IWM190920C158,2019-09-16,2019-09-16 09:30:46,1.05,1.0096,13,1.02,0.9807,71,1.09,1.048,1,1.035,0.9951,36,0
IWM190920C158,2019-09-16,2019-09-16 09:30:46,1.05,1.0096,13,1.02,0.9807,197,1.09,1.048,1,1.035,0.9951,36,0
IWM190920C158,2019-09-16,2019-09-16 09:30:47,1.05,1.0096,13,1.02,0.9807,71,1.09,1.048,1,1.035,0.9951,36,0
IWM190920C158,2019-09-16,2019-09-16 09:30:47,1.05,1.0096,13,1.02,0.9807,83,1.09,1.048,1,1.035,0.9951,36,0
IWM190920C158,2019-09-16,2019-09-16 09:30:48,1.05,1.0096,13,1.02,0.9807,63,1.09,1.048,1,1.035,0.9951,36,0
IWM190920C158,2019-09-16,2019-09-16 09:30:48,1.05,1.0096,13,1.02,0.9807,83,1.09,1.048,1,1.035,0.9951,36,0
IWM190920C158,2019-09-16,2019-09-16 09:30:49,1.05,1.0096,13,1.02,0.9807,101,1.09,1.048,1,1.035,0.9951,36,0
IWM190920C158,2019-09-16,2019-09-16 09:30:49,1.05,1.0096,13,1.02,0.9807,81,1.09,1.048,1,1.035,0.9951,36,0
IWM190920C158,2019-09-16,2019-09-16 09:30:50,1.04,1.0,13,1.02,0.9807,49,1.09,1.048,1,1.03,0.9903,36,0
IWM190920C158,2019-09-16,2019-09-16 09:30:50,1.04,1.0,13,1.02,0.9807,35,1.09,1.048,1,1.03,0.9903,36,0
IWM190920C158,2019-09-16,2019-09-16 09:30:51,1.03,0.9903,13,0.99,0.9519,13,1.03,0.9903,1,1.01,0.9711,37,1
IWM190920C158,2019-09-16,2019-09-16 09:30:51,1.03,0.9903,13,1.0,0.9615,101,1.09,1.048,1,1.015,0.9759,36,0
IWM190920C158,2019-09-16,2019-09-16 09:30:52,1.03,0.9903,5,1.01,0.9711,20,1.03,0.9903,1,1.02,0.9807,37,0
IWM190920C158,2019-09-16,2019-09-16 09:30:52,1.03,0.9903,5,1.02,0.9807,12,1.03,0.9903,1,1.025,0.9855,37,0
IWM190920C158,2019-09-16,2019-09-16 09:30:53,1.03,0.9903,5,1.01,0.9711,13,1.03,0.9903,1,1.02,0.9807,37,0
IWM190920C158,2019-09-16,2019-09-16 09:30:54,1.03,0.9903,5,1.0,0.9615,13,1.03,0.9903,1,1.015,0.9759,37,0
IWM190920C158,2019-09-16,2019-09-16 09:30:54,1.03,0.9903,18,1.01,0.9711,13,1.03,0.9903,1,1.02,0.9807,37,0
IWM190920C158,2019-09-16,2019-09-16 09:30:55,1.03,0.9903,18,1.01,0.9711,20,1.03,0.9903,1,1.02,0.9807,37,0
IWM190920C158,2019-09-16,2019-09-16 09:30:55,1.03,0.9903,5,1.02,0.9807,13,1.03,0.9903,1,1.025,0.9855,37,0
IWM190920C158,2019-09-16,2019-09-16 09:30:56,1.03,0.9903,5,1.02,0.9807,22,1.03,0.9903,1,1.025,0.9855,37,0
IWM190920C158,2019-09-16,2019-09-16 09:30:57,1.03,0.9903,5,1.02,0.9807,22,1.03,0.9903,1,1.025,0.9855,37,0
IWM190920C158,2019-09-16,2019-09-16 09:30:57,1.03,0.9903,5,1.02,0.9807,20,1.03,0.9903,1,1.025,0.9855,37,0
IWM190920C158,2019-09-16,2019-09-16 09:30:58,1.03,0.9903,5,1.02,0.9807,22,1.03,0.9903,1,1.025,0.9855,37,0
IWM190920C158,2019-09-16,2019-09-16 09:30:58,1.03,0.9903,5,1.02,0.9807,20,1.03,0.9903,1,1.025,0.9855,37,0
IWM190920C158,2019-09-16,2019-09-16 09:30:59,1.03,0.9903,5,1.01,0.9711,22,1.03,0.9903,1,1.02,0.9807,37,0
IWM190920C158,2019-09-16,2019-09-16 09:30:59,1.03,0.9903,18,1.0,0.9615,141,1.03,0.9903,1,1.015,0.9759,37,0
IWM190920C158,2019-09-16,2019-09-16 09:31:00,1.02,0.9807,13,1.0,0.9615,13,1.03,0.9903,1,1.01,0.9711,37,0
IWM190920C158,2019-09-16,2019-09-16 09:31:00,1.03,0.9903,5,1.0,0.9615,13,1.03,0.9903,1,1.015,0.9759,37,0
IWM190920C158,2019-09-16,2019-09-16 09:31:01,1.03,0.9903,54,1.0,0.9615,13,1.03,0.9903,1,1.015,0.9759,37,0
IWM190920C158,2019-09-16,2019-09-16 09:31:01,1.02,0.9807,13,1.0,0.9615,13,1.03,0.9903,1,1.01,0.9711,37,0
IWM190920C158,2019-09-16,2019-09-16 09:31:02,1.03,0.9903,172,1.0,0.9615,22,1.03,0.9903,1,1.015,0.9759,37,0
IWM190920C158,2019-09-16,2019-09-16 09:31:02,1.03,0.9903,54,1.0,0.9615,22,1.03,0.9903,1,1.015,0.9759,37,0
IWM190920C158,2019-09-16,2019-09-16 09:31:03,1.03,0.9903,173,1.01,0.9711,20,1.03,0.9903,1,1.02,0.9807,37,0
IWM190920C158,2019-09-16,2019-09-16 09:31:04,1.05,1.0096,45,1.02,0.9807,13,1.03,0.9903,1,1.035,0.9951,37,0
IWM190920C158,2019-09-16,2019-09-16 09:31:04,1.05,1.0096,61,1.02,0.9807,13,1.03,0.9903,1,1.035,0.9951,37,0
IWM190920C158,2019-09-16,2019-09-16 09:31:05,1.04,1.0,13,1.0,0.9615,13,1.03,0.9903,1,1.02,0.9807,37,0
IWM190920C158,2019-09-16,2019-09-16 09:31:05,1.04,1.0,13,1.02,0.9807,26,1.03,0.9903,1,1.03,0.9903,37,0
IWM190920C158,2019-09-16,2019-09-16 09:31:06,1.03,0.9903,35,0.99,0.9519,13,1.03,0.9903,1,1.01,0.9711,37,0
IWM190920C158,2019-09-16,2019-09-16 09:31:06,1.04,1.0,13,1.0,0.9615,13,1.03,0.9903,1,1.02,0.9807,37,0
IWM190920C158,2019-09-16,2019-09-16 09:31:07,1.03,0.9903,35,0.99,0.9519,13,1.03,0.9903,1,1.01,0.9711,37,0
IWM190920C158,2019-09-16,2019-09-16 09:31:07,1.01,0.9711,13,0.99,0.9519,13,1.03,0.9903,1,1.0,0.9615,37,0
IWM190920C158,2019-09-16,2019-09-16 09:31:08,1.0,0.9615,13,0.97,0.9326,13,1.03,0.9903,1,0.985,0.9471,37,0
IWM190920C158,2019-09-16,2019-09-16 09:31:09,1.0,0.9615,13,0.98,0.9423,10,1.03,0.9903,1,0.99,0.9519,37,0
IWM190920C158,2019-09-16,2019-09-16 09:31:09,1.0,0.9615,20,0.98,0.9423,13,1.03,0.9903,1,0.99,0.9519,37,0
IWM190920C158,2019-09-16,2019-09-16 09:31:10,1.0,0.9615,13,0.98,0.9423,13,1.03,0.9903,1,0.99,0.9519,37,0
IWM190920C158,2019-09-16,2019-09-16 09:31:10,1.0,0.9615,20,0.98,0.9423,13,1.03,0.9903,1,0.99,0.9519,37,0
IWM190920C158,2019-09-16,2019-09-16 09:31:11,1.01,0.9711,2,0.99,0.9519,20,1.03,0.9903,1,1.0,0.9615,37,0
IWM190920C158,2019-09-16,2019-09-16 09:31:11,1.0,0.9615,13,0.97,0.9326,57,1.03,0.9903,1,0.985,0.9471,37,0
IWM190920C158,2019-09-16,2019-09-16 09:31:12,1.01,0.9711,3,0.99,0.9519,13,1.03,0.9903,1,1.0,0.9615,37,0
IWM190920C158,2019-09-16,2019-09-16 09:31:12,1.01,0.9711,3,0.99,0.9519,20,1.03,0.9903,1,1.0,0.9615,37,0
IWM190920C158,2019-09-16,2019-09-16 09:31:13,1.01,0.9711,3,1.0,0.9615,20,1.03,0.9903,1,1.005,0.9663,37,0
IWM190920C158,2019-09-16,2019-09-16 09:31:14,1.01,0.9711,3,1.0,0.9615,20,1.03,0.9903,1,1.005,0.9663,37,0
IWM190920C158,2019-09-16,2019-09-16 09:31:15,1.03,0.9903,133,1.0,0.9615,20,1.03,0.9903,1,1.015,0.9759,37,0
IWM190920C158,2019-09-16,2019-09-16 09:31:15,1.02,0.9807,20,1.0,0.9615,13,1.03,0.9903,1,1.01,0.9711,37,0
IWM190920C158,2019-09-16,2019-09-16 09:31:16,1.02,0.9807,42,1.0,0.9615,20,1.03,0.9903,1,1.01,0.9711,37,0
IWM190920C158,2019-09-16,2019-09-16 09:31:16,1.02,0.9807,86,1.0,0.9615,20,1.03,0.9903,1,1.01,0.9711,37,0
IWM190920C158,2019-09-16,2019-09-16 09:31:17,1.02,0.9807,129,1.0,0.9615,26,1.03,0.9903,1,1.01,0.9711,37,0
IWM190920C158,2019-09-16,2019-09-16 09:31:17,1.02,0.9807,110,1.0,0.9615,20,1.03,0.9903,1,1.01,0.9711,37,0
IWM190920C158,2019-09-16,2019-09-16 09:31:18,1.01,0.9711,56,0.98,0.9423,13,1.03,0.9903,1,0.995,0.9567,37,0
IWM190920C158,2019-09-16,2019-09-16 09:31:18,1.01,0.9711,98,0.98,0.9423,13,1.03,0.9903,1,0.995,0.9567,37,0
IWM190920C158,2019-09-16,2019-09-16 09:31:19,1.0,0.9615,26,0.98,0.9423,26,1.03,0.9903,1,0.99,0.9519,37,0
IWM190920C158,2019-09-16,2019-09-16 09:31:20,1.0,0.9615,26,0.98,0.9423,26,1.03,0.9903,1,0.99,0.9519,37,0
IWM190920C158,2019-09-16,2019-09-16 09:31:20,0.99,0.9519,27,0.97,0.9326,13,1.03,0.9903,1,0.98,0.9423,37,0
IWM190920C158,2019-09-16,2019-09-16 09:31:21,0.99,0.9519,55,0.96,0.923,20,1.03,0.9903,1,0.975,0.9375,37,0
IWM190920C158,2019-09-16,2019-09-16 09:31:21,1.0,0.9615,27,0.98,0.9423,13,1.03,0.9903,1,0.99,0.9519,37,0
IWM190920C158,2019-09-16,2019-09-16 09:31:22,1.0,0.9615,20,0.98,0.9423,13,1.03,0.9903,1,0.99,0.9519,37,0
IWM190920C158,2019-09-16,2019-09-16 09:31:22,1.0,0.9615,7,0.99,0.9519,13,1.03,0.9903,1,0.995,0.9567,37,0
IWM190920C158,2019-09-16,2019-09-16 09:31:23,1.01,0.9711,42,0.99,0.9519,13,1.03,0.9903,1,1.0,0.9615,37,0
IWM190920C158,2019-09-16,2019-09-16 09:31:23,1.01,0.9711,20,0.99,0.9519,20,1.03,0.9903,1,1.0,0.9615,37,0
IWM190920C158,2019-09-16,2019-09-16 09:31:24,1.02,0.9807,13,0.99,0.9519,13,1.03,0.9903,1,1.005,0.9663,37,0
IWM190920C158,2019-09-16,2019-09-16 09:31:24,1.02,0.9807,55,0.99,0.9519,13,1.03,0.9903,1,1.005,0.9663,37,0
IWM190920C158,2019-09-16,2019-09-16 09:31:25,1.02,0.9807,58,0.99,0.9519,20,1.03,0.9903,1,1.005,0.9663,37,0
IWM190920C158,2019-09-16,2019-09-16 09:31:25,1.02,0.9807,42,1.0,0.9615,13,1.03,0.9903,1,1.01,0.9711,37,0
IWM190920C158,2019-09-16,2019-09-16 09:31:26,1.02,0.9807,55,0.99,0.9519,20,1.03,0.9903,1,1.005,0.9663,37,0
IWM190920C158,2019-09-16,2019-09-16 09:31:26,1.02,0.9807,97,0.99,0.9519,20,1.03,0.9903,1,1.005,0.9663,37,0
IWM190920C158,2019-09-16,2019-09-16 09:31:27,1.01,0.9711,13,0.99,0.9519,20,1.03,0.9903,1,1.0,0.9615,37,0
IWM190920C158,2019-09-16,2019-09-16 09:31:27,1.02,0.9807,55,0.99,0.9519,20,1.03,0.9903,1,1.005,0.9663,37,0
IWM190920C158,2019-09-16,2019-09-16 09:31:28,1.02,0.9807,55,0.99,0.9519,26,1.03,0.9903,1,1.005,0.9663,37,0
IWM190920C158,2019-09-16,2019-09-16 09:31:28,1.02,0.9807,55,0.99,0.9519,20,1.03,0.9903,1,1.005,0.9663,37,0
IWM190920C158,2019-09-16,2019-09-16 09:31:29,1.02,0.9807,55,0.99,0.9519,26,0.99,0.9519,3,1.005,0.9663,42,5
IWM190920C158,2019-09-16,2019-09-16 09:31:30,1.01,0.9711,71,0.99,0.9519,26,0.99,0.9519,3,1.0,0.9615,42,0
IWM190920C158,2019-09-16,2019-09-16 09:31:31,1.01,0.9711,88,0.98,0.9423,26,0.99,0.9519,3,0.995,0.9567,42,0
IWM190920C158,2019-09-16,2019-09-16 09:31:31,1.01,0.9711,88,0.99,0.9519,26,0.99,0.9519,3,1.0,0.9615,42,0
IWM190920C158,2019-09-16,2019-09-16 09:31:32,1.01,0.9711,88,0.99,0.9519,20,0.99,0.9519,3,1.0,0.9615,42,0
IWM190920C158,2019-09-16,2019-09-16 09:31:32,1.01,0.9711,30,0.99,0.9519,20,0.99,0.9519,3,1.0,0.9615,42,0
IWM190920C158,2019-09-16,2019-09-16 09:31:33,1.01,0.9711,71,0.99,0.9519,20,0.99,0.9519,3,1.0,0.9615,42,0
IWM190920C158,2019-09-16,2019-09-16 09:31:34,1.0,0.9615,200,0.99,0.9519,26,0.99,0.9519,3,0.995,0.9567,42,0
IWM190920C158,2019-09-16,2019-09-16 09:31:35,1.0,0.9615,200,0.99,0.9519,26,0.99,0.9519,3,0.995,0.9567,42,0
IWM190920C158,2019-09-16,2019-09-16 09:31:36,1.0,0.9615,200,0.99,0.9519,26,0.99,0.9519,3,0.995,0.9567,42,0
IWM190920C158,2019-09-16,2019-09-16 09:31:37,0.99,0.9519,22,0.97,0.9326,13,0.99,0.9519,3,0.98,0.9423,42,0
IWM190920C158,2019-09-16,2019-09-16 09:31:37,1.0,0.9615,200,0.97,0.9326,13,0.99,0.9519,3,0.985,0.9471,42,0
IWM190920C158,2019-09-16,2019-09-16 09:31:38,0.99,0.9519,72,0.96,0.923,68,0.99,0.9519,3,0.975,0.9375,42,0
IWM190920C158,2019-09-16,2019-09-16 09:31:38,0.99,0.9519,62,0.97,0.9326,13,0.99,0.9519,3,0.98,0.9423,42,0
IWM190920C158,2019-09-16,2019-09-16 09:31:39,0.99,0.9519,72,0.96,0.923,60,0.99,0.9519,3,0.975,0.9375,42,0
IWM190920C158,2019-09-16,2019-09-16 09:31:40,0.99,0.9519,89,0.96,0.923,68,0.99,0.9519,3,0.975,0.9375,42,0
IWM190920C158,2019-09-16,2019-09-16 09:31:40,0.99,0.9519,99,0.96,0.923,68,0.99,0.9519,3,0.975,0.9375,42,0
IWM190920C158,2019-09-16,2019-09-16 09:31:41,0.98,0.9423,52,0.96,0.923,13,0.99,0.9519,3,0.97,0.9326,42,0
IWM190920C158,2019-09-16,2019-09-16 09:31:41,0.98,0.9423,71,0.96,0.923,13,0.99,0.9519,3,0.97,0.9326,42,0
IWM190920C158,2019-09-16,2019-09-16 09:31:42,0.98,0.9423,99,0.95,0.9134,112,0.99,0.9519,3,0.965,0.9278,42,0
IWM190920C158,2019-09-16,2019-09-16 09:31:42,0.98,0.9423,99,0.96,0.923,13,0.99,0.9519,3,0.97,0.9326,42,0
IWM190920C158,2019-09-16,2019-09-16 09:31:43,0.98,0.9423,99,0.95,0.9134,152,0.99,0.9519,3,0.965,0.9278,42,0
IWM190920C158,2019-09-16,2019-09-16 09:31:44,0.98,0.9423,99,0.95,0.9134,78,0.99,0.9519,3,0.965,0.9278,42,0
IWM190920C158,2019-09-16,2019-09-16 09:31:44,0.98,0.9423,137,0.96,0.923,20,0.99,0.9519,3,0.97,0.9326,42,0
IWM190920C158,2019-09-16,2019-09-16 09:31:45,0.98,0.9423,13,0.96,0.923,13,0.99,0.9519,3,0.97,0.9326,42,0
IWM190920C158,2019-09-16,2019-09-16 09:31:45,0.98,0.9423,55,0.95,0.9134,79,0.99,0.9519,3,0.965,0.9278,42,0
IWM190920C158,2019-09-16,2019-09-16 09:31:46,0.98,0.9423,64,0.95,0.9134,30,0.99,0.9519,3,0.965,0.9278,42,0
IWM190920C158,2019-09-16,2019-09-16 09:31:47,0.97,0.9326,13,0.95,0.9134,30,0.99,0.9519,3,0.96,0.923,42,0
IWM190920C158,2019-09-16,2019-09-16 09:31:47,0.97,0.9326,51,0.95,0.9134,20,0.99,0.9519,3,0.96,0.923,42,0
IWM190920C158,2019-09-16,2019-09-16 09:31:48,0.97,0.9326,13,0.95,0.9134,32,0.99,0.9519,3,0.96,0.923,42,0
IWM190920C158,2019-09-16,2019-09-16 09:31:48,0.98,0.9423,110,0.95,0.9134,66,0.99,0.9519,3,0.965,0.9278,42,0
IWM190920C158,2019-09-16,2019-09-16 09:31:49,0.98,0.9423,140,0.95,0.9134,21,0.99,0.9519,3,0.965,0.9278,42,0
IWM190920C158,2019-09-16,2019-09-16 09:31:49,0.98,0.9423,69,0.95,0.9134,21,0.99,0.9519,3,0.965,0.9278,42,0
IWM190920C158,2019-09-16,2019-09-16 09:31:50,0.97,0.9326,20,0.95,0.9134,38,0.99,0.9519,3,0.96,0.923,42,0
IWM190920C158,2019-09-16,2019-09-16 09:31:50,0.97,0.9326,20,0.95,0.9134,26,0.99,0.9519,3,0.96,0.923,42,0
IWM190920C158,2019-09-16,2019-09-16 09:31:51,0.97,0.9326,20,0.95,0.9134,41,0.99,0.9519,3,0.96,0.923,42,0
IWM190920C158,2019-09-16,2019-09-16 09:31:51,0.98,0.9423,101,0.95,0.9134,41,0.99,0.9519,3,0.965,0.9278,42,0
IWM190920C158,2019-09-16,2019-09-16 09:31:52,0.97,0.9326,13,0.95,0.9134,129,0.99,0.9519,3,0.96,0.923,42,0
IWM190920C158,2019-09-16,2019-09-16 09:31:52,0.98,0.9423,170,0.95,0.9134,80,0.99,0.9519,3,0.965,0.9278,42,0
IWM190920C158,2019-09-16,2019-09-16 09:31:53,0.97,0.9326,131,0.94,0.9038,108,0.99,0.9519,3,0.955,0.9182,42,0
IWM190920C158,2019-09-16,2019-09-16 09:31:53,0.97,0.9326,62,0.94,0.9038,108,0.99,0.9519,3,0.955,0.9182,42,0
IWM190920C158,2019-09-16,2019-09-16 09:31:54,0.97,0.9326,131,0.94,0.9038,108,0.99,0.9519,3,0.955,0.9182,42,0
IWM190920C158,2019-09-16,2019-09-16 09:31:54,0.96,0.923,13,0.93,0.8942,119,0.99,0.9519,3,0.945,0.9086,42,0
IWM190920C158,2019-09-16,2019-09-16 09:31:55,0.95,0.9134,40,0.93,0.8942,13,0.99,0.9519,3,0.94,0.9038,42,0
IWM190920C158,2019-09-16,2019-09-16 09:31:55,0.95,0.9134,22,0.93,0.8942,13,0.99,0.9519,3,0.94,0.9038,42,0
IWM190920C158,2019-09-16,2019-09-16 09:31:56,0.95,0.9134,27,0.93,0.8942,20,0.99,0.9519,3,0.94,0.9038,42,0
IWM190920C158,2019-09-16,2019-09-16 09:31:56,0.95,0.9134,27,0.93,0.8942,13,0.99,0.9519,3,0.94,0.9038,42,0
IWM190920C158,2019-09-16,2019-09-16 09:31:57,0.94,0.9038,41,0.91,0.875,60,0.99,0.9519,3,0.925,0.8894,42,0
IWM190920C158,2019-09-16,2019-09-16 09:31:57,0.95,0.9134,55,0.92,0.8846,136,0.99,0.9519,3,0.935,0.899,42,0
IWM190920C158,2019-09-16,2019-09-16 09:31:58,0.94,0.9038,41,0.91,0.875,109,0.99,0.9519,3,0.925,0.8894,42,0
IWM190920C158,2019-09-16,2019-09-16 09:31:58,0.94,0.9038,49,0.91,0.875,226,0.99,0.9519,3,0.925,0.8894,42,0
IWM190920C158,2019-09-16,2019-09-16 09:31:59,0.95,0.9134,55,0.92,0.8846,38,0.99,0.9519,3,0.935,0.899,42,0
IWM190920C158,2019-09-16,2019-09-16 09:31:59,0.96,0.923,20,0.93,0.8942,43,0.99,0.9519,3,0.945,0.9086,42,0
IWM190920C158,2019-09-16,2019-09-16 09:32:00,0.94,0.9038,13,0.92,0.8846,78,0.99,0.9519,3,0.93,0.8942,42,0
IWM190920C158,2019-09-16,2019-09-16 09:32:00,0.95,0.9134,87,0.92,0.8846,175,0.99,0.9519,3,0.935,0.899,42,0
IWM190920C158,2019-09-16,2019-09-16 09:32:01,0.94,0.9038,55,0.91,0.875,87,0.99,0.9519,3,0.925,0.8894,42,0
IWM190920C158,2019-09-16,2019-09-16 09:32:01,0.94,0.9038,29,0.91,0.875,87,0.99,0.9519,3,0.925,0.8894,42,0
IWM190920C158,2019-09-16,2019-09-16 09:32:02,0.94,0.9038,70,0.91,0.875,87,0.99,0.9519,3,0.925,0.8894,42,0
IWM190920C158,2019-09-16,2019-09-16 09:32:02,0.93,0.8942,20,0.91,0.875,87,0.93,0.8942,1,0.92,0.8846,43,1
IWM190920C158,2019-09-16,2019-09-16 09:32:03,0.93,0.8942,20,0.91,0.875,131,0.93,0.8942,1,0.92,0.8846,43,0
IWM190920C158,2019-09-16,2019-09-16 09:32:04,0.93,0.8942,20,0.91,0.875,177,0.93,0.8942,1,0.92,0.8846,43,0
IWM190920C158,2019-09-16,2019-09-16 09:32:04,0.93,0.8942,55,0.9,0.8653,165,0.93,0.8942,1,0.915,0.8798,43,0
IWM190920C158,2019-09-16,2019-09-16 09:32:05,0.92,0.8846,20,0.9,0.8653,194,0.93,0.8942,1,0.91,0.875,43,0
IWM190920C158,2019-09-16,2019-09-16 09:32:05,0.92,0.8846,20,0.9,0.8653,204,0.93,0.8942,1,0.91,0.875,43,0
IWM190920C158,2019-09-16,2019-09-16 09:32:06,0.92,0.8846,16,0.9,0.8653,251,0.93,0.8942,1,0.91,0.875,43,0
IWM190920C158,2019-09-16,2019-09-16 09:32:06,0.92,0.8846,16,0.9,0.8653,261,0.93,0.8942,1,0.91,0.875,43,0
IWM190920C158,2019-09-16,2019-09-16 09:32:07,0.92,0.8846,17,0.91,0.875,155,0.93,0.8942,1,0.915,0.8798,43,0
IWM190920C158,2019-09-16,2019-09-16 09:32:07,0.92,0.8846,17,0.9,0.8653,261,0.93,0.8942,1,0.91,0.875,43,0
IWM190920C158,2019-09-16,2019-09-16 09:32:08,0.93,0.8942,20,0.91,0.875,157,0.93,0.8942,1,0.92,0.8846,43,0
IWM190920C158,2019-09-16,2019-09-16 09:32:08,0.93,0.8942,3,0.91,0.875,155,0.93,0.8942,1,0.92,0.8846,43,0
IWM190920C158,2019-09-16,2019-09-16 09:32:09,0.93,0.8942,22,0.91,0.875,155,0.93,0.8942,1,0.92,0.8846,43,0
IWM190920C158,2019-09-16,2019-09-16 09:32:10,0.93,0.8942,20,0.91,0.875,27,0.93,0.8942,1,0.92,0.8846,43,0
IWM190920C158,2019-09-16,2019-09-16 09:32:11,0.93,0.8942,20,0.91,0.875,24,0.93,0.8942,1,0.92,0.8846,43,0
IWM190920C158,2019-09-16,2019-09-16 09:32:11,0.93,0.8942,25,0.91,0.875,129,0.93,0.8942,1,0.92,0.8846,43,0
IWM190920C158,2019-09-16,2019-09-16 09:32:12,0.93,0.8942,25,0.91,0.875,139,0.93,0.8942,1,0.92,0.8846,43,0
IWM190920C158,2019-09-16,2019-09-16 09:32:12,0.93,0.8942,101,0.91,0.875,9,0.93,0.8942,1,0.92,0.8846,43,0
IWM190920C158,2019-09-16,2019-09-16 09:32:13,0.93,0.8942,101,0.91,0.875,9,0.93,0.8942,1,0.92,0.8846,43,0
IWM190920C158,2019-09-16,2019-09-16 09:32:13,0.93,0.8942,115,0.91,0.875,9,0.93,0.8942,1,0.92,0.8846,43,0
IWM190920C158,2019-09-16,2019-09-16 09:32:14,0.93,0.8942,149,0.91,0.875,9,0.93,0.8942,1,0.92,0.8846,43,0
IWM190920C158,2019-09-16,2019-09-16 09:32:15,0.93,0.8942,20,0.91,0.875,26,0.93,0.8942,1,0.92,0.8846,43,0
IWM190920C158,2019-09-16,2019-09-16 09:32:15,0.93,0.8942,20,0.91,0.875,155,0.93,0.8942,1,0.92,0.8846,43,0
IWM190920C158,2019-09-16,2019-09-16 09:32:16,0.93,0.8942,3,0.92,0.8846,13,0.93,0.8942,3,0.925,0.8894,46,3
IWM190920C158,2019-09-16,2019-09-16 09:32:17,0.95,0.9134,61,0.92,0.8846,56,0.93,0.8942,3,0.935,0.899,46,0
IWM190920C158,2019-09-16,2019-09-16 09:32:17,0.95,0.9134,61,0.92,0.8846,160,0.93,0.8942,3,0.935,0.899,46,0
IWM190920C158,2019-09-16,2019-09-16 09:32:18,0.95,0.9134,43,0.93,0.8942,20,0.93,0.8942,3,0.94,0.9038,46,0
IWM190920C158,2019-09-16,2019-09-16 09:32:18,0.95,0.9134,61,0.93,0.8942,13,0.93,0.8942,3,0.94,0.9038,46,0
IWM190920C158,2019-09-16,2019-09-16 09:32:19,0.95,0.9134,43,0.93,0.8942,20,0.93,0.8942,3,0.94,0.9038,46,0
IWM190920C158,2019-09-16,2019-09-16 09:32:19,0.95,0.9134,58,0.92,0.8846,187,0.93,0.8942,3,0.935,0.899,46,0
IWM190920C158,2019-09-16,2019-09-16 09:32:20,0.95,0.9134,191,0.92,0.8846,187,0.93,0.8942,3,0.935,0.899,46,0
IWM190920C158,2019-09-16,2019-09-16 09:32:20,0.95,0.9134,230,0.92,0.8846,187,0.93,0.8942,3,0.935,0.899,46,0
IWM190920C158,2019-09-16,2019-09-16 09:32:21,0.94,0.9038,45,0.92,0.8846,196,0.93,0.8942,3,0.93,0.8942,46,0
IWM190920C158,2019-09-16,2019-09-16 09:32:21,0.94,0.9038,45,0.92,0.8846,41,0.93,0.8942,3,0.93,0.8942,46,0
IWM190920C158,2019-09-16,2019-09-16 09:32:22,0.94,0.9038,32,0.92,0.8846,216,0.93,0.8942,3,0.93,0.8942,46,0
IWM190920C158,2019-09-16,2019-09-16 09:32:23,0.95,0.9134,155,0.93,0.8942,100,0.93,0.8942,3,0.94,0.9038,46,0
IWM190920C158,2019-09-16,2019-09-16 09:32:23,0.95,0.9134,155,0.93,0.8942,24,0.93,0.8942,3,0.94,0.9038,46,0
IWM190920C158,2019-09-16,2019-09-16 09:32:24,0.94,0.9038,4,0.89,0.8557,193,0.93,0.8942,35,0.915,0.8798,246,35
IWM190920C158,2019-09-16,2019-09-16 09:32:24,0.95,0.9134,142,0.93,0.8942,20,0.93,0.8942,70,0.94,0.9038,211,165
IWM190920C158,2019-09-16,2019-09-16 09:32:25,0.95,0.9134,43,0.94,0.9038,3,0.93,0.8942,35,0.945,0.9086,246,0
IWM190920C158,2019-09-16,2019-09-16 09:32:25,0.95,0.9134,53,0.93,0.8942,203,0.93,0.8942,35,0.94,0.9038,246,0
IWM190920C158,2019-09-16,2019-09-16 09:32:26,0.95,0.9134,26,0.94,0.9038,3,0.93,0.8942,35,0.945,0.9086,246,0
IWM190920C158,2019-09-16,2019-09-16 09:32:26,0.95,0.9134,26,0.93,0.8942,62,0.93,0.8942,35,0.94,0.9038,246,0
IWM190920C158,2019-09-16,2019-09-16 09:32:27,0.95,0.9134,49,0.93,0.8942,27,0.93,0.8942,35,0.94,0.9038,246,0
IWM190920C158,2019-09-16,2019-09-16 09:32:27,0.95,0.9134,32,0.93,0.8942,27,0.93,0.8942,35,0.94,0.9038,246,0
IWM190920C158,2019-09-16,2019-09-16 09:32:28,0.95,0.9134,32,0.93,0.8942,188,0.93,0.8942,35,0.94,0.9038,246,0
IWM190920C158,2019-09-16,2019-09-16 09:32:28,0.96,0.923,71,0.94,0.9038,44,0.94,0.9038,10,0.95,0.9134,256,10
IWM190920C158,2019-09-16,2019-09-16 09:32:29,0.96,0.923,104,0.94,0.9038,166,0.94,0.9038,10,0.95,0.9134,256,0
IWM190920C158,2019-09-16,2019-09-16 09:32:29,0.96,0.923,104,0.94,0.9038,63,0.94,0.9038,10,0.95,0.9134,256,0
IWM190920C158,2019-09-16,2019-09-16 09:32:30,0.96,0.923,104,0.94,0.9038,186,0.94,0.9038,10,0.95,0.9134,256,0
IWM190920C158,2019-09-16,2019-09-16 09:32:30,0.96,0.923,104,0.94,0.9038,145,0.94,0.9038,10,0.95,0.9134,256,0
IWM190920C158,2019-09-16,2019-09-16 09:32:31,0.96,0.923,104,0.94,0.9038,186,0.94,0.9038,10,0.95,0.9134,256,0
IWM190920C158,2019-09-16,2019-09-16 09:32:32,0.96,0.923,112,0.95,0.9134,9,0.94,0.9038,10,0.955,0.9182,256,0
IWM190920C158,2019-09-16,2019-09-16 09:32:32,0.97,0.9326,56,0.95,0.9134,12,0.94,0.9038,10,0.96,0.923,256,0
IWM190920C158,2019-09-16,2019-09-16 09:32:33,0.97,0.9326,187,0.95,0.9134,12,0.94,0.9038,10,0.96,0.923,256,0
IWM190920C158,2019-09-16,2019-09-16 09:32:34,0.96,0.923,22,0.94,0.9038,29,0.94,0.9038,10,0.95,0.9134,256,0
IWM190920C158,2019-09-16,2019-09-16 09:32:34,0.96,0.923,35,0.94,0.9038,29,0.94,0.9038,10,0.95,0.9134,256,0
IWM190920C158,2019-09-16,2019-09-16 09:32:35,0.96,0.923,30,0.94,0.9038,29,0.94,0.9038,10,0.95,0.9134,256,0
IWM190920C158,2019-09-16,2019-09-16 09:32:35,0.96,0.923,17,0.94,0.9038,29,0.94,0.9038,10,0.95,0.9134,256,0
IWM190920C158,2019-09-16,2019-09-16 09:32:36,0.96,0.923,17,0.94,0.9038,168,0.94,0.9038,10,0.95,0.9134,256,0
IWM190920C158,2019-09-16,2019-09-16 09:32:36,0.96,0.923,117,0.94,0.9038,168,0.94,0.9038,10,0.95,0.9134,256,0
IWM190920C158,2019-09-16,2019-09-16 09:32:37,0.95,0.9134,56,0.94,0.9038,178,0.94,0.9038,10,0.945,0.9086,256,0
IWM190920C158,2019-09-16,2019-09-16 09:32:37,0.95,0.9134,83,0.93,0.8942,21,0.94,0.9038,10,0.94,0.9038,256,0
IWM190920C158,2019-09-16,2019-09-16 09:32:38,0.95,0.9134,83,0.93,0.8942,11,0.94,0.9038,10,0.94,0.9038,256,0
IWM190920C158,2019-09-16,2019-09-16 09:32:38,0.95,0.9134,83,0.93,0.8942,21,0.94,0.9038,10,0.94,0.9038,256,0
IWM190920C158,2019-09-16,2019-09-16 09:32:39,0.95,0.9134,22,0.93,0.8942,16,0.94,0.9038,10,0.94,0.9038,256,0
IWM190920C158,2019-09-16,2019-09-16 09:32:39,0.96,0.923,56,0.94,0.9038,18,0.94,0.9038,10,0.95,0.9134,256,0
IWM190920C158,2019-09-16,2019-09-16 09:32:40,0.96,0.923,104,0.94,0.9038,10,0.94,0.9038,10,0.95,0.9134,256,0
IWM190920C158,2019-09-16,2019-09-16 09:32:40,0.96,0.923,104,0.94,0.9038,18,0.94,0.9038,10,0.95,0.9134,256,0
IWM190920C158,2019-09-16,2019-09-16 09:32:41,0.95,0.9134,63,0.93,0.8942,56,0.94,0.9038,10,0.94,0.9038,256,0
IWM190920C158,2019-09-16,2019-09-16 09:32:41,0.95,0.9134,56,0.93,0.8942,80,0.94,0.9038,10,0.94,0.9038,256,0
IWM190920C158,2019-09-16,2019-09-16 09:32:42,0.95,0.9134,56,0.93,0.8942,216,0.94,0.9038,10,0.94,0.9038,256,0
IWM190920C158,2019-09-16,2019-09-16 09:32:43,0.95,0.9134,35,0.93,0.8942,24,0.94,0.9038,10,0.94,0.9038,256,0
IWM190920C158,2019-09-16,2019-09-16 09:32:43,0.95,0.9134,56,0.93,0.8942,216,0.94,0.9038,10,0.94,0.9038,256,0
IWM190920C158,2019-09-16,2019-09-16 09:32:44,0.95,0.9134,35,0.92,0.8846,159,0.94,0.9038,10,0.935,0.899,256,0
IWM190920C158,2019-09-16,2019-09-16 09:32:45,0.94,0.9038,6,0.92,0.8846,159,0.94,0.9038,10,0.93,0.8942,256,0
IWM190920C158,2019-09-16,2019-09-16 09:32:45,0.95,0.9134,56,0.93,0.8942,157,0.94,0.9038,10,0.94,0.9038,256,0
IWM190920C158,2019-09-16,2019-09-16 09:32:46,0.95,0.9134,56,0.93,0.8942,212,0.94,0.9038,10,0.94,0.9038,256,0
IWM190920C158,2019-09-16,2019-09-16 09:32:46,0.96,0.923,56,0.94,0.9038,42,0.94,0.9038,10,0.95,0.9134,256,0
IWM190920C158,2019-09-16,2019-09-16 09:32:47,0.97,0.9326,102,0.95,0.9134,30,0.94,0.9038,10,0.96,0.923,256,0
IWM190920C158,2019-09-16,2019-09-16 09:32:47,0.97,0.9326,60,0.95,0.9134,30,0.94,0.9038,10,0.96,0.923,256,0
IWM190920C158,2019-09-16,2019-09-16 09:32:48,0.97,0.9326,169,0.95,0.9134,191,0.94,0.9038,10,0.96,0.923,256,0
IWM190920C158,2019-09-16,2019-09-16 09:32:49,0.97,0.9326,87,0.95,0.9134,162,0.94,0.9038,10,0.96,0.923,256,0
IWM190920C158,2019-09-16,2019-09-16 09:32:49,0.97,0.9326,5,0.95,0.9134,162,0.94,0.9038,10,0.96,0.923,256,0
IWM190920C158,2019-09-16,2019-09-16 09:32:50,0.97,0.9326,5,0.95,0.9134,281,0.94,0.9038,10,0.96,0.923,256,0
IWM190920C158,2019-09-16,2019-09-16 09:32:50,0.97,0.9326,5,0.95,0.9134,110,0.94,0.9038,10,0.96,0.923,256,0
IWM190920C158,2019-09-16,2019-09-16 09:32:51,0.97,0.9326,5,0.95,0.9134,281,0.94,0.9038,10,0.96,0.923,256,0
IWM190920C158,2019-09-16,2019-09-16 09:32:51,0.97,0.9326,25,0.95,0.9134,271,0.94,0.9038,10,0.96,0.923,256,0
IWM190920C158,2019-09-16,2019-09-16 09:32:52,0.97,0.9326,25,0.95,0.9134,271,0.94,0.9038,10,0.96,0.923,256,0
IWM190920C158,2019-09-16,2019-09-16 09:32:52,0.97,0.9326,25,0.95,0.9134,281,0.94,0.9038,10,0.96,0.923,256,0
IWM190920C158,2019-09-16,2019-09-16 09:32:53,0.97,0.9326,39,0.95,0.9134,47,0.94,0.9038,10,0.96,0.923,256,0
IWM190920C158,2019-09-16,2019-09-16 09:32:53,0.97,0.9326,25,0.95,0.9134,50,0.94,0.9038,10,0.96,0.923,256,0
IWM190920C158,2019-09-16,2019-09-16 09:32:54,0.97,0.9326,39,0.95,0.9134,165,0.94,0.9038,10,0.96,0.923,256,0
IWM190920C158,2019-09-16,2019-09-16 09:32:54,0.97,0.9326,39,0.95,0.9134,121,0.94,0.9038,10,0.96,0.923,256,0
IWM190920C158,2019-09-16,2019-09-16 09:32:55,0.97,0.9326,55,0.95,0.9134,21,0.94,0.9038,10,0.96,0.923,256,0
IWM190920C158,2019-09-16,2019-09-16 09:32:55,0.97,0.9326,41,0.96,0.923,9,0.94,0.9038,10,0.965,0.9278,256,0
IWM190920C158,2019-09-16,2019-09-16 09:32:56,0.98,0.9423,71,0.96,0.923,23,0.94,0.9038,10,0.97,0.9326,256,0
IWM190920C158,2019-09-16,2019-09-16 09:32:56,0.98,0.9423,55,0.96,0.923,216,0.94,0.9038,10,0.97,0.9326,256,0
IWM190920C158,2019-09-16,2019-09-16 09:32:57,0.98,0.9423,55,0.96,0.923,251,0.94,0.9038,10,0.97,0.9326,256,0
IWM190920C158,2019-09-16,2019-09-16 09:32:58,0.98,0.9423,102,0.96,0.923,212,0.94,0.9038,10,0.97,0.9326,256,0
IWM190920C158,2019-09-16,2019-09-16 09:32:59,0.98,0.9423,7,0.96,0.923,212,0.94,0.9038,10,0.97,0.9326,256,0
IWM190920C158,2019-09-16,2019-09-16 09:32:59,0.99,0.9519,76,0.97,0.9326,5,0.94,0.9038,10,0.98,0.9423,256,0
IWM190920C158,2019-09-16,2019-09-16 09:33:00,0.98,0.9423,56,0.96,0.923,205,0.94,0.9038,10,0.97,0.9326,256,0
IWM190920C158,2019-09-16,2019-09-16 09:33:01,0.98,0.9423,45,0.96,0.923,24,0.94,0.9038,10,0.97,0.9326,256,0
IWM190920C158,2019-09-16,2019-09-16 09:33:01,0.98,0.9423,25,0.96,0.923,13,0.94,0.9038,10,0.97,0.9326,256,0
IWM190920C158,2019-09-16,2019-09-16 09:33:02,0.98,0.9423,11,0.96,0.923,24,0.94,0.9038,10,0.97,0.9326,256,0
IWM190920C158,2019-09-16,2019-09-16 09:33:02,0.99,0.9519,76,0.97,0.9326,29,0.94,0.9038,10,0.98,0.9423,256,0
IWM190920C158,2019-09-16,2019-09-16 09:33:03,0.99,0.9519,76,0.97,0.9326,29,0.94,0.9038,10,0.98,0.9423,256,0
IWM190920C158,2019-09-16,2019-09-16 09:33:03,0.99,0.9519,76,0.97,0.9326,125,0.94,0.9038,10,0.98,0.9423,256,0
IWM190920C158,2019-09-16,2019-09-16 09:33:04,0.99,0.9519,34,0.97,0.9326,68,0.94,0.9038,10,0.98,0.9423,256,0
IWM190920C158,2019-09-16,2019-09-16 09:33:04,0.99,0.9519,34,0.97,0.9326,44,0.94,0.9038,10,0.98,0.9423,256,0
IWM190920C158,2019-09-16,2019-09-16 09:33:05,0.99,0.9519,24,0.97,0.9326,229,0.94,0.9038,10,0.98,0.9423,256,0
IWM190920C158,2019-09-16,2019-09-16 09:33:06,0.99,0.9519,24,0.97,0.9326,239,0.94,0.9038,10,0.98,0.9423,256,0
IWM190920C158,2019-09-16,2019-09-16 09:33:07,0.99,0.9519,24,0.97,0.9326,242,0.94,0.9038,10,0.98,0.9423,256,0
IWM190920C158,2019-09-16,2019-09-16 09:33:07,1.0,0.9615,36,0.98,0.9423,68,0.99,0.9519,5,0.99,0.9519,261,5
IWM190920C158,2019-09-16,2019-09-16 09:33:08,1.0,0.9615,143,0.98,0.9423,23,0.99,0.9519,5,0.99,0.9519,261,0
IWM190920C158,2019-09-16,2019-09-16 09:33:08,1.0,0.9615,109,0.98,0.9423,45,0.99,0.9519,5,0.99,0.9519,261,0
IWM190920C158,2019-09-16,2019-09-16 09:33:09,1.0,0.9615,252,0.98,0.9423,23,0.99,0.9519,5,0.99,0.9519,261,0
IWM190920C158,2019-09-16,2019-09-16 09:33:10,1.0,0.9615,157,0.98,0.9423,27,0.99,0.9519,5,0.99,0.9519,261,0
IWM190920C158,2019-09-16,2019-09-16 09:33:10,1.0,0.9615,252,0.98,0.9423,27,0.99,0.9519,5,0.99,0.9519,261,0
IWM190920C158,2019-09-16,2019-09-16 09:33:11,0.99,0.9519,56,0.97,0.9326,56,0.99,0.9519,5,0.98,0.9423,261,0
IWM190920C158,2019-09-16,2019-09-16 09:33:11,0.99,0.9519,56,0.97,0.9326,172,0.99,0.9519,5,0.98,0.9423,261,0
IWM190920C158,2019-09-16,2019-09-16 09:33:12,0.99,0.9519,56,0.97,0.9326,172,0.99,0.9519,5,0.98,0.9423,261,0
IWM190920C158,2019-09-16,2019-09-16 09:33:12,0.99,0.9519,56,0.97,0.9326,233,0.99,0.9519,5,0.98,0.9423,261,0
IWM190920C158,2019-09-16,2019-09-16 09:33:13,0.99,0.9519,56,0.97,0.9326,233,0.99,0.9519,5,0.98,0.9423,261,0
IWM190920C158,2019-09-16,2019-09-16 09:33:13,0.99,0.9519,56,0.97,0.9326,243,0.99,0.9519,5,0.98,0.9423,261,0
IWM190920C158,2019-09-16,2019-09-16 09:33:14,0.99,0.9519,74,0.97,0.9326,72,0.99,0.9519,5,0.98,0.9423,261,0
IWM190920C158,2019-09-16,2019-09-16 09:33:14,0.99,0.9519,84,0.97,0.9326,72,0.99,0.9519,5,0.98,0.9423,261,0
IWM190920C158,2019-09-16,2019-09-16 09:33:15,0.99,0.9519,74,0.97,0.9326,160,0.99,0.9519,5,0.98,0.9423,261,0
IWM190920C158,2019-09-16,2019-09-16 09:33:15,0.99,0.9519,57,0.97,0.9326,170,0.99,0.9519,5,0.98,0.9423,261,0
IWM190920C158,2019-09-16,2019-09-16 09:33:16,1.0,0.9615,60,0.98,0.9423,29,0.99,0.9519,5,0.99,0.9519,261,0
IWM190920C158,2019-09-16,2019-09-16 09:33:16,0.99,0.9519,89,0.97,0.9326,189,0.99,0.9519,5,0.98,0.9423,261,0
IWM190920C158,2019-09-16,2019-09-16 09:33:17,1.0,0.9615,117,0.98,0.9423,29,0.99,0.9519,5,0.99,0.9519,261,0
IWM190920C158,2019-09-16,2019-09-16 09:33:18,1.0,0.9615,194,0.98,0.9423,144,0.99,0.9519,5,0.99,0.9519,261,0
IWM190920C158,2019-09-16,2019-09-16 09:33:18,1.0,0.9615,194,0.98,0.9423,90,0.99,0.9519,5,0.99,0.9519,261,0
IWM190920C158,2019-09-16,2019-09-16 09:33:19,1.0,0.9615,280,0.98,0.9423,87,0.99,0.9519,5,0.99,0.9519,261,0
IWM190920C158,2019-09-16,2019-09-16 09:33:19,1.0,0.9615,280,0.98,0.9423,90,0.99,0.9519,5,0.99,0.9519,261,0
IWM190920C158,2019-09-16,2019-09-16 09:33:20,1.01,0.9711,60,0.98,0.9423,72,0.99,0.9519,5,0.995,0.9567,261,0
IWM190920C158,2019-09-16,2019-09-16 09:33:21,1.02,0.9807,263,1.0,0.9615,23,0.99,0.9519,5,1.01,0.9711,261,0
IWM190920C158,2019-09-16,2019-09-16 09:33:21,1.02,0.9807,117,1.0,0.9615,23,0.99,0.9519,5,1.01,0.9711,261,0
IWM190920C158,2019-09-16,2019-09-16 09:33:22,1.02,0.9807,262,1.0,0.9615,17,0.99,0.9519,5,1.01,0.9711,261,0
IWM190920C158,2019-09-16,2019-09-16 09:33:23,1.02,0.9807,123,1.0,0.9615,54,0.99,0.9519,5,1.01,0.9711,261,0
IWM190920C158,2019-09-16,2019-09-16 09:33:23,1.02,0.9807,262,1.0,0.9615,17,0.99,0.9519,5,1.01,0.9711,261,0
IWM190920C158,2019-09-16,2019-09-16 09:33:24,1.03,0.9903,81,1.0,0.9615,123,0.99,0.9519,5,1.015,0.9759,261,0
IWM190920C158,2019-09-16,2019-09-16 09:33:24,1.03,0.9903,81,1.01,0.9711,30,0.99,0.9519,5,1.02,0.9807,261,0
IWM190920C158,2019-09-16,2019-09-16 09:33:25,1.03,0.9903,49,1.02,0.9807,10,0.99,0.9519,5,1.025,0.9855,261,0
IWM190920C158,2019-09-16,2019-09-16 09:33:25,1.04,1.0,74,1.02,0.9807,26,0.99,0.9519,5,1.03,0.9903,261,0
IWM190920C158,2019-09-16,2019-09-16 09:33:26,1.05,1.0096,35,1.04,1.0,8,0.99,0.9519,5,1.045,1.0048,261,0
IWM190920C158,2019-09-16,2019-09-16 09:33:26,1.06,1.0192,85,1.03,0.9903,130,0.99,0.9519,5,1.045,1.0048,261,0
IWM190920C158,2019-09-16,2019-09-16 09:33:27,1.05,1.0096,35,1.03,0.9903,20,0.99,0.9519,5,1.04,1.0,261,0
IWM190920C158,2019-09-16,2019-09-16 09:33:27,1.05,1.0096,39,1.03,0.9903,33,0.99,0.9519,5,1.04,1.0,261,0
IWM190920C158,2019-09-16,2019-09-16 09:33:28,1.05,1.0096,17,1.03,0.9903,48,0.99,0.9519,5,1.04,1.0,261,0
IWM190920C158,2019-09-16,2019-09-16 09:33:28,1.05,1.0096,72,1.04,1.0,9,0.99,0.9519,5,1.045,1.0048,261,0
IWM190920C158,2019-09-16,2019-09-16 09:33:29,1.05,1.0096,17,1.04,1.0,11,0.99,0.9519,5,1.045,1.0048,261,0
IWM190920C158,2019-09-16,2019-09-16 09:33:29,1.07,1.0288,76,1.05,1.0096,17,0.99,0.9519,5,1.06,1.0192,261,0
IWM190920C158,2019-09-16,2019-09-16 09:33:30,1.07,1.0288,31,1.05,1.0096,185,0.99,0.9519,5,1.06,1.0192,261,0
IWM190920C158,2019-09-16,2019-09-16 09:33:30,1.07,1.0288,31,1.05,1.0096,30,0.99,0.9519,5,1.06,1.0192,261,0
IWM190920C158,2019-09-16,2019-09-16 09:33:31,1.09,1.048,215,1.07,1.0288,57,0.99,0.9519,5,1.08,1.0384,261,0
IWM190920C158,2019-09-16,2019-09-16 09:33:31,1.09,1.048,85,1.07,1.0288,4,0.99,0.9519,5,1.08,1.0384,261,0
IWM190920C158,2019-09-16,2019-09-16 09:33:33,1.09,1.048,77,1.08,1.0384,10,0.99,0.9519,5,1.085,1.0432,261,0
IWM190920C158,2019-09-16,2019-09-16 09:33:33,1.09,1.048,54,1.08,1.0384,3,0.99,0.9519,5,1.085,1.0432,261,0
IWM190920C158,2019-09-16,2019-09-16 09:33:34,1.1,1.0576,94,1.08,1.0384,37,0.99,0.9519,5,1.09,1.048,261,0
IWM190920C158,2019-09-16,2019-09-16 09:33:34,1.1,1.0576,109,1.07,1.0288,82,0.99,0.9519,5,1.085,1.0432,261,0
IWM190920C158,2019-09-16,2019-09-16 09:33:35,1.1,1.0576,31,1.08,1.0384,57,0.99,0.9519,5,1.09,1.048,261,0
IWM190920C158,2019-09-16,2019-09-16 09:33:35,1.1,1.0576,108,1.08,1.0384,16,0.99,0.9519,5,1.09,1.048,261,0
IWM190920C158,2019-09-16,2019-09-16 09:33:36,1.1,1.0576,31,1.09,1.048,19,0.99,0.9519,5,1.095,1.0528,261,0
IWM190920C158,2019-09-16,2019-09-16 09:33:36,1.1,1.0576,31,1.08,1.0384,57,0.99,0.9519,5,1.09,1.048,261,0
IWM190920C158,2019-09-16,2019-09-16 09:33:37,1.11,1.0673,103,1.09,1.048,10,0.99,0.9519,5,1.1,1.0576,261,0
IWM190920C158,2019-09-16,2019-09-16 09:33:37,1.1,1.0576,31,1.09,1.048,19,0.99,0.9519,5,1.095,1.0528,261,0
IWM190920C158,2019-09-16,2019-09-16 09:33:38,1.11,1.0673,103,1.09,1.048,10,0.99,0.9519,5,1.1,1.0576,261,0
IWM190920C158,2019-09-16,2019-09-16 09:33:39,1.11,1.0673,62,1.1,1.0576,10,0.99,0.9519,5,1.105,1.0625,261,0
IWM190920C158,2019-09-16,2019-09-16 09:33:40,1.11,1.0673,45,1.1,1.0576,13,0.99,0.9519,5,1.105,1.0625,261,0
IWM190920C158,2019-09-16,2019-09-16 09:33:40,1.11,1.0673,15,1.1,1.0576,2,0.99,0.9519,5,1.105,1.0625,261,0
IWM190920C158,2019-09-16,2019-09-16 09:33:41,1.12,1.0769,24,1.11,1.0673,1,0.99,0.9519,5,1.115,1.0721,261,0
IWM190920C158,2019-09-16,2019-09-16 09:33:42,1.13,1.0865,24,1.11,1.0673,26,0.99,0.9519,5,1.12,1.0769,261,0
IWM190920C158,2019-09-16,2019-09-16 09:33:42,1.13,1.0865,24,1.12,1.0769,15,0.99,0.9519,5,1.125,1.0817,261,0
IWM190920C158,2019-09-16,2019-09-16 09:33:43,1.14,1.0961,29,1.12,1.0769,15,0.99,0.9519,5,1.13,1.0865,261,0
IWM190920C158,2019-09-16,2019-09-16 09:33:43,1.14,1.0961,29,1.12,1.0769,63,0.99,0.9519,5,1.13,1.0865,261,0
IWM190920C158,2019-09-16,2019-09-16 09:33:44,1.16,1.1153,72,1.13,1.0865,68,0.99,0.9519,5,1.145,1.1009,261,0
IWM190920C158,2019-09-16,2019-09-16 09:33:44,1.14,1.0961,29,1.13,1.0865,10,0.99,0.9519,5,1.135,1.0913,261,0
IWM190920C158,2019-09-16,2019-09-16 09:33:45,1.16,1.1153,131,1.13,1.0865,103,0.99,0.9519,5,1.145,1.1009,261,0
IWM190920C158,2019-09-16,2019-09-16 09:33:45,1.14,1.0961,25,1.11,1.0673,55,0.99,0.9519,5,1.125,1.0817,261,0
IWM190920C158,2019-09-16,2019-09-16 09:33:46,1.14,1.0961,74,1.12,1.0769,6,0.99,0.9519,5,1.13,1.0865,261,0
IWM190920C158,2019-09-16,2019-09-16 09:33:46,1.14,1.0961,25,1.12,1.0769,29,0.99,0.9519,5,1.13,1.0865,261,0
IWM190920C158,2019-09-16,2019-09-16 09:33:47,1.14,1.0961,90,1.11,1.0673,48,0.99,0.9519,5,1.125,1.0817,261,0
IWM190920C158,2019-09-16,2019-09-16 09:33:47,1.13,1.0865,126,1.1,1.0576,62,0.99,0.9519,5,1.115,1.0721,261,0
IWM190920C158,2019-09-16,2019-09-16 09:33:48,1.12,1.0769,12,1.1,1.0576,31,0.99,0.9519,5,1.11,1.0673,261,0
IWM190920C158,2019-09-16,2019-09-16 09:33:49,1.13,1.0865,146,1.11,1.0673,24,0.99,0.9519,5,1.12,1.0769,261,0
IWM190920C158,2019-09-16,2019-09-16 09:33:49,1.12,1.0769,41,1.1,1.0576,40,0.99,0.9519,5,1.11,1.0673,261,0
IWM190920C158,2019-09-16,2019-09-16 09:33:50,1.12,1.0769,60,1.1,1.0576,53,0.99,0.9519,5,1.11,1.0673,261,0
IWM190920C158,2019-09-16,2019-09-16 09:33:50,1.12,1.0769,27,1.1,1.0576,113,0.99,0.9519,5,1.11,1.0673,261,0
IWM190920C158,2019-09-16,2019-09-16 09:33:51,1.13,1.0865,49,1.12,1.0769,16,0.99,0.9519,5,1.125,1.0817,261,0
IWM190920C158,2019-09-16,2019-09-16 09:33:51,1.12,1.0769,33,1.1,1.0576,113,0.99,0.9519,5,1.11,1.0673,261,0
IWM190920C158,2019-09-16,2019-09-16 09:33:52,1.13,1.0865,92,1.11,1.0673,29,0.99,0.9519,5,1.12,1.0769,261,0
IWM190920C158,2019-09-16,2019-09-16 09:33:52,1.13,1.0865,309,1.11,1.0673,28,0.99,0.9519,5,1.12,1.0769,261,0
IWM190920C158,2019-09-16,2019-09-16 09:33:53,1.14,1.0961,56,1.12,1.0769,30,0.99,0.9519,5,1.13,1.0865,261,0
IWM190920C158,2019-09-16,2019-09-16 09:33:54,1.14,1.0961,58,1.12,1.0769,30,0.99,0.9519,5,1.13,1.0865,261,0
IWM190920C158,2019-09-16,2019-09-16 09:33:54,1.14,1.0961,65,1.12,1.0769,11,0.99,0.9519,5,1.13,1.0865,261,0
IWM190920C158,2019-09-16,2019-09-16 09:33:55,1.14,1.0961,12,1.12,1.0769,56,0.99,0.9519,5,1.13,1.0865,261,0
IWM190920C158,2019-09-16,2019-09-16 09:33:55,1.14,1.0961,65,1.12,1.0769,13,0.99,0.9519,5,1.13,1.0865,261,0
IWM190920C158,2019-09-16,2019-09-16 09:33:56,1.14,1.0961,20,1.13,1.0865,8,0.99,0.9519,5,1.135,1.0913,261,0
IWM190920C158,2019-09-16,2019-09-16 09:33:57,1.14,1.0961,20,1.12,1.0769,52,0.99,0.9519,5,1.13,1.0865,261,0
IWM190920C158,2019-09-16,2019-09-16 09:33:57,1.14,1.0961,20,1.13,1.0865,8,0.99,0.9519,5,1.135,1.0913,261,0
IWM190920C158,2019-09-16,2019-09-16 09:33:58,1.14,1.0961,155,1.13,1.0865,12,0.99,0.9519,5,1.135,1.0913,261,0
IWM190920C158,2019-09-16,2019-09-16 09:33:59,1.14,1.0961,155,1.13,1.0865,12,0.99,0.9519,5,1.135,1.0913,261,0
IWM190920C158,2019-09-16,2019-09-16 09:34:00,1.16,1.1153,73,1.14,1.0961,13,1.14,1.0961,3,1.15,1.1057,281,20
IWM190920C158,2019-09-16,2019-09-16 09:34:00,1.16,1.1153,74,1.14,1.0961,13,1.14,1.0961,3,1.15,1.1057,281,0
IWM190920C158,2019-09-16,2019-09-16 09:34:01,1.16,1.1153,98,1.14,1.0961,13,1.14,1.0961,3,1.15,1.1057,281,0
IWM190920C158,2019-09-16,2019-09-16 09:34:01,1.16,1.1153,98,1.15,1.1057,2,1.14,1.0961,3,1.155,1.1105,281,0
IWM190920C158,2019-09-16,2019-09-16 09:34:02,1.17,1.125,23,1.15,1.1057,2,1.14,1.0961,3,1.16,1.1153,281,0
IWM190920C158,2019-09-16,2019-09-16 09:34:02,1.18,1.1346,132,1.16,1.1153,15,1.14,1.0961,3,1.17,1.125,281,0
IWM190920C158,2019-09-16,2019-09-16 09:34:03,1.18,1.1346,85,1.16,1.1153,15,1.14,1.0961,3,1.17,1.125,281,0
IWM190920C158,2019-09-16,2019-09-16 09:34:03,1.18,1.1346,85,1.15,1.1057,13,1.14,1.0961,3,1.165,1.1201,281,0
IWM190920C158,2019-09-16,2019-09-16 09:34:04,1.17,1.125,13,1.15,1.1057,25,1.14,1.0961,3,1.16,1.1153,281,0
IWM190920C158,2019-09-16,2019-09-16 09:34:04,1.17,1.125,111,1.14,1.0961,13,1.14,1.0961,3,1.155,1.1105,281,0
IWM190920C158,2019-09-16,2019-09-16 09:34:05,1.17,1.125,185,1.15,1.1057,3,1.14,1.0961,2,1.16,1.1153,283,0
IWM190920C158,2019-09-16,2019-09-16 09:34:05,1.17,1.125,103,1.14,1.0961,33,1.14,1.0961,2,1.155,1.1105,283,2
IWM190920C158,2019-09-16,2019-09-16 09:34:06,1.17,1.125,235,1.15,1.1057,10,1.14,1.0961,2,1.16,1.1153,283,0
IWM190920C158,2019-09-16,2019-09-16 09:34:07,1.17,1.125,235,1.15,1.1057,10,1.14,1.0961,2,1.16,1.1153,283,0
IWM190920C158,2019-09-16,2019-09-16 09:34:08,1.17,1.125,235,1.15,1.1057,10,1.14,1.0961,2,1.16,1.1153,283,0
IWM190920C158,2019-09-16,2019-09-16 09:34:08,1.17,1.125,302,1.15,1.1057,10,1.14,1.0961,2,1.16,1.1153,283,0
IWM190920C158,2019-09-16,2019-09-16 09:34:09,1.17,1.125,86,1.15,1.1057,3,1.14,1.0961,2,1.16,1.1153,283,0
IWM190920C158,2019-09-16,2019-09-16 09:34:09,1.17,1.125,251,1.15,1.1057,10,1.14,1.0961,2,1.16,1.1153,283,0
IWM190920C158,2019-09-16,2019-09-16 09:34:10,1.16,1.1153,84,1.14,1.0961,15,1.14,1.0961,2,1.15,1.1057,283,0
IWM190920C158,2019-09-16,2019-09-16 09:34:10,1.16,1.1153,12,1.15,1.1057,10,1.14,1.0961,2,1.155,1.1105,283,0
IWM190920C158,2019-09-16,2019-09-16 09:34:11,1.16,1.1153,109,1.12,1.0769,13,1.14,1.0961,2,1.14,1.0961,283,0
IWM190920C158,2019-09-16,2019-09-16 09:34:12,1.15,1.1057,75,1.13,1.0865,17,1.14,1.0961,2,1.14,1.0961,283,0
IWM190920C158,2019-09-16,2019-09-16 09:34:12,1.14,1.0961,1,1.13,1.0865,19,1.14,1.0961,2,1.135,1.0913,285,2
IWM190920C158,2019-09-16,2019-09-16 09:34:13,1.14,1.0961,1,1.13,1.0865,19,1.14,1.0961,2,1.135,1.0913,285,0
IWM190920C158,2019-09-16,2019-09-16 09:34:13,1.15,1.1057,131,1.13,1.0865,13,1.14,1.0961,2,1.14,1.0961,285,0
IWM190920C158,2019-09-16,2019-09-16 09:34:14,1.15,1.1057,69,1.13,1.0865,13,1.14,1.0961,2,1.14,1.0961,285,0
IWM190920C158,2019-09-16,2019-09-16 09:34:15,1.15,1.1057,51,1.12,1.0769,17,1.14,1.0961,2,1.135,1.0913,285,0
IWM190920C158,2019-09-16,2019-09-16 09:34:15,1.15,1.1057,69,1.13,1.0865,13,1.14,1.0961,2,1.14,1.0961,285,0
IWM190920C158,2019-09-16,2019-09-16 09:34:16,1.15,1.1057,252,1.12,1.0769,17,1.14,1.0961,2,1.135,1.0913,285,0
IWM190920C158,2019-09-16,2019-09-16 09:34:17,1.14,1.0961,150,1.12,1.0769,17,1.14,1.0961,2,1.13,1.0865,285,0
IWM190920C158,2019-09-16,2019-09-16 09:34:17,1.15,1.1057,252,1.12,1.0769,17,1.14,1.0961,2,1.135,1.0913,285,0
IWM190920C158,2019-09-16,2019-09-16 09:34:18,1.14,1.0961,150,1.12,1.0769,4,1.14,1.0961,2,1.13,1.0865,285,0
IWM190920C158,2019-09-16,2019-09-16 09:34:18,1.14,1.0961,245,1.12,1.0769,4,1.14,1.0961,2,1.13,1.0865,285,0
IWM190920C158,2019-09-16,2019-09-16 09:34:19,1.14,1.0961,57,1.12,1.0769,22,1.14,1.0961,2,1.13,1.0865,285,0
IWM190920C158,2019-09-16,2019-09-16 09:34:19,1.14,1.0961,117,1.13,1.0865,17,1.14,1.0961,2,1.135,1.0913,285,0
IWM190920C158,2019-09-16,2019-09-16 09:34:20,1.15,1.1057,59,1.13,1.0865,20,1.14,1.0961,2,1.14,1.0961,285,0
IWM190920C158,2019-09-16,2019-09-16 09:34:21,1.16,1.1153,53,1.14,1.0961,17,1.14,1.0961,2,1.15,1.1057,285,0
IWM190920C158,2019-09-16,2019-09-16 09:34:21,1.17,1.125,117,1.15,1.1057,26,1.14,1.0961,2,1.16,1.1153,285,0
IWM190920C158,2019-09-16,2019-09-16 09:34:22,1.17,1.125,118,1.15,1.1057,26,1.14,1.0961,2,1.16,1.1153,285,0
IWM190920C158,2019-09-16,2019-09-16 09:34:23,1.17,1.125,132,1.15,1.1057,22,1.14,1.0961,2,1.16,1.1153,285,0
IWM190920C158,2019-09-16,2019-09-16 09:34:23,1.17,1.125,213,1.15,1.1057,25,1.14,1.0961,2,1.16,1.1153,285,0
IWM190920C158,2019-09-16,2019-09-16 09:34:24,1.16,1.1153,88,1.14,1.0961,26,1.14,1.0961,2,1.15,1.1057,285,0
IWM190920C158,2019-09-16,2019-09-16 09:34:24,1.16,1.1153,88,1.14,1.0961,28,1.14,1.0961,2,1.15,1.1057,285,0
IWM190920C158,2019-09-16,2019-09-16 09:34:25,1.16,1.1153,153,1.14,1.0961,46,1.14,1.0961,2,1.15,1.1057,285,0
IWM190920C158,2019-09-16,2019-09-16 09:34:25,1.16,1.1153,103,1.15,1.1057,3,1.14,1.0961,2,1.155,1.1105,285,0
IWM190920C158,2019-09-16,2019-09-16 09:34:26,1.16,1.1153,179,1.14,1.0961,46,1.14,1.0961,2,1.15,1.1057,285,0
IWM190920C158,2019-09-16,2019-09-16 09:34:27,1.16,1.1153,179,1.14,1.0961,42,1.14,1.0961,2,1.15,1.1057,285,0
IWM190920C158,2019-09-16,2019-09-16 09:34:27,1.16,1.1153,140,1.14,1.0961,42,1.14,1.0961,2,1.15,1.1057,285,0
IWM190920C158,2019-09-16,2019-09-16 09:34:28,1.16,1.1153,49,1.14,1.0961,28,1.14,1.0961,2,1.15,1.1057,285,0
IWM190920C158,2019-09-16,2019-09-16 09:34:29,1.16,1.1153,77,1.15,1.1057,22,1.14,1.0961,2,1.155,1.1105,285,0
IWM190920C158,2019-09-16,2019-09-16 09:34:29,1.16,1.1153,46,1.14,1.0961,21,1.14,1.0961,2,1.15,1.1057,285,0
IWM190920C158,2019-09-16,2019-09-16 09:34:30,1.16,1.1153,59,1.15,1.1057,8,1.14,1.0961,2,1.155,1.1105,285,0
IWM190920C158,2019-09-16,2019-09-16 09:34:30,1.16,1.1153,110,1.15,1.1057,8,1.14,1.0961,2,1.155,1.1105,285,0
IWM190920C158,2019-09-16,2019-09-16 09:34:31,1.15,1.1057,42,1.14,1.0961,7,1.14,1.0961,2,1.145,1.1009,285,0
IWM190920C158,2019-09-16,2019-09-16 09:34:31,1.15,1.1057,13,1.13,1.0865,13,1.14,1.0961,2,1.14,1.0961,285,0
IWM190920C158,2019-09-16,2019-09-16 09:34:32,1.16,1.1153,55,1.14,1.0961,20,1.14,1.0961,2,1.15,1.1057,285,0
IWM190920C158,2019-09-16,2019-09-16 09:34:32,1.15,1.1057,93,1.14,1.0961,7,1.14,1.0961,2,1.145,1.1009,285,0
IWM190920C158,2019-09-16,2019-09-16 09:34:33,1.16,1.1153,21,1.15,1.1057,20,1.14,1.0961,2,1.155,1.1105,285,0
IWM190920C158,2019-09-16,2019-09-16 09:34:33,1.17,1.125,130,1.15,1.1057,20,1.14,1.0961,2,1.16,1.1153,285,0
IWM190920C158,2019-09-16,2019-09-16 09:34:34,1.16,1.1153,80,1.15,1.1057,15,1.14,1.0961,2,1.155,1.1105,285,0
IWM190920C158,2019-09-16,2019-09-16 09:34:34,1.16,1.1153,80,1.14,1.0961,19,1.14,1.0961,2,1.15,1.1057,285,0
IWM190920C158,2019-09-16,2019-09-16 09:34:35,1.17,1.125,63,1.15,1.1057,20,1.14,1.0961,2,1.16,1.1153,285,0
IWM190920C158,2019-09-16,2019-09-16 09:34:35,1.16,1.1153,80,1.14,1.0961,24,1.14,1.0961,2,1.15,1.1057,285,0
IWM190920C158,2019-09-16,2019-09-16 09:34:36,1.17,1.125,39,1.15,1.1057,13,1.14,1.0961,2,1.16,1.1153,285,0
IWM190920C158,2019-09-16,2019-09-16 09:34:36,1.16,1.1153,80,1.15,1.1057,13,1.14,1.0961,2,1.155,1.1105,285,0
IWM190920C158,2019-09-16,2019-09-16 09:34:37,1.17,1.125,34,1.15,1.1057,22,1.14,1.0961,2,1.16,1.1153,285,0
IWM190920C158,2019-09-16,2019-09-16 09:34:37,1.17,1.125,59,1.15,1.1057,26,1.14,1.0961,2,1.16,1.1153,285,0
IWM190920C158,2019-09-16,2019-09-16 09:34:38,1.17,1.125,59,1.15,1.1057,26,1.14,1.0961,2,1.16,1.1153,285,0
IWM190920C158,2019-09-16,2019-09-16 09:34:38,1.17,1.125,72,1.15,1.1057,13,1.14,1.0961,2,1.16,1.1153,285,0
IWM190920C158,2019-09-16,2019-09-16 09:34:39,1.17,1.125,72,1.14,1.0961,48,1.14,1.0961,2,1.155,1.1105,285,0
IWM190920C158,2019-09-16,2019-09-16 09:34:39,1.17,1.125,276,1.15,1.1057,20,1.14,1.0961,2,1.16,1.1153,285,0
IWM190920C158,2019-09-16,2019-09-16 09:34:40,1.17,1.125,276,1.15,1.1057,20,1.14,1.0961,2,1.16,1.1153,285,0
IWM190920C158,2019-09-16,2019-09-16 09:34:40,1.16,1.1153,13,1.14,1.0961,13,1.14,1.0961,2,1.15,1.1057,285,0
IWM190920C158,2019-09-16,2019-09-16 09:34:41,1.16,1.1153,56,1.15,1.1057,7,1.14,1.0961,2,1.155,1.1105,285,0
IWM190920C158,2019-09-16,2019-09-16 09:34:41,1.16,1.1153,13,1.14,1.0961,20,1.14,1.0961,2,1.15,1.1057,285,0
IWM190920C158,2019-09-16,2019-09-16 09:34:42,1.16,1.1153,39,1.15,1.1057,11,1.14,1.0961,2,1.155,1.1105,285,0
IWM190920C158,2019-09-16,2019-09-16 09:34:42,1.17,1.125,114,1.14,1.0961,20,1.14,1.0961,2,1.155,1.1105,285,0
IWM190920C158,2019-09-16,2019-09-16 09:34:43,1.15,1.1057,59,1.13,1.0865,38,1.14,1.0961,2,1.14,1.0961,285,0
IWM190920C158,2019-09-16,2019-09-16 09:34:44,1.16,1.1153,322,1.14,1.0961,17,1.14,1.0961,2,1.15,1.1057,285,0
IWM190920C158,2019-09-16,2019-09-16 09:34:44,1.15,1.1057,155,1.13,1.0865,15,1.14,1.0961,2,1.14,1.0961,285,0
IWM190920C158,2019-09-16,2019-09-16 09:34:45,1.16,1.1153,266,1.14,1.0961,29,1.14,1.0961,2,1.15,1.1057,285,0
IWM190920C158,2019-09-16,2019-09-16 09:34:45,1.17,1.125,95,1.14,1.0961,29,1.14,1.0961,2,1.155,1.1105,285,0
IWM190920C158,2019-09-16,2019-09-16 09:34:46,1.16,1.1153,20,1.15,1.1057,5,1.14,1.0961,2,1.155,1.1105,285,0
IWM190920C158,2019-09-16,2019-09-16 09:34:46,1.17,1.125,119,1.14,1.0961,50,1.14,1.0961,2,1.155,1.1105,285,0
IWM190920C158,2019-09-16,2019-09-16 09:34:47,1.16,1.1153,59,1.14,1.0961,66,1.14,1.0961,2,1.15,1.1057,285,0
IWM190920C158,2019-09-16,2019-09-16 09:34:47,1.16,1.1153,137,1.15,1.1057,6,1.14,1.0961,2,1.155,1.1105,285,0
IWM190920C158,2019-09-16,2019-09-16 09:34:48,1.17,1.125,225,1.15,1.1057,31,1.14,1.0961,2,1.16,1.1153,285,0
IWM190920C158,2019-09-16,2019-09-16 09:34:48,1.17,1.125,141,1.15,1.1057,31,1.14,1.0961,2,1.16,1.1153,285,0
IWM190920C158,2019-09-16,2019-09-16 09:34:49,1.17,1.125,46,1.15,1.1057,71,1.14,1.0961,2,1.16,1.1153,285,0
IWM190920C158,2019-09-16,2019-09-16 09:34:49,1.17,1.125,247,1.15,1.1057,18,1.14,1.0961,2,1.16,1.1153,285,0
IWM190920C158,2019-09-16,2019-09-16 09:34:50,1.18,1.1346,297,1.15,1.1057,103,1.14,1.0961,2,1.165,1.1201,285,0
IWM190920C158,2019-09-16,2019-09-16 09:34:50,1.18,1.1346,209,1.16,1.1153,19,1.14,1.0961,2,1.17,1.125,285,0
IWM190920C158,2019-09-16,2019-09-16 09:34:51,1.18,1.1346,349,1.17,1.125,9,1.14,1.0961,2,1.175,1.1298,285,0
IWM190920C158,2019-09-16,2019-09-16 09:34:51,1.2,1.1538,34,1.17,1.125,78,1.14,1.0961,2,1.185,1.1394,285,0
IWM190920C158,2019-09-16,2019-09-16 09:34:52,1.2,1.1538,34,1.18,1.1346,11,1.14,1.0961,2,1.19,1.1442,285,0
IWM190920C158,2019-09-16,2019-09-16 09:34:53,1.2,1.1538,34,1.19,1.1442,11,1.14,1.0961,2,1.195,1.149,285,0
IWM190920C158,2019-09-16,2019-09-16 09:34:53,1.2,1.1538,94,1.18,1.1346,20,1.14,1.0961,2,1.19,1.1442,285,0
IWM190920C158,2019-09-16,2019-09-16 09:34:54,1.21,1.1634,233,1.18,1.1346,20,1.14,1.0961,2,1.195,1.149,285,0
IWM190920C158,2019-09-16,2019-09-16 09:34:54,1.2,1.1538,34,1.18,1.1346,20,1.14,1.0961,2,1.19,1.1442,285,0
IWM190920C158,2019-09-16,2019-09-16 09:34:55,1.2,1.1538,47,1.18,1.1346,53,1.14,1.0961,2,1.19,1.1442,285,0
IWM190920C158,2019-09-16,2019-09-16 09:34:56,1.2,1.1538,35,1.19,1.1442,7,1.14,1.0961,2,1.195,1.149,285,0
IWM190920C158,2019-09-16,2019-09-16 09:34:57,1.2,1.1538,59,1.18,1.1346,57,1.14,1.0961,2,1.19,1.1442,285,0
IWM190920C158,2019-09-16,2019-09-16 09:34:57,1.2,1.1538,59,1.18,1.1346,51,1.14,1.0961,2,1.19,1.1442,285,0
IWM190920C158,2019-09-16,2019-09-16 09:34:58,1.2,1.1538,59,1.18,1.1346,57,1.14,1.0961,2,1.19,1.1442,285,0
IWM190920C158,2019-09-16,2019-09-16 09:34:58,1.21,1.1634,282,1.19,1.1442,20,1.14,1.0961,2,1.2,1.1538,285,0
IWM190920C158,2019-09-16,2019-09-16 09:34:59,1.2,1.1538,94,1.18,1.1346,41,1.14,1.0961,2,1.19,1.1442,285,0
IWM190920C158,2019-09-16,2019-09-16 09:34:59,1.21,1.1634,88,1.19,1.1442,20,1.14,1.0961,2,1.2,1.1538,285,0
IWM190920C158,2019-09-16,2019-09-16 09:35:00,1.22,1.173,34,1.2,1.1538,28,1.14,1.0961,2,1.21,1.1634,285,0
IWM190920C158,2019-09-16,2019-09-16 09:35:00,1.22,1.173,34,1.2,1.1538,36,1.14,1.0961,2,1.21,1.1634,285,0
IWM190920C158,2019-09-16,2019-09-16 09:35:01,1.23,1.1826,59,1.21,1.1634,53,1.14,1.0961,2,1.22,1.173,285,0
IWM190920C158,2019-09-16,2019-09-16 09:35:02,1.23,1.1826,72,1.21,1.1634,13,1.14,1.0961,2,1.22,1.173,285,0
IWM190920C158,2019-09-16,2019-09-16 09:35:02,1.23,1.1826,145,1.2,1.1538,29,1.14,1.0961,2,1.215,1.1682,285,0
IWM190920C158,2019-09-16,2019-09-16 09:35:03,1.23,1.1826,145,1.2,1.1538,44,1.14,1.0961,2,1.215,1.1682,285,0
IWM190920C158,2019-09-16,2019-09-16 09:35:03,1.22,1.173,47,1.2,1.1538,20,1.14,1.0961,2,1.21,1.1634,285,0
IWM190920C158,2019-09-16,2019-09-16 09:35:04,1.22,1.173,87,1.2,1.1538,20,1.14,1.0961,2,1.21,1.1634,285,0
IWM190920C158,2019-09-16,2019-09-16 09:35:04,1.22,1.173,168,1.21,1.1634,10,1.14,1.0961,2,1.215,1.1682,285,0
IWM190920C158,2019-09-16,2019-09-16 09:35:05,1.23,1.1826,136,1.21,1.1634,14,1.14,1.0961,2,1.22,1.173,285,0
IWM190920C158,2019-09-16,2019-09-16 09:35:05,1.22,1.173,168,1.21,1.1634,10,1.14,1.0961,2,1.215,1.1682,285,0
IWM190920C158,2019-09-16,2019-09-16 09:35:06,1.23,1.1826,175,1.21,1.1634,38,1.14,1.0961,2,1.22,1.173,285,0
IWM190920C158,2019-09-16,2019-09-16 09:35:06,1.23,1.1826,118,1.22,1.173,6,1.14,1.0961,2,1.225,1.1778,285,0
IWM190920C158,2019-09-16,2019-09-16 09:35:07,1.23,1.1826,57,1.21,1.1634,21,1.14,1.0961,2,1.22,1.173,285,0
IWM190920C158,2019-09-16,2019-09-16 09:35:07,1.24,1.1923,276,1.22,1.173,13,1.14,1.0961,2,1.23,1.1826,285,0
IWM190920C158,2019-09-16,2019-09-16 09:35:08,1.24,1.1923,14,1.23,1.1826,3,1.14,1.0961,2,1.235,1.1875,285,0
IWM190920C158,2019-09-16,2019-09-16 09:35:08,1.24,1.1923,17,1.23,1.1826,3,1.14,1.0961,2,1.235,1.1875,285,0
IWM190920C158,2019-09-16,2019-09-16 09:35:09,1.25,1.2019,315,1.24,1.1923,2,1.14,1.0961,2,1.245,1.1971,285,0
IWM190920C158,2019-09-16,2019-09-16 09:35:09,1.25,1.2019,315,1.22,1.173,69,1.14,1.0961,2,1.235,1.1875,285,0
IWM190920C158,2019-09-16,2019-09-16 09:35:10,1.25,1.2019,334,1.22,1.173,63,1.14,1.0961,2,1.235,1.1875,285,0
IWM190920C158,2019-09-16,2019-09-16 09:35:10,1.25,1.2019,315,1.23,1.1826,23,1.14,1.0961,2,1.24,1.1923,285,0
IWM190920C158,2019-09-16,2019-09-16 09:35:11,1.25,1.2019,334,1.22,1.173,63,1.14,1.0961,2,1.235,1.1875,285,0
IWM190920C158,2019-09-16,2019-09-16 09:35:11,1.25,1.2019,90,1.24,1.1923,18,1.14,1.0961,2,1.245,1.1971,285,0
IWM190920C158,2019-09-16,2019-09-16 09:35:12,1.25,1.2019,208,1.24,1.1923,18,1.14,1.0961,2,1.245,1.1971,285,0
IWM190920C158,2019-09-16,2019-09-16 09:35:12,1.25,1.2019,95,1.23,1.1826,37,1.14,1.0961,2,1.24,1.1923,285,0
IWM190920C158,2019-09-16,2019-09-16 09:35:13,1.25,1.2019,46,1.24,1.1923,13,1.14,1.0961,2,1.245,1.1971,285,0
IWM190920C158,2019-09-16,2019-09-16 09:35:13,1.25,1.2019,94,1.24,1.1923,11,1.14,1.0961,2,1.245,1.1971,285,0
IWM190920C158,2019-09-16,2019-09-16 09:35:14,1.24,1.1923,60,1.21,1.1634,32,1.14,1.0961,2,1.225,1.1778,285,0
IWM190920C158,2019-09-16,2019-09-16 09:35:14,1.25,1.2019,170,1.23,1.1826,10,1.14,1.0961,2,1.24,1.1923,285,0
IWM190920C158,2019-09-16,2019-09-16 09:35:15,1.24,1.1923,255,1.22,1.173,2,1.14,1.0961,2,1.23,1.1826,285,0
IWM190920C158,2019-09-16,2019-09-16 09:35:15,1.24,1.1923,175,1.22,1.173,15,1.14,1.0961,2,1.23,1.1826,285,0
IWM190920C158,2019-09-16,2019-09-16 09:35:16,1.23,1.1826,61,1.21,1.1634,61,1.14,1.0961,2,1.22,1.173,285,0
IWM190920C158,2019-09-16,2019-09-16 09:35:16,1.23,1.1826,82,1.21,1.1634,60,1.14,1.0961,2,1.22,1.173,285,0
IWM190920C158,2019-09-16,2019-09-16 09:35:17,1.24,1.1923,191,1.21,1.1634,60,1.14,1.0961,2,1.225,1.1778,285,0
IWM190920C158,2019-09-16,2019-09-16 09:35:17,1.24,1.1923,272,1.22,1.173,10,1.14,1.0961,2,1.23,1.1826,285,0
IWM190920C158,2019-09-16,2019-09-16 09:35:18,1.23,1.1826,107,1.21,1.1634,61,1.14,1.0961,2,1.22,1.173,285,0
IWM190920C158,2019-09-16,2019-09-16 09:35:18,1.24,1.1923,320,1.22,1.173,3,1.14,1.0961,2,1.23,1.1826,285,0
IWM190920C158,2019-09-16,2019-09-16 09:35:19,1.22,1.173,10,1.21,1.1634,61,1.14,1.0961,2,1.215,1.1682,285,0
IWM190920C158,2019-09-16,2019-09-16 09:35:20,1.23,1.1826,48,1.22,1.173,22,1.14,1.0961,2,1.225,1.1778,285,0
IWM190920C158,2019-09-16,2019-09-16 09:35:20,1.23,1.1826,158,1.21,1.1634,48,1.14,1.0961,2,1.22,1.173,285,0
IWM190920C158,2019-09-16,2019-09-16 09:35:21,1.24,1.1923,236,1.22,1.173,3,1.14,1.0961,2,1.23,1.1826,285,0
IWM190920C158,2019-09-16,2019-09-16 09:35:21,1.25,1.2019,48,1.23,1.1826,13,1.14,1.0961,2,1.24,1.1923,285,0
IWM190920C158,2019-09-16,2019-09-16 09:35:22,1.25,1.2019,87,1.23,1.1826,19,1.14,1.0961,2,1.24,1.1923,285,0
IWM190920C158,2019-09-16,2019-09-16 09:35:22,1.25,1.2019,197,1.23,1.1826,14,1.14,1.0961,2,1.24,1.1923,285,0
IWM190920C158,2019-09-16,2019-09-16 09:35:23,1.23,1.1826,13,1.22,1.173,6,1.21,1.1634,10,1.225,1.1778,295,10
IWM190920C158,2019-09-16,2019-09-16 09:35:23,1.25,1.2019,271,1.23,1.1826,14,1.14,1.0961,2,1.24,1.1923,285,0
IWM190920C158,2019-09-16,2019-09-16 09:35:24,1.23,1.1826,14,1.21,1.1634,13,1.22,1.173,1,1.22,1.173,298,0
IWM190920C158,2019-09-16,2019-09-16 09:35:24,1.22,1.173,1,1.21,1.1634,35,1.22,1.173,1,1.215,1.1682,298,3
IWM190920C158,2019-09-16,2019-09-16 09:35:25,1.21,1.1634,14,1.2,1.1538,7,1.22,1.173,1,1.205,1.1586,298,0
IWM190920C158,2019-09-16,2019-09-16 09:35:25,1.22,1.173,33,1.2,1.1538,24,1.22,1.173,1,1.21,1.1634,298,0
IWM190920C158,2019-09-16,2019-09-16 09:35:26,1.21,1.1634,64,1.2,1.1538,1,1.22,1.173,1,1.205,1.1586,298,0
IWM190920C158,2019-09-16,2019-09-16 09:35:26,1.21,1.1634,54,1.2,1.1538,1,1.22,1.173,1,1.205,1.1586,298,0
IWM190920C158,2019-09-16,2019-09-16 09:35:27,1.21,1.1634,171,1.2,1.1538,1,1.22,1.173,1,1.205,1.1586,298,0
IWM190920C158,2019-09-16,2019-09-16 09:35:27,1.21,1.1634,332,1.2,1.1538,1,1.22,1.173,1,1.205,1.1586,298,0
IWM190920C158,2019-09-16,2019-09-16 09:35:28,1.21,1.1634,36,1.2,1.1538,1,1.22,1.173,1,1.205,1.1586,298,0
IWM190920C158,2019-09-16,2019-09-16 09:35:28,1.21,1.1634,181,1.2,1.1538,1,1.2,1.1538,1,1.205,1.1586,299,1
IWM190920C158,2019-09-16,2019-09-16 09:35:29,1.2,1.1538,78,1.18,1.1346,38,1.2,1.1538,1,1.19,1.1442,299,0
IWM190920C158,2019-09-16,2019-09-16 09:35:29,1.2,1.1538,61,1.18,1.1346,45,1.2,1.1538,1,1.19,1.1442,299,0
IWM190920C158,2019-09-16,2019-09-16 09:35:30,1.2,1.1538,78,1.18,1.1346,74,1.2,1.1538,1,1.19,1.1442,299,0
IWM190920C158,2019-09-16,2019-09-16 09:35:30,1.2,1.1538,65,1.18,1.1346,45,1.2,1.1538,1,1.19,1.1442,299,0
IWM190920C158,2019-09-16,2019-09-16 09:35:31,1.22,1.173,192,1.19,1.1442,35,1.2,1.1538,1,1.205,1.1586,299,0
IWM190920C158,2019-09-16,2019-09-16 09:35:31,1.22,1.173,178,1.19,1.1442,35,1.2,1.1538,1,1.205,1.1586,299,0
IWM190920C158,2019-09-16,2019-09-16 09:35:32,1.21,1.1634,52,1.19,1.1442,61,1.2,1.1538,1,1.2,1.1538,299,0
IWM190920C158,2019-09-16,2019-09-16 09:35:32,1.22,1.173,252,1.19,1.1442,35,1.2,1.1538,1,1.205,1.1586,299,0
IWM190920C158,2019-09-16,2019-09-16 09:35:33,1.21,1.1634,342,1.19,1.1442,30,1.2,1.1538,1,1.2,1.1538,299,0
IWM190920C158,2019-09-16,2019-09-16 09:35:34,1.21,1.1634,207,1.19,1.1442,16,1.2,1.1538,1,1.2,1.1538,299,0
IWM190920C158,2019-09-16,2019-09-16 09:35:34,1.21,1.1634,77,1.19,1.1442,30,1.2,1.1538,1,1.2,1.1538,299,0
IWM190920C158,2019-09-16,2019-09-16 09:35:35,1.2,1.1538,122,1.18,1.1346,58,1.2,1.1538,1,1.19,1.1442,299,0
IWM190920C158,2019-09-16,2019-09-16 09:35:35,1.21,1.1634,251,1.19,1.1442,16,1.2,1.1538,1,1.2,1.1538,299,0
IWM190920C158,2019-09-16,2019-09-16 09:35:36,1.21,1.1634,141,1.19,1.1442,60,1.2,1.1538,1,1.2,1.1538,299,0
IWM190920C158,2019-09-16,2019-09-16 09:35:36,1.22,1.173,258,1.19,1.1442,61,1.2,1.1538,1,1.205,1.1586,299,0
IWM190920C158,2019-09-16,2019-09-16 09:35:37,1.21,1.1634,149,1.2,1.1538,7,1.2,1.1538,1,1.205,1.1586,299,0
IWM190920C158,2019-09-16,2019-09-16 09:35:37,1.21,1.1634,191,1.2,1.1538,7,1.2,1.1538,1,1.205,1.1586,299,0
IWM190920C158,2019-09-16,2019-09-16 09:35:38,1.21,1.1634,191,1.2,1.1538,7,1.2,1.1538,1,1.205,1.1586,299,0
IWM190920C158,2019-09-16,2019-09-16 09:35:38,1.2,1.1538,250,1.19,1.1442,5,1.2,1.1538,1,1.195,1.149,299,0
IWM190920C158,2019-09-16,2019-09-16 09:35:39,1.19,1.1442,61,1.17,1.125,46,1.2,1.1538,1,1.18,1.1346,299,0
IWM190920C158,2019-09-16,2019-09-16 09:35:39,1.2,1.1538,11,1.18,1.1346,24,1.2,1.1538,1,1.19,1.1442,299,0
IWM190920C158,2019-09-16,2019-09-16 09:35:40,1.19,1.1442,18,1.18,1.1346,25,1.2,1.1538,1,1.185,1.1394,299,0
IWM190920C158,2019-09-16,2019-09-16 09:35:40,1.19,1.1442,62,1.18,1.1346,2,1.2,1.1538,1,1.185,1.1394,299,0
IWM190920C158,2019-09-16,2019-09-16 09:35:41,1.2,1.1538,51,1.18,1.1346,59,1.2,1.1538,1,1.19,1.1442,299,0
IWM190920C158,2019-09-16,2019-09-16 09:35:41,1.21,1.1634,104,1.19,1.1442,40,1.2,1.1538,1,1.2,1.1538,299,0
IWM190920C158,2019-09-16,2019-09-16 09:35:42,1.21,1.1634,110,1.19,1.1442,60,1.2,1.1538,1,1.2,1.1538,299,0
IWM190920C158,2019-09-16,2019-09-16 09:35:42,1.21,1.1634,281,1.19,1.1442,60,1.2,1.1538,1,1.2,1.1538,299,0
IWM190920C158,2019-09-16,2019-09-16 09:35:43,1.21,1.1634,278,1.19,1.1442,18,1.2,1.1538,1,1.2,1.1538,299,0
IWM190920C158,2019-09-16,2019-09-16 09:35:43,1.21,1.1634,358,1.19,1.1442,3,1.2,1.1538,1,1.2,1.1538,299,0
IWM190920C158,2019-09-16,2019-09-16 09:35:44,1.21,1.1634,117,1.18,1.1346,61,1.2,1.1538,1,1.195,1.149,299,0
IWM190920C158,2019-09-16,2019-09-16 09:35:45,1.21,1.1634,35,1.2,1.1538,6,1.2,1.1538,1,1.205,1.1586,299,0
IWM190920C158,2019-09-16,2019-09-16 09:35:45,1.21,1.1634,231,1.18,1.1346,66,1.2,1.1538,1,1.195,1.149,299,0
IWM190920C158,2019-09-16,2019-09-16 09:35:46,1.23,1.1826,15,1.21,1.1634,12,1.2,1.1538,1,1.22,1.173,299,0
IWM190920C158,2019-09-16,2019-09-16 09:35:47,1.22,1.173,15,1.2,1.1538,24,1.2,1.1538,1,1.21,1.1634,299,0
IWM190920C158,2019-09-16,2019-09-16 09:35:47,1.23,1.1826,235,1.2,1.1538,24,1.2,1.1538,1,1.215,1.1682,299,0
IWM190920C158,2019-09-16,2019-09-16 09:35:48,1.21,1.1634,61,1.19,1.1442,31,1.2,1.1538,1,1.2,1.1538,299,0
IWM190920C158,2019-09-16,2019-09-16 09:35:48,1.21,1.1634,132,1.19,1.1442,31,1.2,1.1538,1,1.2,1.1538,299,0
IWM190920C158,2019-09-16,2019-09-16 09:35:49,1.21,1.1634,61,1.19,1.1442,30,1.2,1.1538,1,1.2,1.1538,299,0
IWM190920C158,2019-09-16,2019-09-16 09:35:49,1.21,1.1634,97,1.19,1.1442,39,1.2,1.1538,1,1.2,1.1538,299,0
IWM190920C158,2019-09-16,2019-09-16 09:35:50,1.21,1.1634,226,1.19,1.1442,27,1.2,1.1538,1,1.2,1.1538,299,0
IWM190920C158,2019-09-16,2019-09-16 09:35:50,1.21,1.1634,217,1.19,1.1442,27,1.2,1.1538,1,1.2,1.1538,299,0
IWM190920C158,2019-09-16,2019-09-16 09:35:51,1.21,1.1634,222,1.19,1.1442,27,1.2,1.1538,1,1.2,1.1538,299,0
IWM190920C158,2019-09-16,2019-09-16 09:35:51,1.21,1.1634,222,1.19,1.1442,18,1.2,1.1538,1,1.2,1.1538,299,0
IWM190920C158,2019-09-16,2019-09-16 09:35:52,1.21,1.1634,257,1.19,1.1442,18,1.2,1.1538,1,1.2,1.1538,299,0
IWM190920C158,2019-09-16,2019-09-16 09:35:52,1.21,1.1634,257,1.19,1.1442,27,1.2,1.1538,1,1.2,1.1538,299,0
IWM190920C158,2019-09-16,2019-09-16 09:35:53,1.21,1.1634,150,1.19,1.1442,27,1.2,1.1538,1,1.2,1.1538,299,0
IWM190920C158,2019-09-16,2019-09-16 09:35:53,1.21,1.1634,22,1.19,1.1442,14,1.2,1.1538,1,1.2,1.1538,299,0
IWM190920C158,2019-09-16,2019-09-16 09:35:54,1.21,1.1634,43,1.19,1.1442,14,1.2,1.1538,1,1.2,1.1538,299,0
IWM190920C158,2019-09-16,2019-09-16 09:35:54,1.21,1.1634,43,1.2,1.1538,1,1.2,1.1538,1,1.205,1.1586,299,0
IWM190920C158,2019-09-16,2019-09-16 09:35:55,1.21,1.1634,79,1.18,1.1346,93,1.2,1.1538,1,1.195,1.149,299,0
IWM190920C158,2019-09-16,2019-09-16 09:35:55,1.22,1.173,194,1.19,1.1442,61,1.2,1.1538,1,1.205,1.1586,299,0
IWM190920C158,2019-09-16,2019-09-16 09:35:56,1.21,1.1634,79,1.18,1.1346,127,1.2,1.1538,1,1.195,1.149,299,0
IWM190920C158,2019-09-16,2019-09-16 09:35:56,1.19,1.1442,61,1.17,1.125,61,1.2,1.1538,1,1.18,1.1346,299,0
IWM190920C158,2019-09-16,2019-09-16 09:35:57,1.19,1.1442,61,1.17,1.125,18,1.2,1.1538,1,1.18,1.1346,299,0
IWM190920C158,2019-09-16,2019-09-16 09:35:58,1.19,1.1442,97,1.17,1.125,18,1.2,1.1538,1,1.18,1.1346,299,0
IWM190920C158,2019-09-16,2019-09-16 09:35:58,1.17,1.125,13,1.15,1.1057,31,1.2,1.1538,1,1.16,1.1153,299,0
IWM190920C158,2019-09-16,2019-09-16 09:35:59,1.16,1.1153,18,1.14,1.0961,6,1.2,1.1538,1,1.15,1.1057,299,0
IWM190920C158,2019-09-16,2019-09-16 09:35:59,1.17,1.125,96,1.15,1.1057,6,1.2,1.1538,1,1.16,1.1153,299,0
IWM190920C158,2019-09-16,2019-09-16 09:36:00,1.16,1.1153,44,1.14,1.0961,98,1.2,1.1538,1,1.15,1.1057,299,0
IWM190920C158,2019-09-16,2019-09-16 09:36:00,1.18,1.1346,26,1.16,1.1153,31,1.2,1.1538,1,1.17,1.125,299,0
IWM190920C158,2019-09-16,2019-09-16 09:36:01,1.17,1.125,27,1.15,1.1057,17,1.2,1.1538,1,1.16,1.1153,299,0
IWM190920C158,2019-09-16,2019-09-16 09:36:01,1.17,1.125,113,1.15,1.1057,7,1.2,1.1538,1,1.16,1.1153,299,0
IWM190920C158,2019-09-16,2019-09-16 09:36:02,1.18,1.1346,59,1.16,1.1153,19,1.2,1.1538,1,1.17,1.125,299,0
IWM190920C158,2019-09-16,2019-09-16 09:36:02,1.17,1.125,235,1.14,1.0961,75,1.2,1.1538,1,1.155,1.1105,299,0
IWM190920C158,2019-09-16,2019-09-16 09:36:03,1.18,1.1346,61,1.16,1.1153,35,1.2,1.1538,1,1.17,1.125,299,0
IWM190920C158,2019-09-16,2019-09-16 09:36:03,1.18,1.1346,61,1.16,1.1153,29,1.2,1.1538,1,1.17,1.125,299,0
IWM190920C158,2019-09-16,2019-09-16 09:36:04,1.19,1.1442,225,1.17,1.125,10,1.2,1.1538,1,1.18,1.1346,299,0
IWM190920C158,2019-09-16,2019-09-16 09:36:04,1.19,1.1442,242,1.17,1.125,20,1.2,1.1538,1,1.18,1.1346,299,0
IWM190920C158,2019-09-16,2019-09-16 09:36:05,1.18,1.1346,143,1.16,1.1153,31,1.2,1.1538,1,1.17,1.125,299,0
IWM190920C158,2019-09-16,2019-09-16 09:36:05,1.19,1.1442,105,1.17,1.125,20,1.2,1.1538,1,1.18,1.1346,299,0
IWM190920C158,2019-09-16,2019-09-16 09:36:06,1.19,1.1442,24,1.16,1.1153,31,1.2,1.1538,1,1.175,1.1298,299,0
IWM190920C158,2019-09-16,2019-09-16 09:36:06,1.19,1.1442,98,1.17,1.125,16,1.2,1.1538,1,1.18,1.1346,299,0
IWM190920C158,2019-09-16,2019-09-16 09:36:07,1.17,1.125,32,1.16,1.1153,1,1.2,1.1538,1,1.165,1.1201,299,0
IWM190920C158,2019-09-16,2019-09-16 09:36:07,1.18,1.1346,44,1.16,1.1153,21,1.2,1.1538,1,1.17,1.125,299,0
IWM190920C158,2019-09-16,2019-09-16 09:36:08,1.17,1.125,16,1.16,1.1153,1,1.2,1.1538,1,1.165,1.1201,299,0
IWM190920C158,2019-09-16,2019-09-16 09:36:09,1.17,1.125,63,1.15,1.1057,41,1.2,1.1538,1,1.16,1.1153,299,0
IWM190920C158,2019-09-16,2019-09-16 09:36:09,1.17,1.125,16,1.16,1.1153,10,1.2,1.1538,1,1.165,1.1201,299,0
IWM190920C158,2019-09-16,2019-09-16 09:36:10,1.18,1.1346,42,1.16,1.1153,10,1.2,1.1538,1,1.17,1.125,299,0
IWM190920C158,2019-09-16,2019-09-16 09:36:10,1.18,1.1346,56,1.15,1.1057,79,1.2,1.1538,1,1.165,1.1201,299,0
IWM190920C158,2019-09-16,2019-09-16 09:36:11,1.18,1.1346,22,1.16,1.1153,31,1.2,1.1538,1,1.17,1.125,299,0
IWM190920C158,2019-09-16,2019-09-16 09:36:11,1.18,1.1346,43,1.16,1.1153,31,1.2,1.1538,1,1.17,1.125,299,0
IWM190920C158,2019-09-16,2019-09-16 09:36:12,1.18,1.1346,292,1.16,1.1153,5,1.2,1.1538,1,1.17,1.125,299,0
IWM190920C158,2019-09-16,2019-09-16 09:36:13,1.18,1.1346,184,1.16,1.1153,18,1.2,1.1538,1,1.17,1.125,299,0
IWM190920C158,2019-09-16,2019-09-16 09:36:14,1.17,1.125,60,1.15,1.1057,24,1.2,1.1538,1,1.16,1.1153,299,0
IWM190920C158,2019-09-16,2019-09-16 09:36:14,1.18,1.1346,134,1.16,1.1153,20,1.2,1.1538,1,1.17,1.125,299,0
IWM190920C158,2019-09-16,2019-09-16 09:36:15,1.17,1.125,60,1.15,1.1057,60,1.2,1.1538,1,1.16,1.1153,299,0
IWM190920C158,2019-09-16,2019-09-16 09:36:15,1.17,1.125,30,1.15,1.1057,73,1.2,1.1538,1,1.16,1.1153,299,0
IWM190920C158,2019-09-16,2019-09-16 09:36:16,1.19,1.1442,23,1.18,1.1346,10,1.2,1.1538,1,1.185,1.1394,299,0
IWM190920C158,2019-09-16,2019-09-16 09:36:16,1.18,1.1346,29,1.16,1.1153,49,1.2,1.1538,1,1.17,1.125,299,0
IWM190920C158,2019-09-16,2019-09-16 09:36:17,1.19,1.1442,50,1.18,1.1346,5,1.2,1.1538,1,1.185,1.1394,299,0
IWM190920C158,2019-09-16,2019-09-16 09:36:17,1.19,1.1442,44,1.18,1.1346,10,1.2,1.1538,1,1.185,1.1394,299,0
IWM190920C158,2019-09-16,2019-09-16 09:36:18,1.2,1.1538,204,1.18,1.1346,10,1.2,1.1538,1,1.19,1.1442,299,0
IWM190920C158,2019-09-16,2019-09-16 09:36:19,1.2,1.1538,204,1.18,1.1346,10,1.2,1.1538,1,1.19,1.1442,299,0
IWM190920C158,2019-09-16,2019-09-16 09:36:19,1.2,1.1538,26,1.18,1.1346,33,1.2,1.1538,1,1.19,1.1442,299,0
IWM190920C158,2019-09-16,2019-09-16 09:36:20,1.2,1.1538,43,1.18,1.1346,53,1.2,1.1538,1,1.19,1.1442,299,0
IWM190920C158,2019-09-16,2019-09-16 09:36:21,1.19,1.1442,53,1.18,1.1346,14,1.2,1.1538,1,1.185,1.1394,299,0
IWM190920C158,2019-09-16,2019-09-16 09:36:21,1.2,1.1538,79,1.18,1.1346,14,1.2,1.1538,1,1.19,1.1442,299,0
IWM190920C158,2019-09-16,2019-09-16 09:36:22,1.2,1.1538,162,1.18,1.1346,14,1.2,1.1538,1,1.19,1.1442,299,0
IWM190920C158,2019-09-16,2019-09-16 09:36:22,1.2,1.1538,87,1.18,1.1346,14,1.2,1.1538,1,1.19,1.1442,299,0
IWM190920C158,2019-09-16,2019-09-16 09:36:23,1.2,1.1538,329,1.18,1.1346,2,1.2,1.1538,1,1.19,1.1442,299,0
IWM190920C158,2019-09-16,2019-09-16 09:36:23,1.2,1.1538,77,1.17,1.125,23,1.2,1.1538,1,1.185,1.1394,299,0
IWM190920C158,2019-09-16,2019-09-16 09:36:24,1.2,1.1538,302,1.18,1.1346,10,1.2,1.1538,1,1.19,1.1442,299,0
IWM190920C158,2019-09-16,2019-09-16 09:36:24,1.2,1.1538,65,1.18,1.1346,10,1.2,1.1538,1,1.19,1.1442,299,0
IWM190920C158,2019-09-16,2019-09-16 09:36:25,1.19,1.1442,209,1.17,1.125,15,1.2,1.1538,1,1.18,1.1346,299,0
IWM190920C158,2019-09-16,2019-09-16 09:36:25,1.19,1.1442,194,1.17,1.125,15,1.2,1.1538,1,1.18,1.1346,299,0
IWM190920C158,2019-09-16,2019-09-16 09:36:26,1.19,1.1442,209,1.17,1.125,22,1.2,1.1538,1,1.18,1.1346,299,0
IWM190920C158,2019-09-16,2019-09-16 09:36:26,1.19,1.1442,284,1.16,1.1153,101,1.2,1.1538,1,1.175,1.1298,299,0
IWM190920C158,2019-09-16,2019-09-16 09:36:27,1.19,1.1442,266,1.16,1.1153,101,1.2,1.1538,1,1.175,1.1298,299,0
IWM190920C158,2019-09-16,2019-09-16 09:36:27,1.18,1.1346,16,1.15,1.1057,49,1.2,1.1538,1,1.165,1.1201,299,0
IWM190920C158,2019-09-16,2019-09-16 09:36:28,1.17,1.125,60,1.15,1.1057,49,1.2,1.1538,1,1.16,1.1153,299,0
IWM190920C158,2019-09-16,2019-09-16 09:36:28,1.18,1.1346,242,1.16,1.1153,3,1.2,1.1538,1,1.17,1.125,299,0
IWM190920C158,2019-09-16,2019-09-16 09:36:29,1.17,1.125,10,1.15,1.1057,37,1.2,1.1538,1,1.16,1.1153,299,0
IWM190920C158,2019-09-16,2019-09-16 09:36:29,1.17,1.125,16,1.15,1.1057,85,1.2,1.1538,1,1.16,1.1153,299,0
IWM190920C158,2019-09-16,2019-09-16 09:36:30,1.17,1.125,10,1.16,1.1153,8,1.2,1.1538,1,1.165,1.1201,299,0
IWM190920C158,2019-09-16,2019-09-16 09:36:30,1.17,1.125,60,1.15,1.1057,77,1.2,1.1538,1,1.16,1.1153,299,0
IWM190920C158,2019-09-16,2019-09-16 09:36:31,1.17,1.125,77,1.15,1.1057,71,1.2,1.1538,1,1.16,1.1153,299,0
IWM190920C158,2019-09-16,2019-09-16 09:36:31,1.17,1.125,100,1.15,1.1057,71,1.2,1.1538,1,1.16,1.1153,299,0
IWM190920C158,2019-09-16,2019-09-16 09:36:32,1.18,1.1346,167,1.16,1.1153,38,1.2,1.1538,1,1.17,1.125,299,0
IWM190920C158,2019-09-16,2019-09-16 09:36:32,1.17,1.125,22,1.16,1.1153,39,1.2,1.1538,1,1.165,1.1201,299,0
IWM190920C158,2019-09-16,2019-09-16 09:36:33,1.18,1.1346,167,1.16,1.1153,26,1.2,1.1538,1,1.17,1.125,299,0
IWM190920C158,2019-09-16,2019-09-16 09:36:34,1.17,1.125,113,1.15,1.1057,8,1.2,1.1538,1,1.16,1.1153,299,0
IWM190920C158,2019-09-16,2019-09-16 09:36:34,1.18,1.1346,364,1.16,1.1153,10,1.2,1.1538,1,1.17,1.125,299,0
IWM190920C158,2019-09-16,2019-09-16 09:36:35,1.17,1.125,113,1.15,1.1057,8,1.2,1.1538,1,1.16,1.1153,299,0
IWM190920C158,2019-09-16,2019-09-16 09:36:35,1.17,1.125,84,1.15,1.1057,35,1.2,1.1538,1,1.16,1.1153,299,0
IWM190920C158,2019-09-16,2019-09-16 09:36:36,1.17,1.125,304,1.15,1.1057,30,1.2,1.1538,1,1.16,1.1153,299,0
IWM190920C158,2019-09-16,2019-09-16 09:36:36,1.17,1.125,206,1.15,1.1057,30,1.2,1.1538,1,1.16,1.1153,299,0
IWM190920C158,2019-09-16,2019-09-16 09:36:37,1.15,1.1057,80,1.13,1.0865,13,1.2,1.1538,1,1.14,1.0961,299,0
IWM190920C158,2019-09-16,2019-09-16 09:36:37,1.16,1.1153,70,1.14,1.0961,44,1.2,1.1538,1,1.15,1.1057,299,0
IWM190920C158,2019-09-16,2019-09-16 09:36:38,1.16,1.1153,260,1.14,1.0961,20,1.14,1.0961,10,1.15,1.1057,309,10
IWM190920C158,2019-09-16,2019-09-16 09:36:38,1.16,1.1153,78,1.14,1.0961,13,1.2,1.1538,1,1.15,1.1057,299,0
IWM190920C158,2019-09-16,2019-09-16 09:36:39,1.16,1.1153,260,1.14,1.0961,20,1.14,1.0961,10,1.15,1.1057,309,0
IWM190920C158,2019-09-16,2019-09-16 09:36:39,1.15,1.1057,229,1.13,1.0865,14,1.14,1.0961,10,1.14,1.0961,309,0
IWM190920C158,2019-09-16,2019-09-16 09:36:40,1.15,1.1057,374,1.12,1.0769,78,1.14,1.0961,10,1.135,1.0913,309,0
IWM190920C158,2019-09-16,2019-09-16 09:36:40,1.15,1.1057,225,1.13,1.0865,21,1.14,1.0961,10,1.14,1.0961,309,0
IWM190920C158,2019-09-16,2019-09-16 09:36:41,1.14,1.0961,158,1.12,1.0769,137,1.14,1.0961,10,1.13,1.0865,309,0
IWM190920C158,2019-09-16,2019-09-16 09:36:41,1.14,1.0961,99,1.12,1.0769,78,1.14,1.0961,10,1.13,1.0865,309,0
IWM190920C158,2019-09-16,2019-09-16 09:36:42,1.14,1.0961,205,1.11,1.0673,82,1.14,1.0961,10,1.125,1.0817,309,0
IWM190920C158,2019-09-16,2019-09-16 09:36:42,1.14,1.0961,187,1.11,1.0673,82,1.14,1.0961,10,1.125,1.0817,309,0
IWM190920C158,2019-09-16,2019-09-16 09:36:43,1.14,1.0961,187,1.11,1.0673,121,1.14,1.0961,10,1.125,1.0817,309,0
IWM190920C158,2019-09-16,2019-09-16 09:36:43,1.12,1.0769,62,1.11,1.0673,8,1.14,1.0961,10,1.115,1.0721,309,0
IWM190920C158,2019-09-16,2019-09-16 09:36:44,1.12,1.0769,164,1.1,1.0576,29,1.14,1.0961,10,1.11,1.0673,309,0
IWM190920C158,2019-09-16,2019-09-16 09:36:44,1.12,1.0769,185,1.1,1.0576,29,1.14,1.0961,10,1.11,1.0673,309,0
IWM190920C158,2019-09-16,2019-09-16 09:36:45,1.12,1.0769,255,1.1,1.0576,29,1.14,1.0961,10,1.11,1.0673,309,0
IWM190920C158,2019-09-16,2019-09-16 09:36:45,1.11,1.0673,73,1.09,1.048,20,1.14,1.0961,10,1.1,1.0576,309,0
IWM190920C158,2019-09-16,2019-09-16 09:36:46,1.11,1.0673,62,1.09,1.048,53,1.14,1.0961,10,1.1,1.0576,309,0
IWM190920C158,2019-09-16,2019-09-16 09:36:47,1.12,1.0769,214,1.1,1.0576,12,1.14,1.0961,10,1.11,1.0673,309,0
IWM190920C158,2019-09-16,2019-09-16 09:36:47,1.11,1.0673,71,1.09,1.048,69,1.14,1.0961,10,1.1,1.0576,309,0
IWM190920C158,2019-09-16,2019-09-16 09:36:48,1.12,1.0769,32,1.11,1.0673,8,1.14,1.0961,10,1.115,1.0721,309,0
IWM190920C158,2019-09-16,2019-09-16 09:36:48,1.12,1.0769,178,1.1,1.0576,21,1.14,1.0961,10,1.11,1.0673,309,0
IWM190920C158,2019-09-16,2019-09-16 09:36:49,1.12,1.0769,37,1.11,1.0673,7,1.14,1.0961,10,1.115,1.0721,309,0
IWM190920C158,2019-09-16,2019-09-16 09:36:49,1.12,1.0769,75,1.1,1.0576,20,1.14,1.0961,10,1.11,1.0673,309,0
IWM190920C158,2019-09-16,2019-09-16 09:36:50,1.12,1.0769,37,1.11,1.0673,11,1.14,1.0961,10,1.115,1.0721,309,0
IWM190920C158,2019-09-16,2019-09-16 09:36:50,1.13,1.0865,104,1.11,1.0673,11,1.13,1.0865,32,1.12,1.0769,341,32
IWM190920C158,2019-09-16,2019-09-16 09:36:51,1.15,1.1057,120,1.13,1.0865,6,1.13,1.0865,1,1.14,1.0961,342,1
IWM190920C158,2019-09-16,2019-09-16 09:36:51,1.16,1.1153,172,1.13,1.0865,6,1.13,1.0865,1,1.145,1.1009,342,0
IWM190920C158,2019-09-16,2019-09-16 09:36:52,1.15,1.1057,52,1.14,1.0961,10,1.13,1.0865,1,1.145,1.1009,342,0
IWM190920C158,2019-09-16,2019-09-16 09:36:52,1.14,1.0961,84,1.12,1.0769,19,1.13,1.0865,1,1.13,1.0865,342,0
IWM190920C158,2019-09-16,2019-09-16 09:36:53,1.15,1.1057,221,1.11,1.0673,18,1.13,1.0865,1,1.13,1.0865,342,0
IWM190920C158,2019-09-16,2019-09-16 09:36:53,1.14,1.0961,62,1.11,1.0673,74,1.13,1.0865,1,1.125,1.0817,342,0
IWM190920C158,2019-09-16,2019-09-16 09:36:54,1.14,1.0961,138,1.12,1.0769,20,1.13,1.0865,1,1.13,1.0865,342,0
IWM190920C158,2019-09-16,2019-09-16 09:36:54,1.14,1.0961,247,1.12,1.0769,13,1.13,1.0865,1,1.13,1.0865,342,0
IWM190920C158,2019-09-16,2019-09-16 09:36:55,1.14,1.0961,74,1.12,1.0769,22,1.13,1.0865,1,1.13,1.0865,342,0
IWM190920C158,2019-09-16,2019-09-16 09:36:55,1.14,1.0961,61,1.13,1.0865,10,1.13,1.0865,1,1.135,1.0913,342,0
IWM190920C158,2019-09-16,2019-09-16 09:36:56,1.14,1.0961,242,1.12,1.0769,22,1.13,1.0865,1,1.13,1.0865,342,0
IWM190920C158,2019-09-16,2019-09-16 09:36:56,1.14,1.0961,223,1.12,1.0769,22,1.13,1.0865,1,1.13,1.0865,342,0
IWM190920C158,2019-09-16,2019-09-16 09:36:57,1.12,1.0769,16,1.11,1.0673,3,1.13,1.0865,1,1.115,1.0721,342,0
IWM190920C158,2019-09-16,2019-09-16 09:36:57,1.14,1.0961,294,1.11,1.0673,88,1.13,1.0865,1,1.125,1.0817,342,0
IWM190920C158,2019-09-16,2019-09-16 09:36:58,1.12,1.0769,89,1.1,1.0576,22,1.13,1.0865,1,1.11,1.0673,342,0
IWM190920C158,2019-09-16,2019-09-16 09:36:58,1.12,1.0769,237,1.1,1.0576,33,1.13,1.0865,1,1.11,1.0673,342,0
IWM190920C158,2019-09-16,2019-09-16 09:36:59,1.11,1.0673,105,1.09,1.048,16,1.13,1.0865,1,1.1,1.0576,342,0
IWM190920C158,2019-09-16,2019-09-16 09:36:59,1.12,1.0769,174,1.09,1.048,14,1.13,1.0865,1,1.105,1.0625,342,0
IWM190920C158,2019-09-16,2019-09-16 09:37:00,1.12,1.0769,185,1.09,1.048,77,1.13,1.0865,1,1.105,1.0625,342,0
IWM190920C158,2019-09-16,2019-09-16 09:37:01,1.1,1.0576,105,1.08,1.0384,49,1.13,1.0865,1,1.09,1.048,342,0
IWM190920C158,2019-09-16,2019-09-16 09:37:01,1.11,1.0673,176,1.09,1.048,3,1.13,1.0865,1,1.1,1.0576,342,0
IWM190920C158,2019-09-16,2019-09-16 09:37:02,1.1,1.0576,28,1.08,1.0384,16,1.13,1.0865,1,1.09,1.048,342,0
IWM190920C158,2019-09-16,2019-09-16 09:37:02,1.12,1.0769,367,1.1,1.0576,10,1.13,1.0865,1,1.11,1.0673,342,0
IWM190920C158,2019-09-16,2019-09-16 09:37:03,1.11,1.0673,94,1.09,1.048,16,1.13,1.0865,1,1.1,1.0576,342,0
IWM190920C158,2019-09-16,2019-09-16 09:37:03,1.11,1.0673,69,1.09,1.048,24,1.13,1.0865,1,1.1,1.0576,342,0
IWM190920C158,2019-09-16,2019-09-16 09:37:04,1.11,1.0673,91,1.09,1.048,16,1.13,1.0865,1,1.1,1.0576,342,0
IWM190920C158,2019-09-16,2019-09-16 09:37:04,1.11,1.0673,198,1.09,1.048,24,1.13,1.0865,1,1.1,1.0576,342,0
IWM190920C158,2019-09-16,2019-09-16 09:37:05,1.11,1.0673,237,1.09,1.048,24,1.13,1.0865,1,1.1,1.0576,342,0
IWM190920C158,2019-09-16,2019-09-16 09:37:05,1.11,1.0673,237,1.1,1.0576,16,1.13,1.0865,1,1.105,1.0625,342,0
IWM190920C158,2019-09-16,2019-09-16 09:37:06,1.12,1.0769,45,1.11,1.0673,3,1.13,1.0865,1,1.115,1.0721,342,0
IWM190920C158,2019-09-16,2019-09-16 09:37:06,1.12,1.0769,306,1.1,1.0576,23,1.13,1.0865,1,1.11,1.0673,342,0
IWM190920C158,2019-09-16,2019-09-16 09:37:07,1.13,1.0865,121,1.11,1.0673,22,1.13,1.0865,1,1.12,1.0769,342,0
IWM190920C158,2019-09-16,2019-09-16 09:37:07,1.13,1.0865,211,1.11,1.0673,33,1.13,1.0865,1,1.12,1.0769,342,0
IWM190920C158,2019-09-16,2019-09-16 09:37:08,1.14,1.0961,222,1.12,1.0769,44,1.13,1.0865,1,1.13,1.0865,342,0
IWM190920C158,2019-09-16,2019-09-16 09:37:08,1.14,1.0961,29,1.12,1.0769,20,1.13,1.0865,1,1.13,1.0865,342,0
IWM190920C158,2019-09-16,2019-09-16 09:37:09,1.14,1.0961,44,1.12,1.0769,46,1.13,1.0865,1,1.13,1.0865,342,0
IWM190920C158,2019-09-16,2019-09-16 09:37:09,1.14,1.0961,394,1.12,1.0769,44,1.13,1.0865,1,1.13,1.0865,342,0
IWM190920C158,2019-09-16,2019-09-16 09:37:10,1.16,1.1153,114,1.14,1.0961,3,1.13,1.0865,1,1.15,1.1057,342,0
IWM190920C158,2019-09-16,2019-09-16 09:37:10,1.15,1.1057,11,1.13,1.0865,16,1.13,1.0865,1,1.14,1.0961,342,0
IWM190920C158,2019-09-16,2019-09-16 09:37:11,1.16,1.1153,69,1.14,1.0961,37,1.13,1.0865,1,1.15,1.1057,342,0
IWM190920C158,2019-09-16,2019-09-16 09:37:11,1.16,1.1153,8,1.15,1.1057,16,1.13,1.0865,1,1.155,1.1105,342,0
IWM190920C158,2019-09-16,2019-09-16 09:37:12,1.17,1.125,131,1.16,1.1153,10,1.13,1.0865,1,1.165,1.1201,342,0
IWM190920C158,2019-09-16,2019-09-16 09:37:12,1.18,1.1346,343,1.16,1.1153,10,1.13,1.0865,1,1.17,1.125,342,0
IWM190920C158,2019-09-16,2019-09-16 09:37:13,1.18,1.1346,46,1.16,1.1153,52,1.13,1.0865,1,1.17,1.125,342,0
IWM190920C158,2019-09-16,2019-09-16 09:37:13,1.18,1.1346,44,1.16,1.1153,52,1.13,1.0865,1,1.17,1.125,342,0
IWM190920C158,2019-09-16,2019-09-16 09:37:14,1.18,1.1346,300,1.16,1.1153,20,1.13,1.0865,1,1.17,1.125,342,0
IWM190920C158,2019-09-16,2019-09-16 09:37:14,1.17,1.125,81,1.14,1.0961,26,1.13,1.0865,1,1.155,1.1105,342,0
IWM190920C158,2019-09-16,2019-09-16 09:37:15,1.18,1.1346,353,1.16,1.1153,11,1.13,1.0865,1,1.17,1.125,342,0
IWM190920C158,2019-09-16,2019-09-16 09:37:15,1.18,1.1346,276,1.16,1.1153,11,1.13,1.0865,1,1.17,1.125,342,0
IWM190920C158,2019-09-16,2019-09-16 09:37:16,1.18,1.1346,353,1.16,1.1153,1,1.13,1.0865,1,1.17,1.125,342,0
IWM190920C158,2019-09-16,2019-09-16 09:37:16,1.17,1.125,83,1.16,1.1153,1,1.13,1.0865,1,1.165,1.1201,342,0
IWM190920C158,2019-09-16,2019-09-16 09:37:17,1.17,1.125,69,1.16,1.1153,1,1.13,1.0865,1,1.165,1.1201,342,0
IWM190920C158,2019-09-16,2019-09-16 09:37:17,1.17,1.125,191,1.16,1.1153,1,1.13,1.0865,1,1.165,1.1201,342,0
IWM190920C158,2019-09-16,2019-09-16 09:37:18,1.17,1.125,223,1.16,1.1153,1,1.13,1.0865,1,1.165,1.1201,342,0
IWM190920C158,2019-09-16,2019-09-16 09:37:18,1.17,1.125,129,1.16,1.1153,1,1.13,1.0865,1,1.165,1.1201,342,0
IWM190920C158,2019-09-16,2019-09-16 09:37:19,1.17,1.125,62,1.16,1.1153,1,1.13,1.0865,1,1.165,1.1201,342,0
IWM190920C158,2019-09-16,2019-09-16 09:37:19,1.17,1.125,116,1.16,1.1153,1,1.13,1.0865,1,1.165,1.1201,342,0
IWM190920C158,2019-09-16,2019-09-16 09:37:20,1.17,1.125,116,1.16,1.1153,1,1.13,1.0865,1,1.165,1.1201,342,0
IWM190920C158,2019-09-16,2019-09-16 09:37:21,1.17,1.125,192,1.16,1.1153,1,1.13,1.0865,1,1.165,1.1201,342,0
IWM190920C158,2019-09-16,2019-09-16 09:37:21,1.17,1.125,66,1.16,1.1153,13,1.13,1.0865,1,1.165,1.1201,342,0
IWM190920C158,2019-09-16,2019-09-16 09:37:22,1.17,1.125,66,1.16,1.1153,11,1.13,1.0865,1,1.165,1.1201,342,0
IWM190920C158,2019-09-16,2019-09-16 09:37:22,1.17,1.125,70,1.16,1.1153,1,1.13,1.0865,1,1.165,1.1201,342,0
IWM190920C158,2019-09-16,2019-09-16 09:37:23,1.17,1.125,70,1.16,1.1153,1,1.13,1.0865,1,1.165,1.1201,342,0
IWM190920C158,2019-09-16,2019-09-16 09:37:23,1.17,1.125,273,1.16,1.1153,1,1.13,1.0865,1,1.165,1.1201,342,0
IWM190920C158,2019-09-16,2019-09-16 09:37:24,1.17,1.125,128,1.16,1.1153,1,1.13,1.0865,1,1.165,1.1201,342,0
IWM190920C158,2019-09-16,2019-09-16 09:37:24,1.17,1.125,70,1.16,1.1153,1,1.13,1.0865,1,1.165,1.1201,342,0
IWM190920C158,2019-09-16,2019-09-16 09:37:25,1.18,1.1346,27,1.16,1.1153,11,1.13,1.0865,1,1.17,1.125,342,0
IWM190920C158,2019-09-16,2019-09-16 09:37:25,1.17,1.125,70,1.16,1.1153,1,1.13,1.0865,1,1.165,1.1201,342,0
IWM190920C158,2019-09-16,2019-09-16 09:37:26,1.18,1.1346,111,1.16,1.1153,120,1.13,1.0865,1,1.17,1.125,342,0
IWM190920C158,2019-09-16,2019-09-16 09:37:26,1.18,1.1346,54,1.16,1.1153,120,1.13,1.0865,1,1.17,1.125,342,0
IWM190920C158,2019-09-16,2019-09-16 09:37:27,1.18,1.1346,62,1.17,1.125,15,1.13,1.0865,1,1.175,1.1298,342,0
IWM190920C158,2019-09-16,2019-09-16 09:37:27,1.18,1.1346,90,1.16,1.1153,45,1.13,1.0865,1,1.17,1.125,342,0
IWM190920C158,2019-09-16,2019-09-16 09:37:28,1.18,1.1346,113,1.16,1.1153,86,1.13,1.0865,1,1.17,1.125,342,0
IWM190920C158,2019-09-16,2019-09-16 09:37:29,1.18,1.1346,120,1.16,1.1153,106,1.13,1.0865,1,1.17,1.125,342,0
IWM190920C158,2019-09-16,2019-09-16 09:37:29,1.18,1.1346,113,1.16,1.1153,96,1.13,1.0865,1,1.17,1.125,342,0
IWM190920C158,2019-09-16,2019-09-16 09:37:30,1.18,1.1346,120,1.16,1.1153,106,1.13,1.0865,1,1.17,1.125,342,0
IWM190920C158,2019-09-16,2019-09-16 09:37:30,1.18,1.1346,305,1.15,1.1057,22,1.13,1.0865,1,1.165,1.1201,342,0
IWM190920C158,2019-09-16,2019-09-16 09:37:31,1.18,1.1346,363,1.14,1.0961,61,1.13,1.0865,1,1.16,1.1153,342,0
IWM190920C158,2019-09-16,2019-09-16 09:37:31,1.18,1.1346,363,1.14,1.0961,127,1.13,1.0865,1,1.16,1.1153,342,0
IWM190920C158,2019-09-16,2019-09-16 09:37:32,1.16,1.1153,75,1.15,1.1057,20,1.13,1.0865,1,1.155,1.1105,342,0
IWM190920C158,2019-09-16,2019-09-16 09:37:32,1.16,1.1153,95,1.14,1.0961,117,1.13,1.0865,1,1.15,1.1057,342,0
IWM190920C158,2019-09-16,2019-09-16 09:37:33,1.16,1.1153,75,1.15,1.1057,20,1.13,1.0865,1,1.155,1.1105,342,0
IWM190920C158,2019-09-16,2019-09-16 09:37:33,1.16,1.1153,75,1.15,1.1057,10,1.13,1.0865,1,1.155,1.1105,342,0
IWM190920C158,2019-09-16,2019-09-16 09:37:34,1.17,1.125,71,1.15,1.1057,20,1.13,1.0865,1,1.16,1.1153,342,0
IWM190920C158,2019-09-16,2019-09-16 09:37:34,1.16,1.1153,57,1.15,1.1057,20,1.13,1.0865,1,1.155,1.1105,342,0
IWM190920C158,2019-09-16,2019-09-16 09:37:35,1.17,1.125,71,1.15,1.1057,20,1.13,1.0865,1,1.16,1.1153,342,0
IWM190920C158,2019-09-16,2019-09-16 09:37:35,1.17,1.125,82,1.15,1.1057,30,1.13,1.0865,1,1.16,1.1153,342,0
IWM190920C158,2019-09-16,2019-09-16 09:37:36,1.17,1.125,55,1.16,1.1153,18,1.13,1.0865,1,1.165,1.1201,342,0
IWM190920C158,2019-09-16,2019-09-16 09:37:37,1.17,1.125,55,1.15,1.1057,82,1.13,1.0865,1,1.16,1.1153,342,0
IWM190920C158,2019-09-16,2019-09-16 09:37:37,1.17,1.125,110,1.15,1.1057,92,1.13,1.0865,1,1.16,1.1153,342,0
IWM190920C158,2019-09-16,2019-09-16 09:37:38,1.16,1.1153,13,1.14,1.0961,32,1.13,1.0865,1,1.15,1.1057,342,0
IWM190920C158,2019-09-16,2019-09-16 09:37:38,1.16,1.1153,174,1.14,1.0961,37,1.13,1.0865,1,1.15,1.1057,342,0
IWM190920C158,2019-09-16,2019-09-16 09:37:39,1.15,1.1057,74,1.14,1.0961,32,1.13,1.0865,1,1.145,1.1009,342,0
IWM190920C158,2019-09-16,2019-09-16 09:37:39,1.15,1.1057,74,1.14,1.0961,20,1.13,1.0865,1,1.145,1.1009,342,0
IWM190920C158,2019-09-16,2019-09-16 09:37:40,1.15,1.1057,74,1.14,1.0961,51,1.13,1.0865,1,1.145,1.1009,342,0
IWM190920C158,2019-09-16,2019-09-16 09:37:40,1.15,1.1057,70,1.14,1.0961,34,1.13,1.0865,1,1.145,1.1009,342,0
IWM190920C158,2019-09-16,2019-09-16 09:37:41,1.16,1.1153,213,1.14,1.0961,49,1.13,1.0865,1,1.15,1.1057,342,0
IWM190920C158,2019-09-16,2019-09-16 09:37:41,1.16,1.1153,61,1.14,1.0961,67,1.13,1.0865,1,1.15,1.1057,342,0
IWM190920C158,2019-09-16,2019-09-16 09:37:42,1.16,1.1153,199,1.14,1.0961,52,1.13,1.0865,1,1.15,1.1057,342,0
IWM190920C158,2019-09-16,2019-09-16 09:37:42,1.16,1.1153,213,1.14,1.0961,36,1.13,1.0865,1,1.15,1.1057,342,0
IWM190920C158,2019-09-16,2019-09-16 09:37:43,1.16,1.1153,333,1.14,1.0961,13,1.13,1.0865,1,1.15,1.1057,342,0
IWM190920C158,2019-09-16,2019-09-16 09:37:43,1.16,1.1153,305,1.13,1.0865,81,1.13,1.0865,1,1.145,1.1009,342,0
IWM190920C158,2019-09-16,2019-09-16 09:37:44,1.16,1.1153,65,1.14,1.0961,65,1.13,1.0865,1,1.15,1.1057,342,0
IWM190920C158,2019-09-16,2019-09-16 09:37:44,1.16,1.1153,246,1.13,1.0865,54,1.13,1.0865,1,1.145,1.1009,342,0
IWM190920C158,2019-09-16,2019-09-16 09:37:46,1.14,1.0961,192,1.12,1.0769,94,1.13,1.0865,1,1.13,1.0865,342,0
IWM190920C158,2019-09-16,2019-09-16 09:37:46,1.14,1.0961,57,1.12,1.0769,31,1.13,1.0865,1,1.13,1.0865,342,0
IWM190920C158,2019-09-16,2019-09-16 09:37:47,1.14,1.0961,38,1.12,1.0769,94,1.13,1.0865,1,1.13,1.0865,342,0
IWM190920C158,2019-09-16,2019-09-16 09:37:47,1.14,1.0961,38,1.12,1.0769,105,1.13,1.0865,1,1.13,1.0865,342,0
IWM190920C158,2019-09-16,2019-09-16 09:37:48,1.15,1.1057,26,1.14,1.0961,32,1.13,1.0865,1,1.145,1.1009,342,0
IWM190920C158,2019-09-16,2019-09-16 09:37:48,1.16,1.1153,31,1.14,1.0961,127,1.13,1.0865,1,1.15,1.1057,342,0
IWM190920C158,2019-09-16,2019-09-16 09:37:49,1.16,1.1153,31,1.15,1.1057,32,1.13,1.0865,1,1.155,1.1105,342,0
IWM190920C158,2019-09-16,2019-09-16 09:37:49,1.16,1.1153,31,1.14,1.0961,45,1.13,1.0865,1,1.15,1.1057,342,0
IWM190920C158,2019-09-16,2019-09-16 09:37:50,1.16,1.1153,25,1.15,1.1057,21,1.13,1.0865,1,1.155,1.1105,342,0
IWM190920C158,2019-09-16,2019-09-16 09:37:50,1.16,1.1153,31,1.15,1.1057,11,1.13,1.0865,1,1.155,1.1105,342,0
IWM190920C158,2019-09-16,2019-09-16 09:37:51,1.17,1.125,62,1.16,1.1153,21,1.13,1.0865,1,1.165,1.1201,342,0
IWM190920C158,2019-09-16,2019-09-16 09:37:51,1.17,1.125,58,1.16,1.1153,13,1.13,1.0865,1,1.165,1.1201,342,0
IWM190920C158,2019-09-16,2019-09-16 09:37:52,1.18,1.1346,119,1.16,1.1153,54,1.13,1.0865,1,1.17,1.125,342,0
IWM190920C158,2019-09-16,2019-09-16 09:37:52,1.18,1.1346,31,1.16,1.1153,54,1.13,1.0865,1,1.17,1.125,342,0
IWM190920C158,2019-09-16,2019-09-16 09:37:53,1.18,1.1346,52,1.17,1.125,13,1.16,1.1153,1,1.175,1.1298,343,1
IWM190920C158,2019-09-16,2019-09-16 09:37:54,1.19,1.1442,61,1.17,1.125,95,1.16,1.1153,1,1.18,1.1346,343,0
IWM190920C158,2019-09-16,2019-09-16 09:37:54,1.18,1.1346,52,1.17,1.125,20,1.16,1.1153,1,1.175,1.1298,343,0
IWM190920C158,2019-09-16,2019-09-16 09:37:55,1.19,1.1442,29,1.18,1.1346,20,1.16,1.1153,1,1.185,1.1394,343,0
IWM190920C158,2019-09-16,2019-09-16 09:37:55,1.2,1.1538,56,1.18,1.1346,49,1.16,1.1153,1,1.19,1.1442,343,0
IWM190920C158,2019-09-16,2019-09-16 09:37:56,1.2,1.1538,115,1.18,1.1346,77,1.16,1.1153,1,1.19,1.1442,343,0
IWM190920C158,2019-09-16,2019-09-16 09:37:56,1.2,1.1538,115,1.18,1.1346,139,1.16,1.1153,1,1.19,1.1442,343,0
IWM190920C158,2019-09-16,2019-09-16 09:37:57,1.2,1.1538,4,1.19,1.1442,40,1.16,1.1153,1,1.195,1.149,343,0
IWM190920C158,2019-09-16,2019-09-16 09:37:58,1.21,1.1634,52,1.19,1.1442,70,1.16,1.1153,1,1.2,1.1538,343,0
IWM190920C158,2019-09-16,2019-09-16 09:37:58,1.21,1.1634,4,1.2,1.1538,41,1.16,1.1153,1,1.205,1.1586,343,0
IWM190920C158,2019-09-16,2019-09-16 09:37:59,1.21,1.1634,33,1.19,1.1442,70,1.16,1.1153,1,1.2,1.1538,343,0
IWM190920C158,2019-09-16,2019-09-16 09:37:59,1.21,1.1634,28,1.19,1.1442,28,1.16,1.1153,1,1.2,1.1538,343,0
IWM190920C158,2019-09-16,2019-09-16 09:38:00,1.21,1.1634,93,1.19,1.1442,124,1.16,1.1153,1,1.2,1.1538,343,0
IWM190920C158,2019-09-16,2019-09-16 09:38:00,1.2,1.1538,98,1.18,1.1346,54,1.16,1.1153,1,1.19,1.1442,343,0
IWM190920C158,2019-09-16,2019-09-16 09:38:01,1.21,1.1634,55,1.19,1.1442,34,1.16,1.1153,1,1.2,1.1538,343,0
IWM190920C158,2019-09-16,2019-09-16 09:38:01,1.21,1.1634,76,1.19,1.1442,93,1.16,1.1153,1,1.2,1.1538,343,0
IWM190920C158,2019-09-16,2019-09-16 09:38:02,1.21,1.1634,76,1.19,1.1442,69,1.16,1.1153,1,1.2,1.1538,343,0
IWM190920C158,2019-09-16,2019-09-16 09:38:02,1.21,1.1634,76,1.19,1.1442,50,1.16,1.1153,1,1.2,1.1538,343,0
IWM190920C158,2019-09-16,2019-09-16 09:38:03,1.2,1.1538,60,1.18,1.1346,24,1.16,1.1153,1,1.19,1.1442,343,0
IWM190920C158,2019-09-16,2019-09-16 09:38:04,1.21,1.1634,60,1.19,1.1442,35,1.16,1.1153,1,1.2,1.1538,343,0
IWM190920C158,2019-09-16,2019-09-16 09:38:04,1.21,1.1634,95,1.19,1.1442,35,1.16,1.1153,1,1.2,1.1538,343,0
IWM190920C158,2019-09-16,2019-09-16 09:38:05,1.2,1.1538,90,1.18,1.1346,50,1.19,1.1442,1,1.19,1.1442,358,15
IWM190920C158,2019-09-16,2019-09-16 09:38:05,1.2,1.1538,90,1.18,1.1346,77,1.19,1.1442,1,1.19,1.1442,358,0
IWM190920C158,2019-09-16,2019-09-16 09:38:06,1.2,1.1538,46,1.18,1.1346,52,1.19,1.1442,1,1.19,1.1442,358,0
IWM190920C158,2019-09-16,2019-09-16 09:38:06,1.2,1.1538,90,1.18,1.1346,32,1.19,1.1442,1,1.19,1.1442,358,0
IWM190920C158,2019-09-16,2019-09-16 09:38:07,1.2,1.1538,91,1.18,1.1346,61,1.19,1.1442,1,1.19,1.1442,358,0
IWM190920C158,2019-09-16,2019-09-16 09:38:07,1.2,1.1538,48,1.18,1.1346,76,1.19,1.1442,1,1.19,1.1442,358,0
IWM190920C158,2019-09-16,2019-09-16 09:38:08,1.2,1.1538,52,1.19,1.1442,37,1.19,1.1442,1,1.195,1.149,358,0
IWM190920C158,2019-09-16,2019-09-16 09:38:08,1.21,1.1634,60,1.19,1.1442,126,1.19,1.1442,1,1.2,1.1538,358,0
IWM190920C158,2019-09-16,2019-09-16 09:38:09,1.21,1.1634,68,1.19,1.1442,56,1.19,1.1442,1,1.2,1.1538,358,0
IWM190920C158,2019-09-16,2019-09-16 09:38:09,1.21,1.1634,68,1.19,1.1442,130,1.19,1.1442,1,1.2,1.1538,358,0
IWM190920C158,2019-09-16,2019-09-16 09:38:10,1.21,1.1634,43,1.19,1.1442,98,1.19,1.1442,1,1.2,1.1538,358,0
IWM190920C158,2019-09-16,2019-09-16 09:38:10,1.21,1.1634,56,1.19,1.1442,56,1.19,1.1442,1,1.2,1.1538,358,0
IWM190920C158,2019-09-16,2019-09-16 09:38:11,1.21,1.1634,43,1.2,1.1538,33,1.19,1.1442,1,1.205,1.1586,358,0
IWM190920C158,2019-09-16,2019-09-16 09:38:12,1.21,1.1634,56,1.19,1.1442,36,1.19,1.1442,1,1.2,1.1538,358,0
IWM190920C158,2019-09-16,2019-09-16 09:38:12,1.21,1.1634,170,1.18,1.1346,153,1.19,1.1442,1,1.195,1.149,358,0
IWM190920C158,2019-09-16,2019-09-16 09:38:13,1.21,1.1634,178,1.18,1.1346,157,1.19,1.1442,1,1.195,1.149,358,0
IWM190920C158,2019-09-16,2019-09-16 09:38:13,1.21,1.1634,170,1.18,1.1346,170,1.19,1.1442,1,1.195,1.149,358,0
IWM190920C158,2019-09-16,2019-09-16 09:38:14,1.19,1.1442,14,1.18,1.1346,16,1.19,1.1442,1,1.185,1.1394,358,0
IWM190920C158,2019-09-16,2019-09-16 09:38:14,1.21,1.1634,243,1.19,1.1442,10,1.19,1.1442,1,1.2,1.1538,358,0
IWM190920C158,2019-09-16,2019-09-16 09:38:15,1.2,1.1538,33,1.19,1.1442,18,1.19,1.1442,1,1.195,1.149,358,0
IWM190920C158,2019-09-16,2019-09-16 09:38:15,1.2,1.1538,33,1.19,1.1442,3,1.19,1.1442,1,1.195,1.149,358,0
IWM190920C158,2019-09-16,2019-09-16 09:38:16,1.21,1.1634,99,1.19,1.1442,32,1.19,1.1442,1,1.2,1.1538,358,0
IWM190920C158,2019-09-16,2019-09-16 09:38:16,1.21,1.1634,99,1.19,1.1442,110,1.19,1.1442,1,1.2,1.1538,358,0
IWM190920C158,2019-09-16,2019-09-16 09:38:17,1.21,1.1634,26,1.19,1.1442,79,1.19,1.1442,1,1.2,1.1538,358,0
IWM190920C158,2019-09-16,2019-09-16 09:38:18,1.21,1.1634,5,1.2,1.1538,22,1.19,1.1442,1,1.205,1.1586,358,0
IWM190920C158,2019-09-16,2019-09-16 09:38:18,1.21,1.1634,5,1.2,1.1538,17,1.19,1.1442,1,1.205,1.1586,358,0
IWM190920C158,2019-09-16,2019-09-16 09:38:19,1.22,1.173,134,1.2,1.1538,71,1.19,1.1442,1,1.21,1.1634,358,0
IWM190920C158,2019-09-16,2019-09-16 09:38:19,1.22,1.173,148,1.2,1.1538,89,1.19,1.1442,1,1.21,1.1634,358,0
IWM190920C158,2019-09-16,2019-09-16 09:38:20,1.22,1.173,63,1.2,1.1538,44,1.19,1.1442,1,1.21,1.1634,358,0
IWM190920C158,2019-09-16,2019-09-16 09:38:20,1.22,1.173,148,1.2,1.1538,91,1.19,1.1442,1,1.21,1.1634,358,0
IWM190920C158,2019-09-16,2019-09-16 09:38:21,1.22,1.173,51,1.2,1.1538,52,1.19,1.1442,1,1.21,1.1634,358,0
IWM190920C158,2019-09-16,2019-09-16 09:38:21,1.22,1.173,153,1.2,1.1538,52,1.19,1.1442,1,1.21,1.1634,358,0
IWM190920C158,2019-09-16,2019-09-16 09:38:22,1.22,1.173,51,1.21,1.1634,42,1.19,1.1442,1,1.215,1.1682,358,0
IWM190920C158,2019-09-16,2019-09-16 09:38:22,1.22,1.173,51,1.2,1.1538,52,1.19,1.1442,1,1.21,1.1634,358,0
IWM190920C158,2019-09-16,2019-09-16 09:38:23,1.22,1.173,51,1.21,1.1634,56,1.19,1.1442,1,1.215,1.1682,358,0
IWM190920C158,2019-09-16,2019-09-16 09:38:23,1.22,1.173,51,1.21,1.1634,64,1.19,1.1442,1,1.215,1.1682,358,0
IWM190920C158,2019-09-16,2019-09-16 09:38:24,1.22,1.173,78,1.2,1.1538,237,1.19,1.1442,1,1.21,1.1634,358,0
IWM190920C158,2019-09-16,2019-09-16 09:38:24,1.22,1.173,78,1.2,1.1538,99,1.19,1.1442,1,1.21,1.1634,358,0
IWM190920C158,2019-09-16,2019-09-16 09:38:25,1.22,1.173,78,1.2,1.1538,105,1.19,1.1442,1,1.21,1.1634,358,0
IWM190920C158,2019-09-16,2019-09-16 09:38:26,1.21,1.1634,13,1.19,1.1442,25,1.22,1.173,6,1.2,1.1538,364,6
IWM190920C158,2019-09-16,2019-09-16 09:38:26,1.21,1.1634,33,1.19,1.1442,72,1.22,1.173,6,1.2,1.1538,364,0
IWM190920C158,2019-09-16,2019-09-16 09:38:27,1.21,1.1634,33,1.19,1.1442,91,1.22,1.173,6,1.2,1.1538,364,0
IWM190920C158,2019-09-16,2019-09-16 09:38:27,1.21,1.1634,45,1.19,1.1442,78,1.22,1.173,6,1.2,1.1538,364,0
IWM190920C158,2019-09-16,2019-09-16 09:38:28,1.2,1.1538,47,1.18,1.1346,22,1.22,1.173,6,1.19,1.1442,364,0
IWM190920C158,2019-09-16,2019-09-16 09:38:28,1.2,1.1538,34,1.18,1.1346,49,1.22,1.173,6,1.19,1.1442,364,0
IWM190920C158,2019-09-16,2019-09-16 09:38:29,1.2,1.1538,34,1.18,1.1346,103,1.22,1.173,6,1.19,1.1442,364,0
IWM190920C158,2019-09-16,2019-09-16 09:38:29,1.2,1.1538,34,1.18,1.1346,113,1.22,1.173,6,1.19,1.1442,364,0
IWM190920C158,2019-09-16,2019-09-16 09:38:30,1.2,1.1538,36,1.19,1.1442,14,1.22,1.173,6,1.195,1.149,364,0
IWM190920C158,2019-09-16,2019-09-16 09:38:30,1.21,1.1634,28,1.19,1.1442,51,1.22,1.173,6,1.2,1.1538,364,0
IWM190920C158,2019-09-16,2019-09-16 09:38:31,1.21,1.1634,79,1.19,1.1442,22,1.22,1.173,6,1.2,1.1538,364,0
IWM190920C158,2019-09-16,2019-09-16 09:38:31,1.21,1.1634,28,1.19,1.1442,82,1.22,1.173,6,1.2,1.1538,364,0
IWM190920C158,2019-09-16,2019-09-16 09:38:32,1.2,1.1538,70,1.18,1.1346,22,1.22,1.173,6,1.19,1.1442,364,0
IWM190920C158,2019-09-16,2019-09-16 09:38:32,1.18,1.1346,13,1.17,1.125,38,1.22,1.173,6,1.175,1.1298,364,0
IWM190920C158,2019-09-16,2019-09-16 09:38:33,1.18,1.1346,13,1.17,1.125,14,1.22,1.173,6,1.175,1.1298,364,0
IWM190920C158,2019-09-16,2019-09-16 09:38:33,1.18,1.1346,16,1.16,1.1153,101,1.22,1.173,6,1.17,1.125,364,0
IWM190920C158,2019-09-16,2019-09-16 09:38:34,1.17,1.125,46,1.15,1.1057,41,1.22,1.173,6,1.16,1.1153,364,0
IWM190920C158,2019-09-16,2019-09-16 09:38:35,1.18,1.1346,32,1.16,1.1153,58,1.22,1.173,6,1.17,1.125,364,0
IWM190920C158,2019-09-16,2019-09-16 09:38:35,1.17,1.125,46,1.15,1.1057,52,1.22,1.173,6,1.16,1.1153,364,0
IWM190920C158,2019-09-16,2019-09-16 09:38:36,1.18,1.1346,32,1.16,1.1153,31,1.22,1.173,6,1.17,1.125,364,0
