symbol,Date,quote_time,ask_price,norm_ask_price,ask_size,bid_price,norm_bid_price,bid_size,last_trade_price,norm_last_trade_price,last_trade_size,mark_price,norm_mark_price,volume,Volume
SPY190522P280,2019-05-20,2019-05-20 09:32:13,0.75,1.0,4,0.74,0.9866,308,0.73,0.9733,3,0.745,0.9933,191,191
SPY190522P280,2019-05-20,2019-05-20 09:32:14,0.75,1.0,4,0.74,0.9866,322,0.73,0.9733,3,0.745,0.9933,191,0
SPY190522P280,2019-05-20,2019-05-20 09:32:15,0.75,1.0,98,0.74,0.9866,321,0.73,0.9733,3,0.745,0.9933,191,0
SPY190522P280,2019-05-20,2019-05-20 09:32:16,0.75,1.0,104,0.74,0.9866,305,0.73,0.9733,3,0.745,0.9933,191,0
SPY190522P280,2019-05-20,2019-05-20 09:32:17,0.75,1.0,4,0.74,0.9866,431,0.73,0.9733,3,0.745,0.9933,191,0
SPY190522P280,2019-05-20,2019-05-20 09:32:18,0.75,1.0,50,0.74,0.9866,262,0.73,0.9733,3,0.745,0.9933,191,0
SPY190522P280,2019-05-20,2019-05-20 09:32:19,0.75,1.0,50,0.74,0.9866,775,0.73,0.9733,3,0.745,0.9933,191,0
SPY190522P280,2019-05-20,2019-05-20 09:32:20,0.75,1.0,180,0.74,0.9866,260,0.73,0.9733,3,0.745,0.9933,191,0
SPY190522P280,2019-05-20,2019-05-20 09:32:21,0.75,1.0,4,0.74,0.9866,490,0.73,0.9733,3,0.745,0.9933,191,0
SPY190522P280,2019-05-20,2019-05-20 09:32:22,0.75,1.0,4,0.74,0.9866,1253,0.73,0.9733,3,0.745,0.9933,191,0
SPY190522P280,2019-05-20,2019-05-20 09:32:23,0.75,1.0,100,0.74,0.9866,311,0.73,0.9733,3,0.745,0.9933,191,0
SPY190522P280,2019-05-20,2019-05-20 09:32:24,0.75,1.0,54,0.74,0.9866,553,0.73,0.9733,3,0.745,0.9933,191,0
SPY190522P280,2019-05-20,2019-05-20 09:32:25,0.75,1.0,4,0.74,0.9866,1047,0.73,0.9733,3,0.745,0.9933,191,0
SPY190522P280,2019-05-20,2019-05-20 09:32:27,0.75,1.0,4,0.74,0.9866,1806,0.73,0.9733,3,0.745,0.9933,191,0
SPY190522P280,2019-05-20,2019-05-20 09:32:27,0.75,1.0,5,0.74,0.9866,868,0.73,0.9733,3,0.745,0.9933,191,0
SPY190522P280,2019-05-20,2019-05-20 09:32:28,0.75,1.0,3,0.74,0.9866,868,0.75,1.0,1,0.745,0.9933,216,25
SPY190522P280,2019-05-20,2019-05-20 09:32:29,0.75,1.0,1,0.74,0.9866,206,0.75,1.0,2,0.745,0.9933,220,4
SPY190522P280,2019-05-20,2019-05-20 09:32:30,0.75,1.0,1,0.74,0.9866,511,0.74,0.9866,6,0.745,0.9933,226,6
SPY190522P280,2019-05-20,2019-05-20 09:32:31,0.75,1.0,1,0.74,0.9866,511,0.74,0.9866,6,0.745,0.9933,226,0
SPY190522P280,2019-05-20,2019-05-20 09:32:32,0.75,1.0,100,0.73,0.9733,449,0.73,0.9733,2,0.74,0.9866,228,2
SPY190522P280,2019-05-20,2019-05-20 09:32:34,0.75,1.0,150,0.74,0.9866,14,0.74,0.9866,1,0.745,0.9933,229,1
SPY190522P280,2019-05-20,2019-05-20 09:32:35,0.75,1.0,421,0.73,0.9733,7,0.74,0.9866,1,0.74,0.9866,229,0
SPY190522P280,2019-05-20,2019-05-20 09:32:36,0.75,1.0,764,0.73,0.9733,7,0.74,0.9866,1,0.74,0.9866,229,0
SPY190522P280,2019-05-20,2019-05-20 09:32:37,0.75,1.0,1227,0.73,0.9733,131,0.74,0.9866,1,0.74,0.9866,229,0
SPY190522P280,2019-05-20,2019-05-20 09:32:38,0.74,0.9866,140,0.73,0.9733,7,0.74,0.9866,1,0.735,0.98,229,0
SPY190522P280,2019-05-20,2019-05-20 09:32:39,0.75,1.0,150,0.73,0.9733,251,0.74,0.9866,1,0.74,0.9866,229,0
SPY190522P280,2019-05-20,2019-05-20 09:32:40,0.75,1.0,100,0.73,0.9733,480,0.74,0.9866,1,0.74,0.9866,229,0
SPY190522P280,2019-05-20,2019-05-20 09:32:42,0.75,1.0,1,0.74,0.9866,206,0.74,0.9866,1,0.745,0.9933,229,0
SPY190522P280,2019-05-20,2019-05-20 09:32:43,0.75,1.0,1,0.74,0.9866,350,0.74,0.9866,1,0.745,0.9933,229,0
SPY190522P280,2019-05-20,2019-05-20 09:32:44,0.75,1.0,100,0.74,0.9866,401,0.74,0.9866,1,0.745,0.9933,229,0
SPY190522P280,2019-05-20,2019-05-20 09:32:45,0.75,1.0,51,0.74,0.9866,209,0.74,0.9866,1,0.745,0.9933,229,0
SPY190522P280,2019-05-20,2019-05-20 09:32:46,0.75,1.0,1,0.74,0.9866,386,0.74,0.9866,6,0.745,0.9933,235,6
SPY190522P280,2019-05-20,2019-05-20 09:32:47,0.75,1.0,1,0.74,0.9866,206,0.74,0.9866,6,0.745,0.9933,235,0
SPY190522P280,2019-05-20,2019-05-20 09:32:48,0.75,1.0,1,0.74,0.9866,349,0.74,0.9866,6,0.745,0.9933,235,0
SPY190522P280,2019-05-20,2019-05-20 09:32:49,0.75,1.0,61,0.74,0.9866,665,0.74,0.9866,6,0.745,0.9933,235,0
SPY190522P280,2019-05-20,2019-05-20 09:32:50,0.75,1.0,175,0.74,0.9866,665,0.74,0.9866,6,0.745,0.9933,235,0
SPY190522P280,2019-05-20,2019-05-20 09:32:51,0.75,1.0,85,0.74,0.9866,1,0.74,0.9866,6,0.745,0.9933,235,0
SPY190522P280,2019-05-20,2019-05-20 09:32:52,0.75,1.0,175,0.74,0.9866,1,0.74,0.9866,6,0.745,0.9933,235,0
SPY190522P280,2019-05-20,2019-05-20 09:32:53,0.75,1.0,171,0.74,0.9866,1,0.74,0.9866,6,0.745,0.9933,235,0
SPY190522P280,2019-05-20,2019-05-20 09:32:54,0.74,0.9866,293,0.72,0.96,50,0.74,0.9866,1,0.73,0.9733,236,1
SPY190522P280,2019-05-20,2019-05-20 09:32:55,0.74,0.9866,230,0.72,0.96,80,0.74,0.9866,1,0.73,0.9733,236,0
SPY190522P280,2019-05-20,2019-05-20 09:32:56,0.74,0.9866,194,0.72,0.96,1008,0.74,0.9866,1,0.73,0.9733,236,0
SPY190522P280,2019-05-20,2019-05-20 09:32:57,0.74,0.9866,140,0.72,0.96,462,0.74,0.9866,1,0.73,0.9733,236,0
SPY190522P280,2019-05-20,2019-05-20 09:32:58,0.74,0.9866,30,0.72,0.96,1860,0.74,0.9866,1,0.73,0.9733,236,0
SPY190522P280,2019-05-20,2019-05-20 09:32:59,0.74,0.9866,81,0.73,0.9733,472,0.74,0.9866,1,0.735,0.98,236,0
SPY190522P280,2019-05-20,2019-05-20 09:33:00,0.74,0.9866,81,0.72,0.96,1636,0.74,0.9866,1,0.73,0.9733,236,0
SPY190522P280,2019-05-20,2019-05-20 09:33:01,0.74,0.9866,650,0.71,0.9466,216,0.74,0.9866,1,0.725,0.9666,236,0
SPY190522P280,2019-05-20,2019-05-20 09:33:02,0.74,0.9866,170,0.72,0.96,302,0.74,0.9866,1,0.73,0.9733,236,0
SPY190522P280,2019-05-20,2019-05-20 09:33:03,0.74,0.9866,150,0.72,0.96,1515,0.74,0.9866,1,0.73,0.9733,236,0
SPY190522P280,2019-05-20,2019-05-20 09:33:04,0.74,0.9866,50,0.73,0.9733,822,0.74,0.9866,1,0.735,0.98,236,0
SPY190522P280,2019-05-20,2019-05-20 09:33:05,0.74,0.9866,1,0.73,0.9733,1050,0.73,0.9733,2,0.735,0.98,238,2
SPY190522P280,2019-05-20,2019-05-20 09:33:06,0.74,0.9866,1,0.73,0.9733,646,0.73,0.9733,2,0.735,0.98,238,0
SPY190522P280,2019-05-20,2019-05-20 09:33:07,0.75,1.0,298,0.73,0.9733,757,0.73,0.9733,2,0.74,0.9866,238,0
SPY190522P280,2019-05-20,2019-05-20 09:33:08,0.75,1.0,359,0.73,0.9733,642,0.73,0.9733,2,0.74,0.9866,238,0
SPY190522P280,2019-05-20,2019-05-20 09:33:09,0.75,1.0,298,0.74,0.9866,262,0.73,0.9733,2,0.745,0.9933,238,0
SPY190522P280,2019-05-20,2019-05-20 09:33:10,0.75,1.0,206,0.73,0.9733,735,0.75,1.0,2,0.74,0.9866,240,2
SPY190522P280,2019-05-20,2019-05-20 09:33:11,0.75,1.0,298,0.73,0.9733,686,0.75,1.0,2,0.74,0.9866,240,0
SPY190522P280,2019-05-20,2019-05-20 09:33:12,0.75,1.0,290,0.74,0.9866,262,0.75,1.0,2,0.745,0.9933,240,0
SPY190522P280,2019-05-20,2019-05-20 09:33:14,0.75,1.0,259,0.73,0.9733,1024,0.73,0.9733,1,0.74,0.9866,241,1
SPY190522P280,2019-05-20,2019-05-20 09:33:15,0.74,0.9866,2,0.73,0.9733,431,0.73,0.9733,1,0.735,0.98,241,0
SPY190522P280,2019-05-20,2019-05-20 09:33:16,0.74,0.9866,2,0.73,0.9733,428,0.73,0.9733,1,0.735,0.98,241,0
SPY190522P280,2019-05-20,2019-05-20 09:33:17,0.75,1.0,257,0.74,0.9866,1,0.74,0.9866,2,0.745,0.9933,243,2
SPY190522P280,2019-05-20,2019-05-20 09:33:18,0.75,1.0,107,0.73,0.9733,1117,0.74,0.9866,2,0.74,0.9866,243,0
SPY190522P280,2019-05-20,2019-05-20 09:33:19,0.75,1.0,952,0.73,0.9733,571,0.74,0.9866,2,0.74,0.9866,243,0
SPY190522P280,2019-05-20,2019-05-20 09:33:19,0.75,1.0,521,0.73,0.9733,57,0.74,0.9866,2,0.74,0.9866,243,0
SPY190522P280,2019-05-20,2019-05-20 09:33:20,0.75,1.0,1122,0.73,0.9733,615,0.74,0.9866,2,0.74,0.9866,243,0
SPY190522P280,2019-05-20,2019-05-20 09:33:21,0.75,1.0,1423,0.73,0.9733,82,0.74,0.9866,2,0.74,0.9866,243,0
SPY190522P280,2019-05-20,2019-05-20 09:33:22,0.74,0.9866,290,0.73,0.9733,20,0.74,0.9866,2,0.735,0.98,243,0
SPY190522P280,2019-05-20,2019-05-20 09:33:23,0.74,0.9866,150,0.73,0.9733,20,0.74,0.9866,2,0.735,0.98,243,0
SPY190522P280,2019-05-20,2019-05-20 09:33:24,0.74,0.9866,130,0.73,0.9733,20,0.74,0.9866,1,0.735,0.98,244,1
SPY190522P280,2019-05-20,2019-05-20 09:33:25,0.74,0.9866,1549,0.71,0.9466,1278,0.72,0.96,2,0.725,0.9666,266,22
SPY190522P280,2019-05-20,2019-05-20 09:33:26,0.73,0.9733,665,0.7,0.9333,1112,0.72,0.96,2,0.715,0.9533,266,0
SPY190522P280,2019-05-20,2019-05-20 09:33:27,0.73,0.9733,100,0.71,0.9466,140,0.72,0.96,2,0.72,0.96,266,0
SPY190522P280,2019-05-20,2019-05-20 09:33:28,0.73,0.9733,180,0.71,0.9466,1637,0.72,0.96,2,0.72,0.96,266,0
SPY190522P280,2019-05-20,2019-05-20 09:33:30,0.73,0.9733,231,0.71,0.9466,506,0.72,0.96,2,0.72,0.96,266,0
SPY190522P280,2019-05-20,2019-05-20 09:33:31,0.73,0.9733,138,0.72,0.96,140,0.72,0.96,2,0.725,0.9666,266,0
SPY190522P280,2019-05-20,2019-05-20 09:33:32,0.74,0.9866,210,0.72,0.96,292,0.72,0.96,2,0.73,0.9733,266,0
SPY190522P280,2019-05-20,2019-05-20 09:33:33,0.74,0.9866,210,0.72,0.96,319,0.72,0.96,2,0.73,0.9733,266,0
SPY190522P280,2019-05-20,2019-05-20 09:33:34,0.73,0.9733,180,0.71,0.9466,310,0.72,0.96,2,0.72,0.96,266,0
SPY190522P280,2019-05-20,2019-05-20 09:33:35,0.73,0.9733,879,0.71,0.9466,665,0.72,0.96,2,0.72,0.96,266,0
SPY190522P280,2019-05-20,2019-05-20 09:33:36,0.71,0.9466,1,0.7,0.9333,272,0.72,0.96,2,0.705,0.94,266,0
SPY190522P280,2019-05-20,2019-05-20 09:33:37,0.71,0.9466,1,0.7,0.9333,246,0.72,0.96,2,0.705,0.94,266,0
SPY190522P280,2019-05-20,2019-05-20 09:33:39,0.71,0.9466,1,0.7,0.9333,1422,0.72,0.96,2,0.705,0.94,266,0
SPY190522P280,2019-05-20,2019-05-20 09:33:40,0.73,0.9733,6,0.71,0.9466,170,0.71,0.9466,1,0.72,0.96,267,1
SPY190522P280,2019-05-20,2019-05-20 09:33:41,0.73,0.9733,130,0.72,0.96,140,0.71,0.9466,1,0.725,0.9666,267,0
SPY190522P280,2019-05-20,2019-05-20 09:33:42,0.73,0.9733,31,0.72,0.96,140,0.72,0.96,2,0.725,0.9666,269,2
SPY190522P280,2019-05-20,2019-05-20 09:33:43,0.73,0.9733,58,0.71,0.9466,591,0.72,0.96,2,0.72,0.96,269,0
SPY190522P280,2019-05-20,2019-05-20 09:33:44,0.73,0.9733,177,0.71,0.9466,226,0.72,0.96,2,0.72,0.96,269,0
SPY190522P280,2019-05-20,2019-05-20 09:33:45,0.73,0.9733,257,0.71,0.9466,221,0.72,0.96,2,0.72,0.96,269,0
SPY190522P280,2019-05-20,2019-05-20 09:33:46,0.73,0.9733,345,0.71,0.9466,7,0.72,0.96,1,0.72,0.96,271,2
SPY190522P280,2019-05-20,2019-05-20 09:33:47,0.73,0.9733,1367,0.71,0.9466,50,0.72,0.96,1,0.72,0.96,271,0
SPY190522P280,2019-05-20,2019-05-20 09:33:48,0.72,0.96,166,0.7,0.9333,1439,0.72,0.96,1,0.71,0.9466,271,0
SPY190522P280,2019-05-20,2019-05-20 09:33:49,0.72,0.96,142,0.7,0.9333,780,0.72,0.96,1,0.71,0.9466,271,0
SPY190522P280,2019-05-20,2019-05-20 09:33:50,0.72,0.96,7,0.71,0.9466,290,0.72,0.96,1,0.715,0.9533,271,0
SPY190522P280,2019-05-20,2019-05-20 09:33:51,0.72,0.96,1,0.71,0.9466,620,0.72,0.96,1,0.715,0.9533,271,0
SPY190522P280,2019-05-20,2019-05-20 09:33:52,0.72,0.96,7,0.71,0.9466,25,0.72,0.96,1,0.715,0.9533,271,0
SPY190522P280,2019-05-20,2019-05-20 09:33:53,0.72,0.96,109,0.7,0.9333,1372,0.71,0.9466,1,0.71,0.9466,272,1
SPY190522P280,2019-05-20,2019-05-20 09:33:55,0.72,0.96,222,0.71,0.9466,2,0.71,0.9466,1,0.715,0.9533,272,0
SPY190522P280,2019-05-20,2019-05-20 09:33:56,0.72,0.96,182,0.71,0.9466,2,0.71,0.9466,1,0.715,0.9533,272,0
SPY190522P280,2019-05-20,2019-05-20 09:33:57,0.72,0.96,79,0.7,0.9333,972,0.71,0.9466,2,0.71,0.9466,274,2
SPY190522P280,2019-05-20,2019-05-20 09:33:58,0.71,0.9466,6,0.7,0.9333,1395,0.71,0.9466,2,0.705,0.94,274,0
SPY190522P280,2019-05-20,2019-05-20 09:33:58,0.72,0.96,1,0.71,0.9466,569,0.71,0.9466,6,0.715,0.9533,280,6
SPY190522P280,2019-05-20,2019-05-20 09:34:00,0.72,0.96,66,0.71,0.9466,2,0.73,0.9733,19,0.715,0.9533,302,0
SPY190522P280,2019-05-20,2019-05-20 09:34:00,0.73,0.9733,898,0.72,0.96,1,0.73,0.9733,19,0.725,0.9666,302,22
SPY190522P280,2019-05-20,2019-05-20 09:34:01,0.72,0.96,102,0.7,0.9333,1519,0.71,0.9466,3,0.71,0.9466,305,3
SPY190522P280,2019-05-20,2019-05-20 09:34:02,0.72,0.96,135,0.71,0.9466,8,0.71,0.9466,3,0.715,0.9533,305,0
SPY190522P280,2019-05-20,2019-05-20 09:34:03,0.73,0.9733,287,0.71,0.9466,974,0.71,0.9466,3,0.72,0.96,305,0
SPY190522P280,2019-05-20,2019-05-20 09:34:04,0.73,0.9733,370,0.71,0.9466,170,0.71,0.9466,3,0.72,0.96,305,0
SPY190522P280,2019-05-20,2019-05-20 09:34:06,0.72,0.96,152,0.7,0.9333,564,0.71,0.9466,3,0.71,0.9466,305,0
SPY190522P280,2019-05-20,2019-05-20 09:34:07,0.72,0.96,161,0.7,0.9333,1094,0.71,0.9466,3,0.71,0.9466,305,0
SPY190522P280,2019-05-20,2019-05-20 09:34:08,0.72,0.96,262,0.7,0.9333,1094,0.71,0.9466,3,0.71,0.9466,305,0
SPY190522P280,2019-05-20,2019-05-20 09:34:09,0.72,0.96,144,0.7,0.9333,1907,0.71,0.9466,3,0.71,0.9466,305,0
SPY190522P280,2019-05-20,2019-05-20 09:34:10,0.72,0.96,150,0.71,0.9466,140,0.71,0.9466,3,0.715,0.9533,305,0
SPY190522P280,2019-05-20,2019-05-20 09:34:11,0.72,0.96,15,0.71,0.9466,140,0.71,0.9466,3,0.715,0.9533,305,0
SPY190522P280,2019-05-20,2019-05-20 09:34:12,0.72,0.96,98,0.71,0.9466,140,0.71,0.9466,3,0.715,0.9533,305,0
SPY190522P280,2019-05-20,2019-05-20 09:34:13,0.73,0.9733,204,0.71,0.9466,1561,0.71,0.9466,3,0.72,0.96,305,0
SPY190522P280,2019-05-20,2019-05-20 09:34:14,0.72,0.96,3,0.71,0.9466,1561,0.71,0.9466,3,0.715,0.9533,305,0
SPY190522P280,2019-05-20,2019-05-20 09:34:15,0.72,0.96,3,0.71,0.9466,2103,0.72,0.96,4,0.715,0.9533,315,10
SPY190522P280,2019-05-20,2019-05-20 09:34:16,0.72,0.96,3,0.71,0.9466,2196,0.72,0.96,4,0.715,0.9533,315,0
SPY190522P280,2019-05-20,2019-05-20 09:34:18,0.72,0.96,64,0.71,0.9466,391,0.72,0.96,4,0.715,0.9533,315,0
SPY190522P280,2019-05-20,2019-05-20 09:34:19,0.72,0.96,9,0.71,0.9466,391,0.72,0.96,4,0.715,0.9533,315,0
SPY190522P280,2019-05-20,2019-05-20 09:34:20,0.72,0.96,50,0.71,0.9466,376,0.72,0.96,4,0.715,0.9533,315,0
SPY190522P280,2019-05-20,2019-05-20 09:34:21,0.72,0.96,250,0.7,0.9333,385,0.72,0.96,4,0.71,0.9466,315,0
SPY190522P280,2019-05-20,2019-05-20 09:34:22,0.72,0.96,3,0.71,0.9466,893,0.72,0.96,1,0.715,0.9533,316,1
SPY190522P280,2019-05-20,2019-05-20 09:34:23,0.72,0.96,112,0.71,0.9466,41,0.72,0.96,1,0.715,0.9533,316,0
SPY190522P280,2019-05-20,2019-05-20 09:34:25,0.72,0.96,163,0.7,0.9333,1068,0.72,0.96,1,0.71,0.9466,316,0
SPY190522P280,2019-05-20,2019-05-20 09:34:26,0.72,0.96,56,0.71,0.9466,326,0.72,0.96,1,0.715,0.9533,316,0
SPY190522P280,2019-05-20,2019-05-20 09:34:27,0.72,0.96,14,0.71,0.9466,141,0.72,0.96,1,0.715,0.9533,316,0
SPY190522P280,2019-05-20,2019-05-20 09:34:28,0.72,0.96,3,0.71,0.9466,268,0.72,0.96,1,0.715,0.9533,316,0
SPY190522P280,2019-05-20,2019-05-20 09:34:29,0.72,0.96,3,0.71,0.9466,1458,0.71,0.9466,2,0.715,0.9533,318,2
SPY190522P280,2019-05-20,2019-05-20 09:34:30,0.72,0.96,3,0.71,0.9466,1939,0.73,0.9733,2,0.715,0.9533,320,2
SPY190522P280,2019-05-20,2019-05-20 09:34:31,0.72,0.96,3,0.71,0.9466,1514,0.73,0.9733,2,0.715,0.9533,320,0
SPY190522P280,2019-05-20,2019-05-20 09:34:33,0.72,0.96,3,0.71,0.9466,1445,0.73,0.9733,2,0.715,0.9533,320,0
SPY190522P280,2019-05-20,2019-05-20 09:34:34,0.72,0.96,3,0.71,0.9466,1131,0.73,0.9733,2,0.715,0.9533,320,0
SPY190522P280,2019-05-20,2019-05-20 09:34:35,0.72,0.96,3,0.71,0.9466,420,0.73,0.9733,2,0.715,0.9533,320,0
SPY190522P280,2019-05-20,2019-05-20 09:34:37,0.72,0.96,3,0.71,0.9466,1043,0.73,0.9733,2,0.715,0.9533,320,0
SPY190522P280,2019-05-20,2019-05-20 09:34:38,0.72,0.96,3,0.71,0.9466,326,0.73,0.9733,2,0.715,0.9533,320,0
SPY190522P280,2019-05-20,2019-05-20 09:34:39,0.72,0.96,3,0.71,0.9466,939,0.73,0.9733,2,0.715,0.9533,320,0
SPY190522P280,2019-05-20,2019-05-20 09:34:40,0.72,0.96,3,0.71,0.9466,404,0.73,0.9733,2,0.715,0.9533,320,0
SPY190522P280,2019-05-20,2019-05-20 09:34:41,0.72,0.96,170,0.7,0.9333,542,0.71,0.9466,130,0.71,0.9466,450,130
SPY190522P280,2019-05-20,2019-05-20 09:34:43,0.72,0.96,3,0.71,0.9466,450,0.71,0.9466,130,0.715,0.9533,450,0
SPY190522P280,2019-05-20,2019-05-20 09:34:44,0.72,0.96,9,0.7,0.9333,1418,0.71,0.9466,130,0.71,0.9466,450,0
SPY190522P280,2019-05-20,2019-05-20 09:34:46,0.72,0.96,3,0.71,0.9466,428,0.71,0.9466,130,0.715,0.9533,450,0
SPY190522P280,2019-05-20,2019-05-20 09:34:47,0.72,0.96,3,0.71,0.9466,1678,0.71,0.9466,130,0.715,0.9533,450,0
SPY190522P280,2019-05-20,2019-05-20 09:34:48,0.72,0.96,3,0.71,0.9466,1777,0.71,0.9466,130,0.715,0.9533,450,0
SPY190522P280,2019-05-20,2019-05-20 09:34:49,0.72,0.96,3,0.71,0.9466,1459,0.71,0.9466,130,0.715,0.9533,450,0
SPY190522P280,2019-05-20,2019-05-20 09:34:51,0.73,0.9733,1,0.72,0.96,2870,0.72,0.96,3,0.725,0.9666,453,3
SPY190522P280,2019-05-20,2019-05-20 09:34:52,0.75,1.0,31,0.74,0.9866,522,0.75,1.0,5,0.745,0.9933,459,6
SPY190522P280,2019-05-20,2019-05-20 09:34:53,0.75,1.0,32,0.74,0.9866,531,0.76,1.0133,1,0.745,0.9933,461,2
SPY190522P280,2019-05-20,2019-05-20 09:34:55,0.75,1.0,865,0.73,0.9733,539,0.76,1.0133,1,0.74,0.9866,461,0
SPY190522P280,2019-05-20,2019-05-20 09:34:56,0.75,1.0,1219,0.72,0.96,2005,0.76,1.0133,1,0.735,0.98,461,0
SPY190522P280,2019-05-20,2019-05-20 09:34:57,0.75,1.0,1523,0.73,0.9733,405,0.76,1.0133,1,0.74,0.9866,461,0
SPY190522P280,2019-05-20,2019-05-20 09:34:58,0.75,1.0,148,0.73,0.9733,974,0.76,1.0133,1,0.74,0.9866,461,0
SPY190522P280,2019-05-20,2019-05-20 09:34:59,0.75,1.0,90,0.73,0.9733,551,0.76,1.0133,1,0.74,0.9866,461,0
SPY190522P280,2019-05-20,2019-05-20 09:35:00,0.75,1.0,141,0.73,0.9733,535,0.76,1.0133,1,0.74,0.9866,461,0
SPY190522P280,2019-05-20,2019-05-20 09:35:01,0.75,1.0,274,0.73,0.9733,891,0.76,1.0133,1,0.74,0.9866,461,0
SPY190522P280,2019-05-20,2019-05-20 09:35:02,0.75,1.0,386,0.73,0.9733,891,0.76,1.0133,1,0.74,0.9866,461,0
SPY190522P280,2019-05-20,2019-05-20 09:35:04,0.74,0.9866,140,0.72,0.96,617,0.76,1.0133,1,0.73,0.9733,461,0
SPY190522P280,2019-05-20,2019-05-20 09:35:05,0.75,1.0,810,0.73,0.9733,263,0.76,1.0133,1,0.74,0.9866,461,0
SPY190522P280,2019-05-20,2019-05-20 09:35:06,0.75,1.0,1090,0.73,0.9733,633,0.76,1.0133,1,0.74,0.9866,461,0
SPY190522P280,2019-05-20,2019-05-20 09:35:06,0.75,1.0,1220,0.73,0.9733,100,0.76,1.0133,1,0.74,0.9866,461,0
SPY190522P280,2019-05-20,2019-05-20 09:35:07,0.75,1.0,1090,0.73,0.9733,815,0.76,1.0133,1,0.74,0.9866,461,0
SPY190522P280,2019-05-20,2019-05-20 09:35:08,0.75,1.0,1090,0.73,0.9733,924,0.76,1.0133,1,0.74,0.9866,461,0
SPY190522P280,2019-05-20,2019-05-20 09:35:10,0.75,1.0,178,0.73,0.9733,50,0.76,1.0133,1,0.74,0.9866,461,0
SPY190522P280,2019-05-20,2019-05-20 09:35:11,0.75,1.0,150,0.73,0.9733,651,0.76,1.0133,1,0.74,0.9866,461,0
SPY190522P280,2019-05-20,2019-05-20 09:35:11,0.75,1.0,1074,0.73,0.9733,560,0.76,1.0133,1,0.74,0.9866,461,0
SPY190522P280,2019-05-20,2019-05-20 09:35:13,0.77,1.0266,639,0.75,1.0,310,0.76,1.0133,1,0.76,1.0133,461,0
SPY190522P280,2019-05-20,2019-05-20 09:35:14,0.77,1.0266,450,0.76,1.0133,288,0.76,1.0133,1,0.765,1.02,461,0
SPY190522P280,2019-05-20,2019-05-20 09:35:15,0.77,1.0266,974,0.75,1.0,842,0.76,1.0133,1,0.76,1.0133,461,0
SPY190522P280,2019-05-20,2019-05-20 09:35:16,0.77,1.0266,738,0.75,1.0,756,0.76,1.0133,1,0.76,1.0133,461,0
SPY190522P280,2019-05-20,2019-05-20 09:35:17,0.76,1.0133,33,0.75,1.0,825,0.76,1.0133,1,0.755,1.0066,461,0
SPY190522P280,2019-05-20,2019-05-20 09:35:18,0.76,1.0133,436,0.75,1.0,353,0.76,1.0133,1,0.755,1.0066,461,0
SPY190522P280,2019-05-20,2019-05-20 09:35:19,0.76,1.0133,211,0.74,0.9866,522,0.76,1.0133,1,0.75,1.0,461,0
SPY190522P280,2019-05-20,2019-05-20 09:35:20,0.76,1.0133,140,0.74,0.9866,681,0.76,1.0133,1,0.75,1.0,461,0
SPY190522P280,2019-05-20,2019-05-20 09:35:21,0.75,1.0,140,0.74,0.9866,68,0.76,1.0133,1,0.745,0.9933,461,0
SPY190522P280,2019-05-20,2019-05-20 09:35:23,0.75,1.0,123,0.74,0.9866,409,0.76,1.0133,1,0.745,0.9933,461,0
SPY190522P280,2019-05-20,2019-05-20 09:35:24,0.75,1.0,52,0.74,0.9866,777,0.76,1.0133,1,0.745,0.9933,461,0
SPY190522P280,2019-05-20,2019-05-20 09:35:25,0.75,1.0,15,0.74,0.9866,641,0.76,1.0133,1,0.745,0.9933,461,0
SPY190522P280,2019-05-20,2019-05-20 09:35:26,0.76,1.0133,106,0.75,1.0,526,0.75,1.0,1,0.755,1.0066,477,16
SPY190522P280,2019-05-20,2019-05-20 09:35:27,0.77,1.0266,1105,0.75,1.0,330,0.75,1.0,1,0.76,1.0133,477,0
SPY190522P280,2019-05-20,2019-05-20 09:35:28,0.77,1.0266,180,0.75,1.0,2143,0.75,1.0,1,0.76,1.0133,477,0
SPY190522P280,2019-05-20,2019-05-20 09:35:29,0.77,1.0266,50,0.76,1.0133,292,0.75,1.0,1,0.765,1.02,477,0
SPY190522P280,2019-05-20,2019-05-20 09:35:31,0.78,1.04,1207,0.76,1.0133,292,0.75,1.0,1,0.77,1.0266,477,0
SPY190522P280,2019-05-20,2019-05-20 09:35:32,0.78,1.04,170,0.76,1.0133,471,0.75,1.0,1,0.77,1.0266,477,0
SPY190522P280,2019-05-20,2019-05-20 09:35:33,0.78,1.04,806,0.76,1.0133,381,0.75,1.0,1,0.77,1.0266,477,0
SPY190522P280,2019-05-20,2019-05-20 09:35:35,0.78,1.04,1238,0.75,1.0,1058,0.78,1.04,1,0.765,1.02,478,1
SPY190522P280,2019-05-20,2019-05-20 09:35:36,0.78,1.04,1238,0.75,1.0,1066,0.78,1.04,1,0.765,1.02,478,0
SPY190522P280,2019-05-20,2019-05-20 09:35:37,0.78,1.04,156,0.76,1.0133,171,0.78,1.04,1,0.77,1.0266,478,0
SPY190522P280,2019-05-20,2019-05-20 09:35:38,0.79,1.0533,80,0.77,1.0266,304,0.78,1.04,1,0.78,1.04,478,0
SPY190522P280,2019-05-20,2019-05-20 09:35:39,0.79,1.0533,80,0.77,1.0266,908,0.78,1.04,1,0.78,1.04,478,0
SPY190522P280,2019-05-20,2019-05-20 09:35:40,0.79,1.0533,1,0.78,1.04,338,0.78,1.04,1,0.785,1.0466,478,0
SPY190522P280,2019-05-20,2019-05-20 09:35:41,0.79,1.0533,293,0.77,1.0266,50,0.78,1.04,1,0.78,1.04,478,0
SPY190522P280,2019-05-20,2019-05-20 09:35:43,0.79,1.0533,142,0.76,1.0133,917,0.78,1.04,1,0.775,1.0333,478,0
SPY190522P280,2019-05-20,2019-05-20 09:35:44,0.79,1.0533,1396,0.76,1.0133,1221,0.78,1.04,1,0.775,1.0333,478,0
SPY190522P280,2019-05-20,2019-05-20 09:35:45,0.79,1.0533,94,0.77,1.0266,787,0.78,1.04,1,0.78,1.04,478,0
SPY190522P280,2019-05-20,2019-05-20 09:35:46,0.79,1.0533,87,0.77,1.0266,310,0.78,1.04,1,0.78,1.04,478,0
SPY190522P280,2019-05-20,2019-05-20 09:35:47,0.79,1.0533,702,0.77,1.0266,350,0.78,1.04,1,0.78,1.04,478,0
SPY190522P280,2019-05-20,2019-05-20 09:35:48,0.79,1.0533,98,0.77,1.0266,1509,0.78,1.04,1,0.78,1.04,478,0
SPY190522P280,2019-05-20,2019-05-20 09:35:49,0.79,1.0533,51,0.78,1.04,152,0.78,1.04,1,0.785,1.0466,478,0
SPY190522P280,2019-05-20,2019-05-20 09:35:50,0.79,1.0533,51,0.78,1.04,362,0.78,1.04,1,0.785,1.0466,478,0
SPY190522P280,2019-05-20,2019-05-20 09:35:51,0.81,1.08,178,0.78,1.04,980,0.79,1.0533,1,0.795,1.06,479,1
SPY190522P280,2019-05-20,2019-05-20 09:35:52,0.81,1.08,1528,0.78,1.04,1294,0.79,1.0533,1,0.795,1.06,479,0
SPY190522P280,2019-05-20,2019-05-20 09:35:54,0.81,1.08,554,0.79,1.0533,325,0.79,1.0533,1,0.8,1.0666,479,0
SPY190522P280,2019-05-20,2019-05-20 09:35:55,0.81,1.08,123,0.79,1.0533,796,0.8,1.0666,5,0.8,1.0666,484,5
SPY190522P280,2019-05-20,2019-05-20 09:35:56,0.82,1.0933,1202,0.8,1.0666,314,0.8,1.0666,5,0.81,1.08,484,0
SPY190522P280,2019-05-20,2019-05-20 09:35:57,0.82,1.0933,212,0.8,1.0666,925,0.81,1.08,2,0.81,1.08,486,2
SPY190522P280,2019-05-20,2019-05-20 09:35:58,0.82,1.0933,183,0.81,1.08,211,0.82,1.0933,1,0.815,1.0866,487,1
SPY190522P280,2019-05-20,2019-05-20 09:35:59,0.82,1.0933,43,0.81,1.08,341,0.82,1.0933,1,0.815,1.0866,487,0
SPY190522P280,2019-05-20,2019-05-20 09:36:00,0.82,1.0933,10,0.81,1.08,937,0.82,1.0933,1,0.815,1.0866,487,0
SPY190522P280,2019-05-20,2019-05-20 09:36:01,0.82,1.0933,10,0.81,1.08,983,0.82,1.0933,1,0.815,1.0866,487,0
SPY190522P280,2019-05-20,2019-05-20 09:36:02,0.82,1.0933,10,0.81,1.08,983,0.82,1.0933,1,0.815,1.0866,487,0
SPY190522P280,2019-05-20,2019-05-20 09:36:03,0.84,1.12,50,0.82,1.0933,559,0.82,1.0933,10,0.83,1.1066,500,13
SPY190522P280,2019-05-20,2019-05-20 09:36:04,0.85,1.1333,582,0.82,1.0933,770,0.82,1.0933,10,0.835,1.1133,500,0
SPY190522P280,2019-05-20,2019-05-20 09:36:05,0.85,1.1333,206,0.83,1.1066,130,0.82,1.0933,10,0.84,1.12,500,0
SPY190522P280,2019-05-20,2019-05-20 09:36:06,0.85,1.1333,246,0.83,1.1066,130,0.82,1.0933,10,0.84,1.12,500,0
SPY190522P280,2019-05-20,2019-05-20 09:36:07,0.85,1.1333,216,0.83,1.1066,336,0.82,1.0933,10,0.84,1.12,500,0
SPY190522P280,2019-05-20,2019-05-20 09:36:08,0.85,1.1333,260,0.83,1.1066,371,0.82,1.0933,10,0.84,1.12,500,0
SPY190522P280,2019-05-20,2019-05-20 09:36:09,0.85,1.1333,608,0.83,1.1066,436,0.82,1.0933,10,0.84,1.12,500,0
SPY190522P280,2019-05-20,2019-05-20 09:36:10,0.85,1.1333,180,0.83,1.1066,443,0.82,1.0933,10,0.84,1.12,500,0
SPY190522P280,2019-05-20,2019-05-20 09:36:11,0.85,1.1333,180,0.83,1.1066,833,0.82,1.0933,10,0.84,1.12,500,0
SPY190522P280,2019-05-20,2019-05-20 09:36:12,0.85,1.1333,180,0.83,1.1066,868,0.82,1.0933,10,0.84,1.12,500,0
SPY190522P280,2019-05-20,2019-05-20 09:36:13,0.85,1.1333,180,0.83,1.1066,703,0.82,1.0933,10,0.84,1.12,500,0
SPY190522P280,2019-05-20,2019-05-20 09:36:14,0.85,1.1333,32,0.84,1.12,8,0.82,1.0933,10,0.845,1.1266,500,0
SPY190522P280,2019-05-20,2019-05-20 09:36:15,0.85,1.1333,4,0.84,1.12,362,0.85,1.1333,1,0.845,1.1266,501,1
SPY190522P280,2019-05-20,2019-05-20 09:36:16,0.85,1.1333,4,0.84,1.12,561,0.85,1.1333,2,0.845,1.1266,503,2
SPY190522P280,2019-05-20,2019-05-20 09:36:17,0.87,1.16,693,0.85,1.1333,1,0.87,1.16,1,0.86,1.1466,508,5
SPY190522P280,2019-05-20,2019-05-20 09:36:18,0.87,1.16,1328,0.85,1.1333,1,0.85,1.1333,5,0.86,1.1466,513,5
SPY190522P280,2019-05-20,2019-05-20 09:36:19,0.87,1.16,186,0.85,1.1333,382,0.85,1.1333,5,0.86,1.1466,513,0
SPY190522P280,2019-05-20,2019-05-20 09:36:20,0.87,1.16,215,0.85,1.1333,500,0.85,1.1333,5,0.86,1.1466,513,0
SPY190522P280,2019-05-20,2019-05-20 09:36:21,0.87,1.16,61,0.85,1.1333,500,0.85,1.1333,5,0.86,1.1466,513,0
SPY190522P280,2019-05-20,2019-05-20 09:36:22,0.87,1.16,36,0.85,1.1333,1386,0.85,1.1333,5,0.86,1.1466,513,0
SPY190522P280,2019-05-20,2019-05-20 09:36:23,0.87,1.16,660,0.85,1.1333,500,0.85,1.1333,5,0.86,1.1466,513,0
SPY190522P280,2019-05-20,2019-05-20 09:36:24,0.87,1.16,1667,0.86,1.1466,250,0.86,1.1466,500,0.865,1.1533,1013,500
SPY190522P280,2019-05-20,2019-05-20 09:36:25,0.86,1.1466,1297,0.84,1.12,50,0.86,1.1466,62,0.85,1.1333,1513,500
SPY190522P280,2019-05-20,2019-05-20 09:36:26,0.85,1.1333,6,0.84,1.12,2,0.86,1.1466,62,0.845,1.1266,1513,0
SPY190522P280,2019-05-20,2019-05-20 09:36:27,0.85,1.1333,150,0.84,1.12,8,0.86,1.1466,62,0.845,1.1266,1513,0
SPY190522P280,2019-05-20,2019-05-20 09:36:28,0.85,1.1333,67,0.84,1.12,130,0.86,1.1466,62,0.845,1.1266,1513,0
SPY190522P280,2019-05-20,2019-05-20 09:36:29,0.87,1.16,278,0.84,1.12,384,0.85,1.1333,1,0.855,1.14,1514,1
SPY190522P280,2019-05-20,2019-05-20 09:36:30,0.87,1.16,862,0.84,1.12,1123,0.85,1.1333,1,0.855,1.14,1514,0
SPY190522P280,2019-05-20,2019-05-20 09:36:31,0.87,1.16,375,0.85,1.1333,780,0.85,1.1333,1,0.86,1.1466,1514,0
SPY190522P280,2019-05-20,2019-05-20 09:36:33,0.87,1.16,398,0.85,1.1333,566,0.85,1.1333,1,0.86,1.1466,1514,0
SPY190522P280,2019-05-20,2019-05-20 09:36:34,0.87,1.16,192,0.85,1.1333,1,0.85,1.1333,1,0.86,1.1466,1514,0
SPY190522P280,2019-05-20,2019-05-20 09:36:35,0.87,1.16,343,0.85,1.1333,609,0.85,1.1333,1,0.86,1.1466,1514,0
SPY190522P280,2019-05-20,2019-05-20 09:36:36,0.87,1.16,508,0.85,1.1333,168,0.85,1.1333,1,0.86,1.1466,1514,0
SPY190522P280,2019-05-20,2019-05-20 09:36:37,0.87,1.16,508,0.85,1.1333,623,0.85,1.1333,1,0.86,1.1466,1514,0
SPY190522P280,2019-05-20,2019-05-20 09:36:38,0.87,1.16,398,0.86,1.1466,261,0.85,1.1333,1,0.865,1.1533,1514,0
SPY190522P280,2019-05-20,2019-05-20 09:36:39,0.87,1.16,398,0.86,1.1466,110,0.85,1.1333,1,0.865,1.1533,1514,0
SPY190522P280,2019-05-20,2019-05-20 09:36:41,0.87,1.16,398,0.86,1.1466,623,0.85,1.1333,1,0.865,1.1533,1514,0
SPY190522P280,2019-05-20,2019-05-20 09:36:42,0.87,1.16,398,0.86,1.1466,623,0.85,1.1333,1,0.865,1.1533,1514,0
SPY190522P280,2019-05-20,2019-05-20 09:36:43,0.87,1.16,398,0.86,1.1466,673,0.85,1.1333,1,0.865,1.1533,1514,0
SPY190522P280,2019-05-20,2019-05-20 09:36:44,0.88,1.1733,130,0.86,1.1466,170,0.85,1.1333,1,0.87,1.16,1514,0
SPY190522P280,2019-05-20,2019-05-20 09:36:45,0.88,1.1733,165,0.86,1.1466,148,0.85,1.1333,1,0.87,1.16,1514,0
SPY190522P280,2019-05-20,2019-05-20 09:36:46,0.88,1.1733,908,0.86,1.1466,135,0.86,1.1466,1,0.87,1.16,1515,1
SPY190522P280,2019-05-20,2019-05-20 09:36:47,0.88,1.1733,780,0.86,1.1466,50,0.86,1.1466,1,0.87,1.16,1515,0
SPY190522P280,2019-05-20,2019-05-20 09:36:48,0.87,1.16,107,0.85,1.1333,847,0.86,1.1466,1,0.86,1.1466,1515,0
SPY190522P280,2019-05-20,2019-05-20 09:36:49,0.87,1.16,720,0.85,1.1333,173,0.86,1.1466,1,0.86,1.1466,1515,0
SPY190522P280,2019-05-20,2019-05-20 09:36:50,0.87,1.16,325,0.85,1.1333,261,0.86,1.1466,1,0.86,1.1466,1515,0
SPY190522P280,2019-05-20,2019-05-20 09:36:51,0.87,1.16,701,0.85,1.1333,100,0.86,1.1466,1,0.86,1.1466,1515,0
SPY190522P280,2019-05-20,2019-05-20 09:36:52,0.87,1.16,648,0.85,1.1333,80,0.86,1.1466,1,0.86,1.1466,1515,0
SPY190522P280,2019-05-20,2019-05-20 09:36:53,0.88,1.1733,88,0.86,1.1466,170,0.86,1.1466,1,0.87,1.16,1515,0
SPY190522P280,2019-05-20,2019-05-20 09:36:54,0.88,1.1733,882,0.86,1.1466,50,0.86,1.1466,1,0.87,1.16,1515,0
SPY190522P280,2019-05-20,2019-05-20 09:36:55,0.88,1.1733,55,0.86,1.1466,915,0.86,1.1466,1,0.87,1.16,1515,0
SPY190522P280,2019-05-20,2019-05-20 09:36:56,0.89,1.1866,1014,0.86,1.1466,1526,0.86,1.1466,1,0.875,1.1666,1515,0
SPY190522P280,2019-05-20,2019-05-20 09:36:57,0.89,1.1866,1014,0.86,1.1466,1638,0.86,1.1466,1,0.875,1.1666,1515,0
SPY190522P280,2019-05-20,2019-05-20 09:36:58,0.89,1.1866,1014,0.88,1.1733,61,0.86,1.1466,1,0.885,1.18,1515,0
SPY190522P280,2019-05-20,2019-05-20 09:36:59,0.89,1.1866,1227,0.88,1.1733,55,0.86,1.1466,1,0.885,1.18,1515,0
SPY190522P280,2019-05-20,2019-05-20 09:37:00,0.89,1.1866,843,0.88,1.1733,55,0.86,1.1466,1,0.885,1.18,1515,0
SPY190522P280,2019-05-20,2019-05-20 09:37:01,0.89,1.1866,843,0.88,1.1733,55,0.86,1.1466,1,0.885,1.18,1515,0
SPY190522P280,2019-05-20,2019-05-20 09:37:02,0.89,1.1866,843,0.88,1.1733,55,0.86,1.1466,1,0.885,1.18,1515,0
SPY190522P280,2019-05-20,2019-05-20 09:37:04,0.89,1.1866,266,0.88,1.1733,55,0.86,1.1466,1,0.885,1.18,1515,0
SPY190522P280,2019-05-20,2019-05-20 09:37:05,0.89,1.1866,171,0.88,1.1733,61,0.88,1.1733,30,0.885,1.18,1545,30
SPY190522P280,2019-05-20,2019-05-20 09:37:06,0.89,1.1866,578,0.88,1.1733,55,0.88,1.1733,30,0.885,1.18,1545,0
SPY190522P280,2019-05-20,2019-05-20 09:37:07,0.89,1.1866,1166,0.88,1.1733,55,0.88,1.1733,30,0.885,1.18,1545,0
SPY190522P280,2019-05-20,2019-05-20 09:37:08,0.89,1.1866,1145,0.88,1.1733,55,0.89,1.1866,2,0.885,1.18,1547,2
SPY190522P280,2019-05-20,2019-05-20 09:37:09,0.88,1.1733,216,0.86,1.1466,204,0.88,1.1733,1,0.87,1.16,1604,2
SPY190522P280,2019-05-20,2019-05-20 09:37:09,0.88,1.1733,151,0.88,1.1733,55,0.88,1.1733,1,0.88,1.1733,1602,55
SPY190522P280,2019-05-20,2019-05-20 09:37:10,0.88,1.1733,89,0.86,1.1466,312,0.88,1.1733,1,0.87,1.16,1604,0
SPY190522P280,2019-05-20,2019-05-20 09:37:11,0.88,1.1733,50,0.87,1.16,130,0.88,1.1733,1,0.875,1.1666,1604,0
SPY190522P280,2019-05-20,2019-05-20 09:37:12,0.88,1.1733,67,0.87,1.16,62,0.88,1.1733,1,0.875,1.1666,1604,0
SPY190522P280,2019-05-20,2019-05-20 09:37:13,0.88,1.1733,67,0.87,1.16,62,0.88,1.1733,1,0.875,1.1666,1604,0
SPY190522P280,2019-05-20,2019-05-20 09:37:15,0.88,1.1733,151,0.86,1.1466,1008,0.88,1.1733,1,0.87,1.16,1604,0
SPY190522P280,2019-05-20,2019-05-20 09:37:15,0.88,1.1733,254,0.87,1.16,16,0.88,1.1733,1,0.875,1.1666,1604,0
SPY190522P280,2019-05-20,2019-05-20 09:37:16,0.88,1.1733,35,0.87,1.16,16,0.88,1.1733,2,0.875,1.1666,1606,2
SPY190522P280,2019-05-20,2019-05-20 09:37:17,0.88,1.1733,130,0.87,1.16,16,0.88,1.1733,2,0.875,1.1666,1606,0
SPY190522P280,2019-05-20,2019-05-20 09:37:18,0.88,1.1733,130,0.87,1.16,16,0.88,1.1733,1,0.875,1.1666,1607,1
SPY190522P280,2019-05-20,2019-05-20 09:37:19,0.88,1.1733,208,0.87,1.16,16,0.88,1.1733,1,0.875,1.1666,1607,0
SPY190522P280,2019-05-20,2019-05-20 09:37:20,0.88,1.1733,809,0.87,1.16,10,0.88,1.1733,1,0.875,1.1666,1607,0
SPY190522P280,2019-05-20,2019-05-20 09:37:21,0.88,1.1733,1331,0.86,1.1466,6,0.87,1.16,10,0.87,1.16,1617,10
SPY190522P280,2019-05-20,2019-05-20 09:37:23,0.87,1.16,130,0.85,1.1333,1063,0.87,1.16,10,0.86,1.1466,1617,0
SPY190522P280,2019-05-20,2019-05-20 09:37:24,0.87,1.16,1014,0.85,1.1333,130,0.87,1.16,10,0.86,1.1466,1617,0
SPY190522P280,2019-05-20,2019-05-20 09:37:25,0.87,1.16,257,0.85,1.1333,171,0.87,1.16,10,0.86,1.1466,1617,0
SPY190522P280,2019-05-20,2019-05-20 09:37:26,0.88,1.1733,130,0.86,1.1466,401,0.87,1.16,10,0.87,1.16,1617,0
SPY190522P280,2019-05-20,2019-05-20 09:37:28,0.88,1.1733,574,0.85,1.1333,1,0.87,1.16,10,0.865,1.1533,1617,0
SPY190522P280,2019-05-20,2019-05-20 09:37:29,0.87,1.16,10,0.85,1.1333,401,0.87,1.16,10,0.86,1.1466,1617,0
SPY190522P280,2019-05-20,2019-05-20 09:37:30,0.88,1.1733,80,0.87,1.16,111,0.87,1.16,10,0.875,1.1666,1617,0
SPY190522P280,2019-05-20,2019-05-20 09:37:32,0.88,1.1733,90,0.87,1.16,153,0.87,1.16,10,0.875,1.1666,1617,0
SPY190522P280,2019-05-20,2019-05-20 09:37:33,0.89,1.1866,230,0.87,1.16,43,0.87,1.16,24,0.88,1.1733,1646,29
SPY190522P280,2019-05-20,2019-05-20 09:37:34,0.88,1.1733,130,0.87,1.16,33,0.87,1.16,24,0.875,1.1666,1646,0
SPY190522P280,2019-05-20,2019-05-20 09:37:36,0.88,1.1733,50,0.87,1.16,106,0.88,1.1733,1,0.875,1.1666,1660,14
SPY190522P280,2019-05-20,2019-05-20 09:37:37,0.88,1.1733,1,0.87,1.16,247,0.88,1.1733,1,0.875,1.1666,1661,1
SPY190522P280,2019-05-20,2019-05-20 09:37:38,0.88,1.1733,1,0.87,1.16,36,0.88,1.1733,1,0.875,1.1666,1661,0
SPY190522P280,2019-05-20,2019-05-20 09:37:39,0.88,1.1733,1,0.87,1.16,428,0.88,1.1733,1,0.875,1.1666,1661,0
SPY190522P280,2019-05-20,2019-05-20 09:37:40,0.88,1.1733,1,0.87,1.16,187,0.88,1.1733,1,0.875,1.1666,1661,0
SPY190522P280,2019-05-20,2019-05-20 09:37:41,0.88,1.1733,1,0.87,1.16,611,0.88,1.1733,1,0.875,1.1666,1661,0
SPY190522P280,2019-05-20,2019-05-20 09:37:43,0.88,1.1733,1,0.87,1.16,699,0.88,1.1733,1,0.875,1.1666,1661,0
SPY190522P280,2019-05-20,2019-05-20 09:37:44,0.9,1.2,843,0.87,1.16,1157,0.88,1.1733,1,0.885,1.18,1662,1
SPY190522P280,2019-05-20,2019-05-20 09:37:45,0.9,1.2,25,0.88,1.1733,796,0.88,1.1733,1,0.89,1.1866,1662,0
SPY190522P280,2019-05-20,2019-05-20 09:37:46,0.9,1.2,31,0.89,1.1866,130,0.91,1.2133,5,0.895,1.1933,1667,5
SPY190522P280,2019-05-20,2019-05-20 09:37:47,0.91,1.2133,534,0.89,1.1866,130,0.91,1.2133,5,0.9,1.2,1667,0
SPY190522P280,2019-05-20,2019-05-20 09:37:48,0.9,1.2,1,0.89,1.1866,500,0.91,1.2133,5,0.895,1.1933,1667,0
SPY190522P280,2019-05-20,2019-05-20 09:37:49,0.91,1.2133,86,0.89,1.1866,126,0.9,1.2,1,0.9,1.2,1668,1
SPY190522P280,2019-05-20,2019-05-20 09:37:51,0.91,1.2133,164,0.89,1.1866,383,0.9,1.2,4,0.9,1.2,1672,4
SPY190522P280,2019-05-20,2019-05-20 09:37:52,0.93,1.24,1295,0.9,1.2,230,0.9,1.2,4,0.915,1.22,1672,0
SPY190522P280,2019-05-20,2019-05-20 09:37:53,0.92,1.2266,128,0.9,1.2,321,0.9,1.2,4,0.91,1.2133,1672,0
SPY190522P280,2019-05-20,2019-05-20 09:37:55,0.92,1.2266,812,0.9,1.2,1,0.9,1.2,4,0.91,1.2133,1672,0
SPY190522P280,2019-05-20,2019-05-20 09:37:56,0.92,1.2266,389,0.9,1.2,130,0.9,1.2,4,0.91,1.2133,1672,0
SPY190522P280,2019-05-20,2019-05-20 09:37:57,0.92,1.2266,812,0.9,1.2,130,0.9,1.2,4,0.91,1.2133,1672,0
SPY190522P280,2019-05-20,2019-05-20 09:37:58,0.92,1.2266,137,0.9,1.2,516,0.9,1.2,4,0.91,1.2133,1672,0
SPY190522P280,2019-05-20,2019-05-20 09:37:59,0.92,1.2266,1227,0.9,1.2,7,0.9,1.2,4,0.91,1.2133,1672,0
SPY190522P280,2019-05-20,2019-05-20 09:38:00,0.92,1.2266,1262,0.89,1.1866,80,0.9,1.2,4,0.905,1.2066,1672,0
SPY190522P280,2019-05-20,2019-05-20 09:38:01,0.91,1.2133,586,0.88,1.1733,1380,0.9,1.2,4,0.895,1.1933,1672,0
SPY190522P280,2019-05-20,2019-05-20 09:38:02,0.91,1.2133,50,0.9,1.2,130,0.9,1.2,4,0.905,1.2066,1672,0
SPY190522P280,2019-05-20,2019-05-20 09:38:04,0.94,1.2533,31,0.91,1.2133,320,0.91,1.2133,2,0.925,1.2333,1674,2
SPY190522P280,2019-05-20,2019-05-20 09:38:05,0.94,1.2533,178,0.92,1.2266,50,0.91,1.2133,2,0.93,1.24,1674,0
SPY190522P280,2019-05-20,2019-05-20 09:38:06,0.95,1.2666,560,0.92,1.2266,1157,0.91,1.2133,2,0.935,1.2466,1674,0
SPY190522P280,2019-05-20,2019-05-20 09:38:07,0.95,1.2666,636,0.92,1.2266,1157,0.91,1.2133,2,0.935,1.2466,1674,0
SPY190522P280,2019-05-20,2019-05-20 09:38:08,0.94,1.2533,50,0.92,1.2266,1509,0.94,1.2533,5,0.93,1.24,1684,10
SPY190522P280,2019-05-20,2019-05-20 09:38:09,0.95,1.2666,1014,0.92,1.2266,1509,0.94,1.2533,5,0.935,1.2466,1684,0
SPY190522P280,2019-05-20,2019-05-20 09:38:10,0.94,1.2533,1,0.93,1.24,39,0.94,1.2533,1,0.935,1.2466,1685,1
SPY190522P280,2019-05-20,2019-05-20 09:38:11,0.96,1.28,6,0.95,1.2666,1,0.95,1.2666,1,0.955,1.2733,1686,1
SPY190522P280,2019-05-20,2019-05-20 09:38:13,0.96,1.28,1,0.95,1.2666,261,0.95,1.2666,1,0.955,1.2733,1686,0
SPY190522P280,2019-05-20,2019-05-20 09:38:14,0.96,1.28,1,0.95,1.2666,80,0.95,1.2666,1,0.955,1.2733,1686,0
SPY190522P280,2019-05-20,2019-05-20 09:38:15,0.96,1.28,1,0.95,1.2666,646,0.95,1.2666,1,0.955,1.2733,1686,0
SPY190522P280,2019-05-20,2019-05-20 09:38:16,0.96,1.28,1,0.95,1.2666,170,0.95,1.2666,1,0.955,1.2733,1686,0
SPY190522P280,2019-05-20,2019-05-20 09:38:17,0.96,1.28,1,0.94,1.2533,1006,0.95,1.2666,1,0.95,1.2666,1686,0
SPY190522P280,2019-05-20,2019-05-20 09:38:18,0.98,1.3066,553,0.94,1.2533,822,0.96,1.28,1,0.96,1.28,1688,2
SPY190522P280,2019-05-20,2019-05-20 09:38:19,0.97,1.2933,145,0.96,1.28,1,0.96,1.28,1,0.965,1.2866,1688,0
SPY190522P280,2019-05-20,2019-05-20 09:38:20,0.98,1.3066,619,0.96,1.28,1,0.96,1.28,1,0.97,1.2933,1688,0
SPY190522P280,2019-05-20,2019-05-20 09:38:22,0.98,1.3066,80,0.96,1.28,1,0.96,1.28,1,0.97,1.2933,1688,0
SPY190522P280,2019-05-20,2019-05-20 09:38:23,0.99,1.32,334,0.96,1.28,237,0.96,1.28,1,0.975,1.3,1688,0
SPY190522P280,2019-05-20,2019-05-20 09:38:24,0.99,1.32,282,0.97,1.2933,5,0.99,1.32,1,0.98,1.3066,1689,1
SPY190522P280,2019-05-20,2019-05-20 09:38:25,0.99,1.32,312,0.97,1.2933,45,0.99,1.32,1,0.98,1.3066,1689,0
SPY190522P280,2019-05-20,2019-05-20 09:38:26,0.99,1.32,445,0.97,1.2933,50,0.99,1.32,1,0.98,1.3066,1689,0
SPY190522P280,2019-05-20,2019-05-20 09:38:27,0.98,1.3066,1,0.97,1.2933,94,0.98,1.3066,30,0.975,1.3,1719,30
SPY190522P280,2019-05-20,2019-05-20 09:38:28,0.98,1.3066,1,0.97,1.2933,94,0.98,1.3066,30,0.975,1.3,1719,0
SPY190522P280,2019-05-20,2019-05-20 09:38:30,0.99,1.32,670,0.97,1.2933,115,0.98,1.3066,30,0.98,1.3066,1719,0
SPY190522P280,2019-05-20,2019-05-20 09:38:31,0.99,1.32,670,0.97,1.2933,185,0.98,1.3066,30,0.98,1.3066,1719,0
SPY190522P280,2019-05-20,2019-05-20 09:38:33,1.0,1.3333,918,0.97,1.2933,1269,0.99,1.32,4,0.985,1.3133,1723,4
SPY190522P280,2019-05-20,2019-05-20 09:38:34,1.0,1.3333,432,0.98,1.3066,120,0.99,1.32,4,0.99,1.32,1723,0
SPY190522P280,2019-05-20,2019-05-20 09:38:35,1.0,1.3333,152,0.99,1.32,3,0.98,1.3066,10,0.995,1.3266,1733,10
SPY190522P280,2019-05-20,2019-05-20 09:38:37,1.0,1.3333,62,0.99,1.32,520,1.0,1.3333,10,0.995,1.3266,1743,10
SPY190522P280,2019-05-20,2019-05-20 09:38:38,1.0,1.3333,37,0.99,1.32,3,1.0,1.3333,10,0.995,1.3266,1743,0
SPY190522P280,2019-05-20,2019-05-20 09:38:39,1.0,1.3333,156,0.99,1.32,3,0.99,1.32,9,0.995,1.3266,1752,9
SPY190522P280,2019-05-20,2019-05-20 09:38:40,1.0,1.3333,22,0.99,1.32,3,0.99,1.32,9,0.995,1.3266,1752,0
SPY190522P280,2019-05-20,2019-05-20 09:38:41,1.0,1.3333,22,0.99,1.32,3,0.99,1.32,9,0.995,1.3266,1752,0
SPY190522P280,2019-05-20,2019-05-20 09:38:43,1.0,1.3333,42,0.99,1.32,3,0.99,1.32,9,0.995,1.3266,1752,0
SPY190522P280,2019-05-20,2019-05-20 09:38:44,1.0,1.3333,71,0.99,1.32,3,0.99,1.32,9,0.995,1.3266,1752,0
SPY190522P280,2019-05-20,2019-05-20 09:38:45,1.0,1.3333,42,0.99,1.32,3,0.99,1.32,9,0.995,1.3266,1752,0
SPY190522P280,2019-05-20,2019-05-20 09:38:46,1.0,1.3333,42,0.99,1.32,3,0.99,1.32,9,0.995,1.3266,1752,0
SPY190522P280,2019-05-20,2019-05-20 09:38:48,1.0,1.3333,236,0.98,1.3066,50,0.99,1.32,3,0.99,1.32,1755,3
SPY190522P280,2019-05-20,2019-05-20 09:38:49,0.99,1.32,608,0.96,1.28,1144,0.99,1.32,3,0.975,1.3,1755,0
SPY190522P280,2019-05-20,2019-05-20 09:38:50,0.98,1.3066,1860,0.96,1.28,6,0.99,1.32,3,0.97,1.2933,1755,0
SPY190522P280,2019-05-20,2019-05-20 09:38:52,0.99,1.32,795,0.97,1.2933,50,0.99,1.32,3,0.98,1.3066,1755,0
SPY190522P280,2019-05-20,2019-05-20 09:38:53,0.96,1.28,1,0.95,1.2666,120,0.96,1.28,3,0.955,1.2733,1758,3
SPY190522P280,2019-05-20,2019-05-20 09:38:54,0.97,1.2933,420,0.95,1.2666,1,0.95,1.2666,4,0.96,1.28,1765,7
SPY190522P280,2019-05-20,2019-05-20 09:38:55,0.95,1.2666,1,0.93,1.24,131,0.95,1.2666,2,0.94,1.2533,1768,3
SPY190522P280,2019-05-20,2019-05-20 09:38:56,0.94,1.2533,505,0.91,1.2133,219,0.95,1.2666,2,0.925,1.2333,1768,0
SPY190522P280,2019-05-20,2019-05-20 09:38:57,0.94,1.2533,180,0.92,1.2266,80,0.95,1.2666,2,0.93,1.24,1768,0
SPY190522P280,2019-05-20,2019-05-20 09:38:58,0.93,1.24,663,0.91,1.2133,202,0.95,1.2666,2,0.92,1.2266,1768,0
SPY190522P280,2019-05-20,2019-05-20 09:39:00,0.93,1.24,142,0.92,1.2266,5,0.95,1.2666,2,0.925,1.2333,1768,0
SPY190522P280,2019-05-20,2019-05-20 09:39:00,0.93,1.24,418,0.92,1.2266,5,0.95,1.2666,2,0.925,1.2333,1768,0
SPY190522P280,2019-05-20,2019-05-20 09:39:01,0.92,1.2266,1,0.9,1.2,744,0.91,1.2133,3,0.91,1.2133,1778,10
SPY190522P280,2019-05-20,2019-05-20 09:39:03,0.93,1.24,241,0.91,1.2133,129,0.91,1.2133,3,0.92,1.2266,1778,0
SPY190522P280,2019-05-20,2019-05-20 09:39:05,0.92,1.2266,96,0.9,1.2,119,0.91,1.2133,3,0.91,1.2133,1778,0
SPY190522P280,2019-05-20,2019-05-20 09:39:06,0.93,1.24,75,0.91,1.2133,112,0.91,1.2133,3,0.92,1.2266,1778,0
SPY190522P280,2019-05-20,2019-05-20 09:39:08,0.95,1.2666,86,0.93,1.24,80,0.91,1.2133,3,0.94,1.2533,1778,0
SPY190522P280,2019-05-20,2019-05-20 09:39:09,0.95,1.2666,523,0.93,1.24,130,0.91,1.2133,3,0.94,1.2533,1778,0
SPY190522P280,2019-05-20,2019-05-20 09:39:10,0.95,1.2666,231,0.93,1.24,177,0.91,1.2133,3,0.94,1.2533,1778,0
SPY190522P280,2019-05-20,2019-05-20 09:39:12,0.95,1.2666,110,0.93,1.24,454,0.94,1.2533,1,0.94,1.2533,1779,1
SPY190522P280,2019-05-20,2019-05-20 09:39:13,0.97,1.2933,256,0.94,1.2533,717,0.94,1.2533,1,0.955,1.2733,1779,0
SPY190522P280,2019-05-20,2019-05-20 09:39:14,0.95,1.2666,81,0.93,1.24,130,0.94,1.2533,1,0.94,1.2533,1779,0
SPY190522P280,2019-05-20,2019-05-20 09:39:16,0.94,1.2533,70,0.92,1.2266,1416,0.94,1.2533,1,0.93,1.24,1780,1
SPY190522P280,2019-05-20,2019-05-20 09:39:18,0.94,1.2533,523,0.92,1.2266,80,0.94,1.2533,1,0.93,1.24,1780,0
SPY190522P280,2019-05-20,2019-05-20 09:39:19,0.94,1.2533,523,0.93,1.24,10,0.94,1.2533,1,0.935,1.2466,1781,1
SPY190522P280,2019-05-20,2019-05-20 09:39:21,0.94,1.2533,1317,0.93,1.24,10,0.94,1.2533,1,0.935,1.2466,1781,0
SPY190522P280,2019-05-20,2019-05-20 09:39:22,0.94,1.2533,1317,0.93,1.24,10,0.94,1.2533,1,0.935,1.2466,1781,0
SPY190522P280,2019-05-20,2019-05-20 09:39:24,0.93,1.24,1,0.92,1.2266,1,0.93,1.24,10,0.925,1.2333,1791,10
SPY190522P280,2019-05-20,2019-05-20 09:39:25,0.93,1.24,130,0.92,1.2266,1,0.93,1.24,10,0.925,1.2333,1791,0
SPY190522P280,2019-05-20,2019-05-20 09:39:28,0.95,1.2666,523,0.92,1.2266,1040,0.93,1.24,10,0.935,1.2466,1791,0
SPY190522P280,2019-05-20,2019-05-20 09:39:29,0.95,1.2666,1024,0.92,1.2266,1211,0.93,1.24,10,0.935,1.2466,1791,0
SPY190522P280,2019-05-20,2019-05-20 09:39:30,0.95,1.2666,22,0.93,1.24,1099,0.93,1.24,10,0.94,1.2533,1791,0
SPY190522P280,2019-05-20,2019-05-20 09:39:31,0.95,1.2666,22,0.93,1.24,1048,0.93,1.24,10,0.94,1.2533,1791,0
SPY190522P280,2019-05-20,2019-05-20 09:39:33,0.95,1.2666,22,0.93,1.24,1493,0.93,1.24,10,0.94,1.2533,1791,0
SPY190522P280,2019-05-20,2019-05-20 09:39:34,0.95,1.2666,891,0.93,1.24,80,0.93,1.24,10,0.94,1.2533,1791,0
SPY190522P280,2019-05-20,2019-05-20 09:39:36,0.95,1.2666,1307,0.92,1.2266,811,0.93,1.24,10,0.935,1.2466,1791,0
SPY190522P280,2019-05-20,2019-05-20 09:39:37,0.95,1.2666,50,0.93,1.24,441,0.93,1.24,10,0.94,1.2533,1791,0
SPY190522P280,2019-05-20,2019-05-20 09:39:38,0.95,1.2666,350,0.92,1.2266,383,0.94,1.2533,3,0.935,1.2466,1794,3
SPY190522P280,2019-05-20,2019-05-20 09:39:40,0.94,1.2533,510,0.92,1.2266,10,0.94,1.2533,3,0.93,1.24,1794,0
SPY190522P280,2019-05-20,2019-05-20 09:39:41,0.93,1.24,170,0.91,1.2133,697,0.94,1.2533,3,0.92,1.2266,1794,0
SPY190522P280,2019-05-20,2019-05-20 09:39:43,0.91,1.2133,1227,0.88,1.1733,667,0.94,1.2533,3,0.895,1.1933,1794,0
SPY190522P280,2019-05-20,2019-05-20 09:39:44,0.91,1.2133,1041,0.88,1.1733,621,0.94,1.2533,3,0.895,1.1933,1794,0
SPY190522P280,2019-05-20,2019-05-20 09:39:46,0.9,1.2,401,0.88,1.1733,63,0.94,1.2533,3,0.89,1.1866,1794,0
SPY190522P280,2019-05-20,2019-05-20 09:39:48,0.89,1.1866,394,0.86,1.1466,96,0.88,1.1733,1,0.875,1.1666,1795,1
SPY190522P280,2019-05-20,2019-05-20 09:39:49,0.9,1.2,130,0.88,1.1733,230,0.88,1.1733,1,0.89,1.1866,1795,0
SPY190522P280,2019-05-20,2019-05-20 09:39:50,0.9,1.2,50,0.88,1.1733,40,0.9,1.2,1,0.89,1.1866,1796,1
SPY190522P280,2019-05-20,2019-05-20 09:39:52,0.92,1.2266,473,0.9,1.2,350,0.9,1.2,1,0.91,1.2133,1796,0
SPY190522P280,2019-05-20,2019-05-20 09:39:53,0.93,1.24,140,0.9,1.2,522,0.9,1.2,1,0.915,1.22,1796,0
SPY190522P280,2019-05-20,2019-05-20 09:39:55,0.92,1.2266,1014,0.9,1.2,780,0.9,1.2,1,0.91,1.2133,1796,0
SPY190522P280,2019-05-20,2019-05-20 09:39:56,0.92,1.2266,1014,0.9,1.2,753,0.9,1.2,1,0.91,1.2133,1796,0
SPY190522P280,2019-05-20,2019-05-20 09:39:58,0.94,1.2533,217,0.92,1.2266,486,0.92,1.2266,15,0.93,1.24,1811,15
SPY190522P280,2019-05-20,2019-05-20 09:39:59,0.95,1.2666,262,0.93,1.24,387,0.92,1.2266,15,0.94,1.2533,1811,0
SPY190522P280,2019-05-20,2019-05-20 09:40:00,0.95,1.2666,400,0.93,1.24,222,0.92,1.2266,15,0.94,1.2533,1811,0
SPY190522P280,2019-05-20,2019-05-20 09:40:01,0.93,1.24,230,0.91,1.2133,258,0.92,1.2266,15,0.92,1.2266,1811,0
SPY190522P280,2019-05-20,2019-05-20 09:40:03,0.93,1.24,501,0.91,1.2133,338,0.92,1.2266,15,0.92,1.2266,1811,0
SPY190522P280,2019-05-20,2019-05-20 09:40:04,0.93,1.24,170,0.91,1.2133,383,0.92,1.2266,15,0.92,1.2266,1811,0
SPY190522P280,2019-05-20,2019-05-20 09:40:05,0.92,1.2266,333,0.9,1.2,345,0.92,1.2266,15,0.91,1.2133,1811,0
SPY190522P280,2019-05-20,2019-05-20 09:40:06,0.92,1.2266,281,0.9,1.2,345,0.91,1.2133,4,0.91,1.2133,1815,4
SPY190522P280,2019-05-20,2019-05-20 09:40:06,0.93,1.24,185,0.91,1.2133,475,0.91,1.2133,4,0.92,1.2266,1815,0
SPY190522P280,2019-05-20,2019-05-20 09:40:08,0.93,1.24,573,0.91,1.2133,372,0.91,1.2133,4,0.92,1.2266,1815,0
SPY190522P280,2019-05-20,2019-05-20 09:40:09,0.93,1.24,1680,0.91,1.2133,150,0.91,1.2133,4,0.92,1.2266,1815,0
SPY190522P280,2019-05-20,2019-05-20 09:40:10,0.93,1.24,1530,0.9,1.2,879,0.91,1.2133,4,0.915,1.22,1815,0
SPY190522P280,2019-05-20,2019-05-20 09:40:11,0.92,1.2266,50,0.9,1.2,598,0.91,1.2133,4,0.91,1.2133,1815,0
SPY190522P280,2019-05-20,2019-05-20 09:40:12,0.92,1.2266,50,0.9,1.2,823,0.91,1.2133,4,0.91,1.2133,1815,0
SPY190522P280,2019-05-20,2019-05-20 09:40:13,0.92,1.2266,195,0.91,1.2133,180,0.91,1.2133,4,0.915,1.22,1815,0
SPY190522P280,2019-05-20,2019-05-20 09:40:14,0.92,1.2266,684,0.9,1.2,397,0.91,1.2133,4,0.91,1.2133,1815,0
SPY190522P280,2019-05-20,2019-05-20 09:40:15,0.93,1.24,447,0.9,1.2,857,0.91,1.2133,4,0.915,1.22,1815,0
SPY190522P280,2019-05-20,2019-05-20 09:40:16,0.92,1.2266,50,0.9,1.2,783,0.91,1.2133,4,0.91,1.2133,1815,0
SPY190522P280,2019-05-20,2019-05-20 09:40:17,0.92,1.2266,170,0.9,1.2,783,0.91,1.2133,4,0.91,1.2133,1815,0
SPY190522P280,2019-05-20,2019-05-20 09:40:18,0.92,1.2266,30,0.9,1.2,925,0.92,1.2266,1,0.91,1.2133,1816,1
SPY190522P280,2019-05-20,2019-05-20 09:40:19,0.92,1.2266,401,0.9,1.2,128,0.92,1.2266,1,0.91,1.2133,1816,0
SPY190522P280,2019-05-20,2019-05-20 09:40:20,0.91,1.2133,156,0.89,1.1866,30,0.92,1.2266,1,0.9,1.2,1816,0
SPY190522P280,2019-05-20,2019-05-20 09:40:21,0.9,1.2,130,0.88,1.1733,180,0.92,1.2266,1,0.89,1.1866,1816,0
SPY190522P280,2019-05-20,2019-05-20 09:40:22,0.9,1.2,558,0.87,1.16,415,0.92,1.2266,1,0.885,1.18,1816,0
SPY190522P280,2019-05-20,2019-05-20 09:40:23,0.91,1.2133,386,0.88,1.1733,1211,0.92,1.2266,1,0.895,1.1933,1816,0
SPY190522P280,2019-05-20,2019-05-20 09:40:24,0.9,1.2,401,0.88,1.1733,17,0.92,1.2266,1,0.89,1.1866,1816,0
SPY190522P280,2019-05-20,2019-05-20 09:40:25,0.9,1.2,1417,0.87,1.16,844,0.89,1.1866,5,0.885,1.18,1821,5
SPY190522P280,2019-05-20,2019-05-20 09:40:26,0.9,1.2,130,0.88,1.1733,170,0.89,1.1866,5,0.89,1.1866,1821,0
SPY190522P280,2019-05-20,2019-05-20 09:40:28,0.91,1.2133,349,0.88,1.1733,744,0.89,1.1866,5,0.895,1.1933,1821,0
SPY190522P280,2019-05-20,2019-05-20 09:40:29,0.91,1.2133,101,0.89,1.1866,120,0.89,1.1866,5,0.9,1.2,1821,0
SPY190522P280,2019-05-20,2019-05-20 09:40:30,0.92,1.2266,1117,0.89,1.1866,275,0.91,1.2133,7,0.905,1.2066,1841,20
SPY190522P280,2019-05-20,2019-05-20 09:40:31,0.9,1.2,215,0.88,1.1733,582,0.91,1.2133,7,0.89,1.1866,1841,0
SPY190522P280,2019-05-20,2019-05-20 09:40:31,0.91,1.2133,1113,0.88,1.1733,582,0.91,1.2133,7,0.895,1.1933,1841,0
SPY190522P280,2019-05-20,2019-05-20 09:40:32,0.89,1.1866,2,0.87,1.16,624,0.91,1.2133,7,0.88,1.1733,1841,0
SPY190522P280,2019-05-20,2019-05-20 09:40:33,0.89,1.1866,2,0.87,1.16,443,0.89,1.1866,12,0.88,1.1733,1853,12
SPY190522P280,2019-05-20,2019-05-20 09:40:34,0.89,1.1866,2,0.87,1.16,1014,0.89,1.1866,12,0.88,1.1733,1853,0
SPY190522P280,2019-05-20,2019-05-20 09:40:35,0.89,1.1866,2,0.88,1.1733,480,0.89,1.1866,12,0.885,1.18,1853,0
SPY190522P280,2019-05-20,2019-05-20 09:40:37,0.89,1.1866,98,0.87,1.16,826,0.89,1.1866,12,0.88,1.1733,1853,0
SPY190522P280,2019-05-20,2019-05-20 09:40:38,0.89,1.1866,98,0.87,1.16,826,0.89,1.1866,12,0.88,1.1733,1853,0
SPY190522P280,2019-05-20,2019-05-20 09:40:39,0.89,1.1866,2,0.88,1.1733,130,0.89,1.1866,12,0.885,1.18,1853,0
SPY190522P280,2019-05-20,2019-05-20 09:40:40,0.89,1.1866,2,0.88,1.1733,229,0.89,1.1866,12,0.885,1.18,1853,0
SPY190522P280,2019-05-20,2019-05-20 09:40:41,0.9,1.2,50,0.89,1.1866,126,0.89,1.1866,2,0.895,1.1933,1855,2
SPY190522P280,2019-05-20,2019-05-20 09:40:42,0.9,1.2,50,0.88,1.1733,1122,0.89,1.1866,2,0.89,1.1866,1855,0
SPY190522P280,2019-05-20,2019-05-20 09:40:43,0.91,1.2133,61,0.89,1.1866,418,0.89,1.1866,2,0.9,1.2,1855,0
SPY190522P280,2019-05-20,2019-05-20 09:40:44,0.91,1.2133,895,0.89,1.1866,151,0.89,1.1866,2,0.9,1.2,1855,0
SPY190522P280,2019-05-20,2019-05-20 09:40:45,0.91,1.2133,1190,0.88,1.1733,373,0.89,1.1866,2,0.895,1.1933,1855,0
SPY190522P280,2019-05-20,2019-05-20 09:40:46,0.91,1.2133,568,0.88,1.1733,1022,0.89,1.1866,2,0.895,1.1933,1855,0
SPY190522P280,2019-05-20,2019-05-20 09:40:47,0.91,1.2133,972,0.89,1.1866,35,0.89,1.1866,2,0.9,1.2,1855,0
SPY190522P280,2019-05-20,2019-05-20 09:40:48,0.91,1.2133,131,0.89,1.1866,473,0.89,1.1866,2,0.9,1.2,1855,0
SPY190522P280,2019-05-20,2019-05-20 09:40:49,0.91,1.2133,481,0.89,1.1866,80,0.91,1.2133,2,0.9,1.2,1859,4
SPY190522P280,2019-05-20,2019-05-20 09:40:50,0.91,1.2133,913,0.89,1.1866,80,0.91,1.2133,2,0.9,1.2,1859,0
SPY190522P280,2019-05-20,2019-05-20 09:40:51,0.91,1.2133,145,0.89,1.1866,130,0.89,1.1866,1,0.9,1.2,1860,1
SPY190522P280,2019-05-20,2019-05-20 09:40:52,0.91,1.2133,763,0.9,1.2,1,0.89,1.1866,1,0.905,1.2066,1860,0
SPY190522P280,2019-05-20,2019-05-20 09:40:53,0.9,1.2,1,0.89,1.1866,130,0.9,1.2,1,0.895,1.1933,1861,1
SPY190522P280,2019-05-20,2019-05-20 09:40:54,0.92,1.2266,50,0.91,1.2133,119,0.9,1.2,1,0.915,1.22,1861,0
SPY190522P280,2019-05-20,2019-05-20 09:40:55,0.92,1.2266,80,0.9,1.2,659,0.9,1.2,1,0.91,1.2133,1861,0
SPY190522P280,2019-05-20,2019-05-20 09:40:56,0.92,1.2266,130,0.9,1.2,1018,0.9,1.2,1,0.91,1.2133,1861,0
SPY190522P280,2019-05-20,2019-05-20 09:40:57,0.93,1.24,171,0.91,1.2133,170,0.9,1.2,1,0.92,1.2266,1861,0
SPY190522P280,2019-05-20,2019-05-20 09:40:58,0.92,1.2266,476,0.89,1.1866,37,0.9,1.2,1,0.905,1.2066,1861,0
SPY190522P280,2019-05-20,2019-05-20 09:40:59,0.9,1.2,170,0.88,1.1733,130,0.9,1.2,1,0.89,1.1866,1861,0
SPY190522P280,2019-05-20,2019-05-20 09:41:00,0.9,1.2,684,0.87,1.16,978,0.9,1.2,1,0.885,1.18,1861,0
SPY190522P280,2019-05-20,2019-05-20 09:41:01,0.9,1.2,1086,0.87,1.16,886,0.9,1.2,1,0.885,1.18,1861,0
SPY190522P280,2019-05-20,2019-05-20 09:41:02,0.9,1.2,1088,0.87,1.16,947,0.9,1.2,1,0.885,1.18,1861,0
SPY190522P280,2019-05-20,2019-05-20 09:41:03,0.9,1.2,897,0.87,1.16,1424,0.9,1.2,1,0.885,1.18,1861,0
SPY190522P280,2019-05-20,2019-05-20 09:41:04,0.9,1.2,868,0.87,1.16,1079,0.9,1.2,1,0.885,1.18,1861,0
SPY190522P280,2019-05-20,2019-05-20 09:41:05,0.9,1.2,573,0.87,1.16,593,0.9,1.2,1,0.885,1.18,1861,0
SPY190522P280,2019-05-20,2019-05-20 09:41:06,0.9,1.2,695,0.88,1.1733,118,0.9,1.2,1,0.89,1.1866,1861,0
SPY190522P280,2019-05-20,2019-05-20 09:41:07,0.89,1.1866,130,0.87,1.16,255,0.9,1.2,1,0.88,1.1733,1861,0
SPY190522P280,2019-05-20,2019-05-20 09:41:08,0.9,1.2,1179,0.88,1.1733,80,0.9,1.2,1,0.89,1.1866,1861,0
SPY190522P280,2019-05-20,2019-05-20 09:41:09,0.9,1.2,1480,0.87,1.16,981,0.9,1.2,1,0.885,1.18,1861,0
SPY190522P280,2019-05-20,2019-05-20 09:41:10,0.89,1.1866,130,0.87,1.16,655,0.9,1.2,1,0.88,1.1733,1861,0
SPY190522P280,2019-05-20,2019-05-20 09:41:11,0.88,1.1733,171,0.86,1.1466,171,0.9,1.2,1,0.87,1.16,1861,0
SPY190522P280,2019-05-20,2019-05-20 09:41:12,0.88,1.1733,290,0.86,1.1466,96,0.9,1.2,1,0.87,1.16,1861,0
SPY190522P280,2019-05-20,2019-05-20 09:41:13,0.88,1.1733,941,0.86,1.1466,80,0.9,1.2,1,0.87,1.16,1861,0
SPY190522P280,2019-05-20,2019-05-20 09:41:14,0.88,1.1733,826,0.86,1.1466,68,0.9,1.2,1,0.87,1.16,1861,0
SPY190522P280,2019-05-20,2019-05-20 09:41:15,0.87,1.16,3,0.86,1.1466,129,0.9,1.2,1,0.865,1.1533,1861,0
SPY190522P280,2019-05-20,2019-05-20 09:41:16,0.87,1.16,3,0.86,1.1466,116,0.9,1.2,1,0.865,1.1533,1861,0
SPY190522P280,2019-05-20,2019-05-20 09:41:17,0.87,1.16,3,0.86,1.1466,109,0.9,1.2,1,0.865,1.1533,1861,0
SPY190522P280,2019-05-20,2019-05-20 09:41:18,0.87,1.16,2,0.86,1.1466,153,0.87,1.16,1,0.865,1.1533,1862,1
SPY190522P280,2019-05-20,2019-05-20 09:41:19,0.87,1.16,2,0.85,1.1333,686,0.87,1.16,1,0.86,1.1466,1862,0
SPY190522P280,2019-05-20,2019-05-20 09:41:20,0.87,1.16,130,0.85,1.1333,33,0.87,1.16,1,0.86,1.1466,1862,0
SPY190522P280,2019-05-20,2019-05-20 09:41:21,0.87,1.16,529,0.85,1.1333,10,0.87,1.16,1,0.86,1.1466,1862,0
SPY190522P280,2019-05-20,2019-05-20 09:41:22,0.87,1.16,1086,0.85,1.1333,38,0.87,1.16,1,0.86,1.1466,1862,0
SPY190522P280,2019-05-20,2019-05-20 09:41:23,0.87,1.16,1830,0.85,1.1333,8,0.87,1.16,1,0.86,1.1466,1862,0
SPY190522P280,2019-05-20,2019-05-20 09:41:24,0.86,1.1466,813,0.85,1.1333,2,0.87,1.16,1,0.855,1.14,1862,0
SPY190522P280,2019-05-20,2019-05-20 09:41:25,0.85,1.1333,2,0.83,1.1066,581,0.85,1.1333,2,0.84,1.12,1864,2
SPY190522P280,2019-05-20,2019-05-20 09:41:26,0.86,1.1466,327,0.83,1.1066,395,0.85,1.1333,2,0.845,1.1266,1864,0
SPY190522P280,2019-05-20,2019-05-20 09:41:27,0.85,1.1333,3,0.84,1.12,80,0.85,1.1333,2,0.845,1.1266,1864,0
SPY190522P280,2019-05-20,2019-05-20 09:41:28,0.85,1.1333,3,0.84,1.12,130,0.85,1.1333,1,0.845,1.1266,1868,4
SPY190522P280,2019-05-20,2019-05-20 09:41:29,0.87,1.16,934,0.85,1.1333,447,0.85,1.1333,1,0.86,1.1466,1868,0
SPY190522P280,2019-05-20,2019-05-20 09:41:30,0.87,1.16,941,0.84,1.12,1103,0.85,1.1333,1,0.855,1.14,1868,0
SPY190522P280,2019-05-20,2019-05-20 09:41:31,0.87,1.16,544,0.85,1.1333,126,0.85,1.1333,1,0.86,1.1466,1868,0
SPY190522P280,2019-05-20,2019-05-20 09:41:32,0.87,1.16,461,0.85,1.1333,271,0.85,1.1333,1,0.86,1.1466,1868,0
SPY190522P280,2019-05-20,2019-05-20 09:41:33,0.87,1.16,396,0.85,1.1333,126,0.85,1.1333,1,0.86,1.1466,1868,0
SPY190522P280,2019-05-20,2019-05-20 09:41:34,0.87,1.16,173,0.85,1.1333,1116,0.85,1.1333,1,0.86,1.1466,1868,0
SPY190522P280,2019-05-20,2019-05-20 09:41:35,0.87,1.16,1014,0.85,1.1333,154,0.85,1.1333,1,0.86,1.1466,1868,0
SPY190522P280,2019-05-20,2019-05-20 09:41:36,0.87,1.16,885,0.85,1.1333,70,0.85,1.1333,1,0.86,1.1466,1868,0
SPY190522P280,2019-05-20,2019-05-20 09:41:37,0.87,1.16,230,0.85,1.1333,130,0.85,1.1333,1,0.86,1.1466,1868,0
SPY190522P280,2019-05-20,2019-05-20 09:41:37,0.87,1.16,371,0.85,1.1333,165,0.85,1.1333,1,0.86,1.1466,1868,0
SPY190522P280,2019-05-20,2019-05-20 09:41:38,0.86,1.1466,544,0.84,1.12,400,0.85,1.1333,1,0.85,1.1333,1868,0
SPY190522P280,2019-05-20,2019-05-20 09:41:40,0.86,1.1466,826,0.84,1.12,708,0.85,1.1333,1,0.85,1.1333,1868,0
SPY190522P280,2019-05-20,2019-05-20 09:41:40,0.86,1.1466,826,0.84,1.12,661,0.85,1.1333,1,0.85,1.1333,1868,0
SPY190522P280,2019-05-20,2019-05-20 09:41:41,0.86,1.1466,1047,0.84,1.12,178,0.85,1.1333,1,0.85,1.1333,1868,0
SPY190522P280,2019-05-20,2019-05-20 09:41:43,0.86,1.1466,1047,0.84,1.12,80,0.85,1.1333,1,0.85,1.1333,1868,0
SPY190522P280,2019-05-20,2019-05-20 09:41:44,0.85,1.1333,1162,0.83,1.1066,130,0.85,1.1333,1,0.84,1.12,1868,0
SPY190522P280,2019-05-20,2019-05-20 09:41:45,0.85,1.1333,155,0.83,1.1066,478,0.85,1.1333,1,0.84,1.12,1868,0
SPY190522P280,2019-05-20,2019-05-20 09:41:46,0.85,1.1333,1297,0.82,1.0933,835,0.84,1.12,1,0.835,1.1133,1869,1
SPY190522P280,2019-05-20,2019-05-20 09:41:47,0.84,1.12,137,0.82,1.0933,568,0.84,1.12,1,0.83,1.1066,1869,0
SPY190522P280,2019-05-20,2019-05-20 09:41:48,0.85,1.1333,261,0.83,1.1066,105,0.84,1.12,1,0.84,1.12,1869,0
SPY190522P280,2019-05-20,2019-05-20 09:41:49,0.85,1.1333,941,0.82,1.0933,981,0.84,1.12,1,0.835,1.1133,1869,0
SPY190522P280,2019-05-20,2019-05-20 09:41:50,0.85,1.1333,1341,0.82,1.0933,820,0.84,1.12,1,0.835,1.1133,1869,0
SPY190522P280,2019-05-20,2019-05-20 09:41:51,0.85,1.1333,1353,0.82,1.0933,611,0.84,1.12,1,0.835,1.1133,1869,0
SPY190522P280,2019-05-20,2019-05-20 09:41:52,0.83,1.1066,761,0.8,1.0666,246,0.84,1.12,1,0.815,1.0866,1869,0
SPY190522P280,2019-05-20,2019-05-20 09:41:53,0.83,1.1066,75,0.81,1.08,250,0.84,1.12,1,0.82,1.0933,1869,0
SPY190522P280,2019-05-20,2019-05-20 09:41:54,0.83,1.1066,50,0.82,1.0933,98,0.82,1.0933,2,0.825,1.1,1871,2
SPY190522P280,2019-05-20,2019-05-20 09:41:55,0.84,1.12,544,0.82,1.0933,167,0.84,1.12,3,0.83,1.1066,1876,5
SPY190522P280,2019-05-20,2019-05-20 09:41:56,0.84,1.12,100,0.83,1.1066,40,0.83,1.1066,2,0.835,1.1133,1878,2
SPY190522P280,2019-05-20,2019-05-20 09:41:57,0.84,1.12,126,0.82,1.0933,110,0.83,1.1066,2,0.83,1.1066,1878,0
SPY190522P280,2019-05-20,2019-05-20 09:41:58,0.84,1.12,86,0.82,1.0933,42,0.83,1.1066,2,0.83,1.1066,1878,0
SPY190522P280,2019-05-20,2019-05-20 09:41:59,0.84,1.12,890,0.82,1.0933,88,0.83,1.1066,2,0.83,1.1066,1878,0
SPY190522P280,2019-05-20,2019-05-20 09:42:00,0.84,1.12,1165,0.82,1.0933,568,0.83,1.1066,2,0.83,1.1066,1878,0
SPY190522P280,2019-05-20,2019-05-20 09:42:00,0.84,1.12,986,0.82,1.0933,203,0.83,1.1066,2,0.83,1.1066,1878,0
SPY190522P280,2019-05-20,2019-05-20 09:42:02,0.86,1.1466,796,0.84,1.12,36,0.83,1.1066,2,0.85,1.1333,1878,0
SPY190522P280,2019-05-20,2019-05-20 09:42:03,0.85,1.1333,29,0.84,1.12,30,0.83,1.1066,2,0.845,1.1266,1878,0
SPY190522P280,2019-05-20,2019-05-20 09:42:04,0.84,1.12,261,0.82,1.0933,57,0.83,1.1066,2,0.83,1.1066,1878,0
SPY190522P280,2019-05-20,2019-05-20 09:42:05,0.84,1.12,170,0.82,1.0933,379,0.83,1.1066,2,0.83,1.1066,1878,0
SPY190522P280,2019-05-20,2019-05-20 09:42:06,0.84,1.12,50,0.82,1.0933,64,0.83,1.1066,2,0.83,1.1066,1878,0
SPY190522P280,2019-05-20,2019-05-20 09:42:07,0.84,1.12,100,0.82,1.0933,196,0.83,1.1066,2,0.83,1.1066,1878,0
SPY190522P280,2019-05-20,2019-05-20 09:42:09,0.83,1.1066,150,0.81,1.08,145,0.83,1.1066,2,0.82,1.0933,1878,0
SPY190522P280,2019-05-20,2019-05-20 09:42:10,0.83,1.1066,140,0.81,1.08,305,0.83,1.1066,2,0.82,1.0933,1878,0
SPY190522P280,2019-05-20,2019-05-20 09:42:11,0.84,1.12,659,0.82,1.0933,447,0.83,1.1066,2,0.83,1.1066,1878,0
SPY190522P280,2019-05-20,2019-05-20 09:42:12,0.85,1.1333,275,0.82,1.0933,321,0.83,1.1066,2,0.835,1.1133,1878,0
SPY190522P280,2019-05-20,2019-05-20 09:42:14,0.84,1.12,36,0.82,1.0933,376,0.83,1.1066,2,0.83,1.1066,1878,0
SPY190522P280,2019-05-20,2019-05-20 09:42:15,0.84,1.12,134,0.82,1.0933,870,0.83,1.1066,2,0.83,1.1066,1878,0
SPY190522P280,2019-05-20,2019-05-20 09:42:16,0.83,1.1066,11,0.82,1.0933,81,0.83,1.1066,2,0.825,1.1,1878,0
SPY190522P280,2019-05-20,2019-05-20 09:42:17,0.84,1.12,172,0.83,1.1066,5,0.83,1.1066,2,0.835,1.1133,1878,0
SPY190522P280,2019-05-20,2019-05-20 09:42:18,0.84,1.12,73,0.83,1.1066,2,0.83,1.1066,1,0.835,1.1133,1880,2
SPY190522P280,2019-05-20,2019-05-20 09:42:19,0.83,1.1066,124,0.81,1.08,761,0.83,1.1066,2,0.82,1.0933,1883,3
SPY190522P280,2019-05-20,2019-05-20 09:42:20,0.84,1.12,233,0.82,1.0933,281,0.83,1.1066,2,0.83,1.1066,1883,0
SPY190522P280,2019-05-20,2019-05-20 09:42:21,0.84,1.12,150,0.82,1.0933,897,0.83,1.1066,2,0.83,1.1066,1883,0
SPY190522P280,2019-05-20,2019-05-20 09:42:22,0.84,1.12,202,0.82,1.0933,1024,0.83,1.1066,2,0.83,1.1066,1883,0
SPY190522P280,2019-05-20,2019-05-20 09:42:24,0.84,1.12,474,0.81,1.08,571,0.83,1.1066,2,0.825,1.1,1883,0
SPY190522P280,2019-05-20,2019-05-20 09:42:25,0.82,1.0933,11,0.81,1.08,611,0.83,1.1066,2,0.815,1.0866,1883,0
SPY190522P280,2019-05-20,2019-05-20 09:42:26,0.83,1.1066,85,0.81,1.08,943,0.83,1.1066,2,0.82,1.0933,1883,0
SPY190522P280,2019-05-20,2019-05-20 09:42:27,0.83,1.1066,100,0.81,1.08,20,0.83,1.1066,2,0.82,1.0933,1883,0
SPY190522P280,2019-05-20,2019-05-20 09:42:28,0.82,1.0933,518,0.81,1.08,10,0.83,1.1066,2,0.815,1.0866,1883,0
SPY190522P280,2019-05-20,2019-05-20 09:42:29,0.82,1.0933,132,0.81,1.08,10,0.83,1.1066,2,0.815,1.0866,1883,0
SPY190522P280,2019-05-20,2019-05-20 09:42:30,0.82,1.0933,150,0.81,1.08,10,0.83,1.1066,2,0.815,1.0866,1883,0
SPY190522P280,2019-05-20,2019-05-20 09:42:31,0.82,1.0933,65,0.81,1.08,10,0.83,1.1066,2,0.815,1.0866,1883,0
SPY190522P280,2019-05-20,2019-05-20 09:42:32,0.82,1.0933,637,0.81,1.08,10,0.83,1.1066,2,0.815,1.0866,1883,0
SPY190522P280,2019-05-20,2019-05-20 09:42:33,0.82,1.0933,1060,0.81,1.08,10,0.83,1.1066,2,0.815,1.0866,1883,0
SPY190522P280,2019-05-20,2019-05-20 09:42:34,0.82,1.0933,855,0.81,1.08,10,0.83,1.1066,2,0.815,1.0866,1883,0
SPY190522P280,2019-05-20,2019-05-20 09:42:35,0.81,1.08,243,0.79,1.0533,33,0.83,1.1066,2,0.8,1.0666,1883,0
SPY190522P280,2019-05-20,2019-05-20 09:42:36,0.81,1.08,530,0.79,1.0533,135,0.79,1.0533,2,0.8,1.0666,1885,2
SPY190522P280,2019-05-20,2019-05-20 09:42:37,0.81,1.08,150,0.8,1.0666,41,0.79,1.0533,2,0.805,1.0733,1887,2
SPY190522P280,2019-05-20,2019-05-20 09:42:39,0.81,1.08,400,0.79,1.0533,105,0.79,1.0533,2,0.8,1.0666,1887,0
SPY190522P280,2019-05-20,2019-05-20 09:42:40,0.8,1.0666,400,0.78,1.04,513,0.78,1.04,4,0.79,1.0533,1891,4
SPY190522P280,2019-05-20,2019-05-20 09:42:41,0.78,1.04,401,0.76,1.0133,135,0.78,1.04,4,0.77,1.0266,1891,0
SPY190522P280,2019-05-20,2019-05-20 09:42:43,0.78,1.04,566,0.76,1.0133,601,0.78,1.04,4,0.77,1.0266,1891,0
SPY190522P280,2019-05-20,2019-05-20 09:42:44,0.78,1.04,434,0.76,1.0133,611,0.78,1.04,4,0.77,1.0266,1891,0
SPY190522P280,2019-05-20,2019-05-20 09:42:45,0.78,1.04,884,0.76,1.0133,698,0.78,1.04,4,0.77,1.0266,1891,0
SPY190522P280,2019-05-20,2019-05-20 09:42:47,0.78,1.04,244,0.76,1.0133,704,0.77,1.0266,1,0.77,1.0266,1892,1
SPY190522P280,2019-05-20,2019-05-20 09:42:48,0.77,1.0266,90,0.75,1.0,152,0.77,1.0266,1,0.76,1.0133,1892,0
SPY190522P280,2019-05-20,2019-05-20 09:42:49,0.76,1.0133,54,0.75,1.0,211,0.77,1.0266,1,0.755,1.0066,1892,0
SPY190522P280,2019-05-20,2019-05-20 09:42:50,0.77,1.0266,879,0.75,1.0,91,0.76,1.0133,15,0.76,1.0133,1907,15
SPY190522P280,2019-05-20,2019-05-20 09:42:51,0.76,1.0133,50,0.75,1.0,137,0.76,1.0133,15,0.755,1.0066,1907,0
SPY190522P280,2019-05-20,2019-05-20 09:42:52,0.78,1.04,252,0.76,1.0133,217,0.76,1.0133,15,0.77,1.0266,1907,0
SPY190522P280,2019-05-20,2019-05-20 09:42:53,0.78,1.04,285,0.77,1.0266,41,0.76,1.0133,15,0.775,1.0333,1907,0
SPY190522P280,2019-05-20,2019-05-20 09:42:54,0.79,1.0533,450,0.76,1.0133,696,0.76,1.0133,15,0.775,1.0333,1907,0
SPY190522P280,2019-05-20,2019-05-20 09:42:56,0.79,1.0533,1054,0.77,1.0266,191,0.78,1.04,1,0.78,1.04,1909,2
SPY190522P280,2019-05-20,2019-05-20 09:42:57,0.79,1.0533,95,0.77,1.0266,1214,0.78,1.04,1,0.78,1.04,1909,0
SPY190522P280,2019-05-20,2019-05-20 09:42:58,0.79,1.0533,785,0.77,1.0266,115,0.78,1.04,1,0.78,1.04,1909,0
SPY190522P280,2019-05-20,2019-05-20 09:42:59,0.81,1.08,700,0.78,1.04,50,0.78,1.04,1,0.795,1.06,1910,1
SPY190522P280,2019-05-20,2019-05-20 09:43:00,0.79,1.0533,50,0.78,1.04,153,0.78,1.04,1,0.785,1.0466,1910,0
SPY190522P280,2019-05-20,2019-05-20 09:43:01,0.79,1.0533,124,0.77,1.0266,906,0.78,1.04,1,0.78,1.04,1910,0
SPY190522P280,2019-05-20,2019-05-20 09:43:02,0.78,1.04,851,0.75,1.0,6,0.78,1.04,1,0.765,1.02,1910,0
SPY190522P280,2019-05-20,2019-05-20 09:43:03,0.76,1.0133,146,0.74,0.9866,418,0.78,1.04,1,0.75,1.0,1910,0
SPY190522P280,2019-05-20,2019-05-20 09:43:05,0.77,1.0266,889,0.74,0.9866,1505,0.78,1.04,1,0.755,1.0066,1910,0
SPY190522P280,2019-05-20,2019-05-20 09:43:06,0.77,1.0266,589,0.75,1.0,269,0.78,1.04,1,0.76,1.0133,1910,0
SPY190522P280,2019-05-20,2019-05-20 09:43:07,0.78,1.04,889,0.76,1.0133,183,0.76,1.0133,3,0.77,1.0266,1913,3
SPY190522P280,2019-05-20,2019-05-20 09:43:09,0.78,1.04,972,0.76,1.0133,599,0.76,1.0133,3,0.77,1.0266,1913,0
SPY190522P280,2019-05-20,2019-05-20 09:43:10,0.78,1.04,185,0.76,1.0133,599,0.78,1.04,1,0.77,1.0266,1915,2
SPY190522P280,2019-05-20,2019-05-20 09:43:12,0.78,1.04,50,0.77,1.0266,149,0.78,1.04,1,0.775,1.0333,1915,0
SPY190522P280,2019-05-20,2019-05-20 09:43:13,0.78,1.04,7,0.77,1.0266,32,0.78,1.04,1,0.775,1.0333,1915,0
SPY190522P280,2019-05-20,2019-05-20 09:43:15,0.77,1.0266,50,0.76,1.0133,188,0.78,1.04,1,0.765,1.02,1915,0
SPY190522P280,2019-05-20,2019-05-20 09:43:16,0.77,1.0266,80,0.75,1.0,981,0.78,1.04,1,0.76,1.0133,1915,0
SPY190522P280,2019-05-20,2019-05-20 09:43:17,0.78,1.04,50,0.77,1.0266,199,0.77,1.0266,1,0.775,1.0333,1916,1
SPY190522P280,2019-05-20,2019-05-20 09:43:18,0.78,1.04,50,0.77,1.0266,339,0.77,1.0266,1,0.775,1.0333,1916,0
SPY190522P280,2019-05-20,2019-05-20 09:43:20,0.78,1.04,6,0.76,1.0133,517,0.77,1.0266,1,0.77,1.0266,1917,1
SPY190522P280,2019-05-20,2019-05-20 09:43:21,0.78,1.04,59,0.76,1.0133,1367,0.77,1.0266,1,0.77,1.0266,1917,0
SPY190522P280,2019-05-20,2019-05-20 09:43:22,0.79,1.0533,137,0.77,1.0266,976,0.77,1.0266,1,0.78,1.04,1917,0
SPY190522P280,2019-05-20,2019-05-20 09:43:23,0.78,1.04,36,0.77,1.0266,126,0.77,1.0266,1,0.775,1.0333,1917,0
SPY190522P280,2019-05-20,2019-05-20 09:43:24,0.79,1.0533,553,0.77,1.0266,503,0.77,1.0266,1,0.78,1.04,1917,0
SPY190522P280,2019-05-20,2019-05-20 09:43:25,0.79,1.0533,206,0.77,1.0266,1143,0.77,1.0266,1,0.78,1.04,1917,0
SPY190522P280,2019-05-20,2019-05-20 09:43:26,0.79,1.0533,100,0.77,1.0266,1143,0.77,1.0266,1,0.78,1.04,1917,0
SPY190522P280,2019-05-20,2019-05-20 09:43:28,0.79,1.0533,80,0.77,1.0266,763,0.77,1.0266,1,0.78,1.04,1917,0
SPY190522P280,2019-05-20,2019-05-20 09:43:30,0.79,1.0533,671,0.77,1.0266,267,0.77,1.0266,1,0.78,1.04,1917,0
SPY190522P280,2019-05-20,2019-05-20 09:43:31,0.79,1.0533,427,0.77,1.0266,807,0.77,1.0266,1,0.78,1.04,1917,0
SPY190522P280,2019-05-20,2019-05-20 09:43:32,0.79,1.0533,50,0.78,1.04,309,0.77,1.0266,1,0.785,1.0466,1917,0
SPY190522P280,2019-05-20,2019-05-20 09:43:33,0.79,1.0533,48,0.78,1.04,279,0.77,1.0266,1,0.785,1.0466,1917,0
SPY190522P280,2019-05-20,2019-05-20 09:43:35,0.8,1.0666,366,0.78,1.04,637,0.77,1.0266,1,0.79,1.0533,1917,0
SPY190522P280,2019-05-20,2019-05-20 09:43:36,0.8,1.0666,298,0.78,1.04,637,0.77,1.0266,1,0.79,1.0533,1917,0
SPY190522P280,2019-05-20,2019-05-20 09:43:37,0.81,1.08,100,0.79,1.0533,376,0.77,1.0266,1,0.8,1.0666,1917,0
SPY190522P280,2019-05-20,2019-05-20 09:43:39,0.81,1.08,143,0.8,1.0666,50,0.77,1.0266,1,0.805,1.0733,1917,0
SPY190522P280,2019-05-20,2019-05-20 09:43:40,0.81,1.08,80,0.8,1.0666,66,0.77,1.0266,1,0.805,1.0733,1917,0
SPY190522P280,2019-05-20,2019-05-20 09:43:41,0.83,1.1066,156,0.81,1.08,375,0.77,1.0266,1,0.82,1.0933,1917,0
SPY190522P280,2019-05-20,2019-05-20 09:43:43,0.82,1.0933,131,0.81,1.08,29,0.77,1.0266,1,0.815,1.0866,1917,0
SPY190522P280,2019-05-20,2019-05-20 09:43:44,0.82,1.0933,83,0.81,1.08,66,0.77,1.0266,1,0.815,1.0866,1917,0
SPY190522P280,2019-05-20,2019-05-20 09:43:45,0.82,1.0933,147,0.8,1.0666,126,0.77,1.0266,1,0.81,1.08,1917,0
SPY190522P280,2019-05-20,2019-05-20 09:43:46,0.83,1.1066,1122,0.81,1.08,59,0.77,1.0266,1,0.82,1.0933,1917,0
SPY190522P280,2019-05-20,2019-05-20 09:43:48,0.82,1.0933,142,0.81,1.08,29,0.77,1.0266,1,0.815,1.0866,1917,0
SPY190522P280,2019-05-20,2019-05-20 09:43:49,0.81,1.08,170,0.8,1.0666,80,0.77,1.0266,1,0.805,1.0733,1917,0
SPY190522P280,2019-05-20,2019-05-20 09:43:50,0.82,1.0933,1117,0.8,1.0666,181,0.77,1.0266,1,0.81,1.08,1917,0
SPY190522P280,2019-05-20,2019-05-20 09:43:52,0.81,1.08,130,0.8,1.0666,65,0.77,1.0266,1,0.805,1.0733,1917,0
SPY190522P280,2019-05-20,2019-05-20 09:43:53,0.81,1.08,152,0.79,1.0533,650,0.81,1.08,20,0.8,1.0666,1937,20
SPY190522P280,2019-05-20,2019-05-20 09:43:54,0.82,1.0933,113,0.8,1.0666,463,0.81,1.08,20,0.81,1.08,1937,0
SPY190522P280,2019-05-20,2019-05-20 09:43:55,0.82,1.0933,100,0.81,1.08,19,0.81,1.08,20,0.815,1.0866,1957,20
SPY190522P280,2019-05-20,2019-05-20 09:43:57,0.81,1.08,53,0.79,1.0533,475,0.81,1.08,20,0.8,1.0666,1957,0
SPY190522P280,2019-05-20,2019-05-20 09:43:58,0.8,1.0666,65,0.79,1.0533,70,0.81,1.08,20,0.795,1.06,1957,0
SPY190522P280,2019-05-20,2019-05-20 09:43:59,0.81,1.08,6,0.8,1.0666,80,0.81,1.08,20,0.805,1.0733,1957,0
SPY190522P280,2019-05-20,2019-05-20 09:44:00,0.82,1.0933,149,0.79,1.0533,88,0.81,1.08,20,0.805,1.0733,1957,0
SPY190522P280,2019-05-20,2019-05-20 09:44:02,0.81,1.08,125,0.79,1.0533,922,0.81,1.08,20,0.8,1.0666,1957,0
SPY190522P280,2019-05-20,2019-05-20 09:44:03,0.81,1.08,281,0.79,1.0533,1185,0.81,1.08,20,0.8,1.0666,1957,0
SPY190522P280,2019-05-20,2019-05-20 09:44:04,0.81,1.08,65,0.8,1.0666,127,0.81,1.08,20,0.805,1.0733,1957,0
SPY190522P280,2019-05-20,2019-05-20 09:44:05,0.81,1.08,154,0.79,1.0533,606,0.81,1.08,20,0.8,1.0666,1957,0
SPY190522P280,2019-05-20,2019-05-20 09:44:07,0.81,1.08,861,0.79,1.0533,183,0.81,1.08,20,0.8,1.0666,1957,0
SPY190522P280,2019-05-20,2019-05-20 09:44:08,0.8,1.0666,29,0.79,1.0533,302,0.81,1.08,20,0.795,1.06,1957,0
SPY190522P280,2019-05-20,2019-05-20 09:44:09,0.79,1.0533,12,0.78,1.04,204,0.81,1.08,20,0.785,1.0466,1957,0
SPY190522P280,2019-05-20,2019-05-20 09:44:10,0.8,1.0666,778,0.78,1.04,50,0.81,1.08,20,0.79,1.0533,1957,0
SPY190522P280,2019-05-20,2019-05-20 09:44:11,0.79,1.0533,12,0.78,1.04,182,0.81,1.08,20,0.785,1.0466,1957,0
SPY190522P280,2019-05-20,2019-05-20 09:44:13,0.8,1.0666,6,0.79,1.0533,6,0.81,1.08,20,0.795,1.06,1957,0
SPY190522P280,2019-05-20,2019-05-20 09:44:14,0.8,1.0666,5,0.79,1.0533,1033,0.81,1.08,20,0.795,1.06,1957,0
SPY190522P280,2019-05-20,2019-05-20 09:44:15,0.8,1.0666,5,0.79,1.0533,952,0.81,1.08,20,0.795,1.06,1957,0
SPY190522P280,2019-05-20,2019-05-20 09:44:16,0.82,1.0933,183,0.8,1.0666,170,0.8,1.0666,5,0.81,1.08,1962,5
SPY190522P280,2019-05-20,2019-05-20 09:44:17,0.82,1.0933,80,0.8,1.0666,938,0.82,1.0933,1,0.81,1.08,1964,2
SPY190522P280,2019-05-20,2019-05-20 09:44:19,0.83,1.1066,15,0.81,1.08,311,0.82,1.0933,1,0.82,1.0933,1964,0
SPY190522P280,2019-05-20,2019-05-20 09:44:22,0.82,1.0933,65,0.8,1.0666,933,0.82,1.0933,1,0.81,1.08,1964,0
SPY190522P280,2019-05-20,2019-05-20 09:44:24,0.81,1.08,6,0.79,1.0533,499,0.82,1.0933,1,0.8,1.0666,1964,0
SPY190522P280,2019-05-20,2019-05-20 09:44:25,0.81,1.08,65,0.8,1.0666,130,0.82,1.0933,1,0.805,1.0733,1964,0
SPY190522P280,2019-05-20,2019-05-20 09:44:27,0.81,1.08,65,0.8,1.0666,190,0.82,1.0933,1,0.805,1.0733,1964,0
SPY190522P280,2019-05-20,2019-05-20 09:44:28,0.81,1.08,25,0.8,1.0666,461,0.82,1.0933,1,0.805,1.0733,1964,0
SPY190522P280,2019-05-20,2019-05-20 09:44:30,0.82,1.0933,80,0.81,1.08,162,0.82,1.0933,1,0.815,1.0866,1964,0
SPY190522P280,2019-05-20,2019-05-20 09:44:31,0.82,1.0933,143,0.81,1.08,20,0.82,1.0933,1,0.815,1.0866,1964,0
SPY190522P280,2019-05-20,2019-05-20 09:44:33,0.82,1.0933,1017,0.81,1.08,20,0.82,1.0933,1,0.815,1.0866,1964,0
SPY190522P280,2019-05-20,2019-05-20 09:44:34,0.81,1.08,135,0.79,1.0533,6,0.81,1.08,1,0.8,1.0666,1984,20
SPY190522P280,2019-05-20,2019-05-20 09:44:36,0.81,1.08,1376,0.78,1.04,805,0.81,1.08,1,0.795,1.06,1984,0
SPY190522P280,2019-05-20,2019-05-20 09:44:37,0.81,1.08,139,0.79,1.0533,6,0.81,1.08,1,0.8,1.0666,1984,0
SPY190522P280,2019-05-20,2019-05-20 09:44:39,0.8,1.0666,100,0.78,1.04,1051,0.81,1.08,1,0.79,1.0533,1984,0
SPY190522P280,2019-05-20,2019-05-20 09:44:40,0.79,1.0533,146,0.77,1.0266,601,0.79,1.0533,1,0.78,1.04,1985,1
SPY190522P280,2019-05-20,2019-05-20 09:44:42,0.79,1.0533,1239,0.77,1.0266,274,0.79,1.0533,1,0.78,1.04,1985,0
SPY190522P280,2019-05-20,2019-05-20 09:44:43,0.79,1.0533,1239,0.77,1.0266,232,0.79,1.0533,1,0.78,1.04,1985,0
SPY190522P280,2019-05-20,2019-05-20 09:44:45,0.77,1.0266,63,0.76,1.0133,66,0.79,1.0533,1,0.765,1.02,1985,0
SPY190522P280,2019-05-20,2019-05-20 09:44:46,0.77,1.0266,63,0.76,1.0133,107,0.79,1.0533,1,0.765,1.02,1985,0
SPY190522P280,2019-05-20,2019-05-20 09:44:48,0.77,1.0266,63,0.76,1.0133,27,0.79,1.0533,1,0.765,1.02,1985,0
SPY190522P280,2019-05-20,2019-05-20 09:44:50,0.77,1.0266,80,0.76,1.0133,151,0.79,1.0533,1,0.765,1.02,1985,0
SPY190522P280,2019-05-20,2019-05-20 09:44:51,0.78,1.04,898,0.75,1.0,267,0.79,1.0533,1,0.765,1.02,1985,0
SPY190522P280,2019-05-20,2019-05-20 09:44:53,0.76,1.0133,100,0.75,1.0,33,0.79,1.0533,1,0.755,1.0066,1985,0
SPY190522P280,2019-05-20,2019-05-20 09:44:55,0.76,1.0133,47,0.74,0.9866,393,0.79,1.0533,1,0.75,1.0,1985,0
SPY190522P280,2019-05-20,2019-05-20 09:44:56,0.78,1.04,378,0.75,1.0,153,0.74,0.9866,20,0.765,1.02,2005,20
SPY190522P280,2019-05-20,2019-05-20 09:44:57,0.77,1.0266,80,0.76,1.0133,134,0.74,0.9866,20,0.765,1.02,2005,0
SPY190522P280,2019-05-20,2019-05-20 09:44:59,0.77,1.0266,50,0.76,1.0133,68,0.74,0.9866,20,0.765,1.02,2005,0
SPY190522P280,2019-05-20,2019-05-20 09:45:00,0.77,1.0266,152,0.76,1.0133,47,0.74,0.9866,20,0.765,1.02,2005,0
SPY190522P280,2019-05-20,2019-05-20 09:45:01,0.77,1.0266,27,0.75,1.0,180,0.77,1.0266,1,0.76,1.0133,2006,1
SPY190522P280,2019-05-20,2019-05-20 09:45:02,0.76,1.0133,250,0.74,0.9866,291,0.77,1.0266,1,0.75,1.0,2006,0
SPY190522P280,2019-05-20,2019-05-20 09:45:04,0.75,1.0,293,0.73,0.9733,159,0.77,1.0266,1,0.74,0.9866,2006,0
SPY190522P280,2019-05-20,2019-05-20 09:45:05,0.74,0.9866,62,0.73,0.9733,345,0.77,1.0266,1,0.735,0.98,2006,0
SPY190522P280,2019-05-20,2019-05-20 09:45:06,0.73,0.9733,459,0.71,0.9466,159,0.74,0.9866,1,0.72,0.96,2007,1
SPY190522P280,2019-05-20,2019-05-20 09:45:07,0.72,0.96,293,0.7,0.9333,109,0.72,0.96,2,0.71,0.9466,2009,2
SPY190522P280,2019-05-20,2019-05-20 09:45:09,0.71,0.9466,94,0.7,0.9333,24,0.72,0.96,2,0.705,0.94,2009,0
SPY190522P280,2019-05-20,2019-05-20 09:45:10,0.7,0.9333,62,0.69,0.92,153,0.72,0.96,2,0.695,0.9266,2009,0
SPY190522P280,2019-05-20,2019-05-20 09:45:11,0.7,0.9333,50,0.69,0.92,192,0.72,0.96,2,0.695,0.9266,2009,0
SPY190522P280,2019-05-20,2019-05-20 09:45:12,0.7,0.9333,900,0.67,0.8933,232,0.72,0.96,2,0.685,0.9133,2009,0
SPY190522P280,2019-05-20,2019-05-20 09:45:13,0.69,0.92,587,0.67,0.8933,799,0.72,0.96,2,0.68,0.9066,2009,0
SPY190522P280,2019-05-20,2019-05-20 09:45:15,0.69,0.92,754,0.67,0.8933,50,0.72,0.96,2,0.68,0.9066,2009,0
SPY190522P280,2019-05-20,2019-05-20 09:45:16,0.69,0.92,550,0.67,0.8933,16,0.72,0.96,2,0.68,0.9066,2009,0
SPY190522P280,2019-05-20,2019-05-20 09:45:17,0.69,0.92,50,0.68,0.9066,63,0.72,0.96,2,0.685,0.9133,2009,0
SPY190522P280,2019-05-20,2019-05-20 09:45:18,0.7,0.9333,1813,0.68,0.9066,101,0.72,0.96,2,0.69,0.92,2009,0
SPY190522P280,2019-05-20,2019-05-20 09:45:19,0.69,0.92,153,0.68,0.9066,27,0.68,0.9066,1,0.685,0.9133,2010,1
SPY190522P280,2019-05-20,2019-05-20 09:45:20,0.69,0.92,194,0.68,0.9066,105,0.68,0.9066,1,0.685,0.9133,2010,0
SPY190522P280,2019-05-20,2019-05-20 09:45:22,0.7,0.9333,170,0.69,0.92,27,0.7,0.9333,5,0.695,0.9266,2015,5
SPY190522P280,2019-05-20,2019-05-20 09:45:23,0.7,0.9333,318,0.68,0.9066,206,0.7,0.9333,5,0.69,0.92,2015,0
SPY190522P280,2019-05-20,2019-05-20 09:45:24,0.7,0.9333,589,0.68,0.9066,127,0.7,0.9333,5,0.69,0.92,2015,0
SPY190522P280,2019-05-20,2019-05-20 09:45:25,0.69,0.92,201,0.67,0.8933,666,0.7,0.9333,5,0.68,0.9066,2015,0
SPY190522P280,2019-05-20,2019-05-20 09:45:26,0.68,0.9066,50,0.67,0.8933,145,0.7,0.9333,5,0.675,0.9,2015,0
SPY190522P280,2019-05-20,2019-05-20 09:45:27,0.69,0.92,149,0.67,0.8933,405,0.7,0.9333,5,0.68,0.9066,2015,0
SPY190522P280,2019-05-20,2019-05-20 09:45:29,0.69,0.92,151,0.67,0.8933,1086,0.7,0.9333,5,0.68,0.9066,2015,0
SPY190522P280,2019-05-20,2019-05-20 09:45:30,0.7,0.9333,1002,0.68,0.9066,205,0.7,0.9333,5,0.69,0.92,2015,0
SPY190522P280,2019-05-20,2019-05-20 09:45:31,0.69,0.92,246,0.68,0.9066,80,0.7,0.9333,5,0.685,0.9133,2015,0
SPY190522P280,2019-05-20,2019-05-20 09:45:32,0.7,0.9333,400,0.67,0.8933,130,0.7,0.9333,5,0.685,0.9133,2015,0
SPY190522P280,2019-05-20,2019-05-20 09:45:34,0.69,0.92,1044,0.67,0.8933,152,0.7,0.9333,5,0.68,0.9066,2015,0
SPY190522P280,2019-05-20,2019-05-20 09:45:35,0.69,0.92,645,0.68,0.9066,19,0.7,0.9333,5,0.685,0.9133,2015,0
SPY190522P280,2019-05-20,2019-05-20 09:45:36,0.7,0.9333,700,0.68,0.9066,62,0.7,0.9333,5,0.69,0.92,2015,0
SPY190522P280,2019-05-20,2019-05-20 09:45:37,0.69,0.92,286,0.68,0.9066,34,0.7,0.9333,5,0.685,0.9133,2015,0
SPY190522P280,2019-05-20,2019-05-20 09:45:38,0.69,0.92,852,0.67,0.8933,298,0.7,0.9333,5,0.68,0.9066,2015,0
SPY190522P280,2019-05-20,2019-05-20 09:45:40,0.69,0.92,140,0.67,0.8933,763,0.7,0.9333,5,0.68,0.9066,2015,0
SPY190522P280,2019-05-20,2019-05-20 09:45:41,0.68,0.9066,50,0.67,0.8933,367,0.7,0.9333,5,0.675,0.9,2015,0
SPY190522P280,2019-05-20,2019-05-20 09:45:42,0.68,0.9066,65,0.67,0.8933,152,0.7,0.9333,5,0.675,0.9,2015,0
SPY190522P280,2019-05-20,2019-05-20 09:45:43,0.67,0.8933,850,0.64,0.8533,511,0.7,0.9333,5,0.655,0.8733,2015,0
SPY190522P280,2019-05-20,2019-05-20 09:45:44,0.65,0.8666,170,0.64,0.8533,64,0.66,0.88,2,0.645,0.86,2018,3
SPY190522P280,2019-05-20,2019-05-20 09:45:45,0.65,0.8666,50,0.63,0.84,228,0.66,0.88,2,0.64,0.8533,2018,0
SPY190522P280,2019-05-20,2019-05-20 09:45:47,0.66,0.88,1167,0.64,0.8533,179,0.65,0.8666,1,0.65,0.8666,2022,4
SPY190522P280,2019-05-20,2019-05-20 09:45:48,0.66,0.88,140,0.64,0.8533,1043,0.65,0.8666,1,0.65,0.8666,2022,0
SPY190522P280,2019-05-20,2019-05-20 09:45:49,0.65,0.8666,152,0.64,0.8533,337,0.65,0.8666,1,0.645,0.86,2022,0
SPY190522P280,2019-05-20,2019-05-20 09:45:50,0.65,0.8666,187,0.63,0.84,1249,0.65,0.8666,1,0.64,0.8533,2023,1
SPY190522P280,2019-05-20,2019-05-20 09:45:51,0.65,0.8666,938,0.63,0.84,967,0.63,0.84,1,0.64,0.8533,2024,1
SPY190522P280,2019-05-20,2019-05-20 09:45:52,0.66,0.88,550,0.63,0.84,764,0.63,0.84,1,0.645,0.86,2024,0
SPY190522P280,2019-05-20,2019-05-20 09:45:53,0.65,0.8666,17,0.64,0.8533,508,0.63,0.84,1,0.645,0.86,2024,0
SPY190522P280,2019-05-20,2019-05-20 09:45:54,0.66,0.88,65,0.65,0.8666,100,0.63,0.84,1,0.655,0.8733,2024,0
SPY190522P280,2019-05-20,2019-05-20 09:45:56,0.67,0.8933,150,0.66,0.88,132,0.63,0.84,1,0.665,0.8866,2024,0
SPY190522P280,2019-05-20,2019-05-20 09:45:57,0.67,0.8933,19,0.66,0.88,31,0.63,0.84,1,0.665,0.8866,2024,0
SPY190522P280,2019-05-20,2019-05-20 09:45:58,0.67,0.8933,150,0.66,0.88,52,0.66,0.88,3,0.665,0.8866,2027,3
SPY190522P280,2019-05-20,2019-05-20 09:45:59,0.67,0.8933,1030,0.65,0.8666,986,0.66,0.88,2,0.66,0.88,2049,22
SPY190522P280,2019-05-20,2019-05-20 09:46:00,0.67,0.8933,1030,0.65,0.8666,986,0.66,0.88,2,0.66,0.88,2049,0
SPY190522P280,2019-05-20,2019-05-20 09:46:02,0.68,0.9066,344,0.66,0.88,1477,0.66,0.88,2,0.67,0.8933,2049,0
SPY190522P280,2019-05-20,2019-05-20 09:46:03,0.68,0.9066,50,0.67,0.8933,703,0.66,0.88,2,0.675,0.9,2049,0
SPY190522P280,2019-05-20,2019-05-20 09:46:04,0.67,0.8933,10,0.66,0.88,953,0.66,0.88,2,0.665,0.8866,2049,0
SPY190522P280,2019-05-20,2019-05-20 09:46:05,0.68,0.9066,155,0.67,0.8933,130,0.66,0.88,2,0.675,0.9,2049,0
SPY190522P280,2019-05-20,2019-05-20 09:46:07,0.68,0.9066,465,0.66,0.88,1025,0.66,0.88,2,0.67,0.8933,2049,0
SPY190522P280,2019-05-20,2019-05-20 09:46:08,0.67,0.8933,170,0.66,0.88,57,0.66,0.88,2,0.665,0.8866,2049,0
SPY190522P280,2019-05-20,2019-05-20 09:46:09,0.67,0.8933,170,0.66,0.88,61,0.66,0.88,2,0.665,0.8866,2049,0
SPY190522P280,2019-05-20,2019-05-20 09:46:10,0.66,0.88,68,0.65,0.8666,61,0.66,0.88,2,0.655,0.8733,2049,0
SPY190522P280,2019-05-20,2019-05-20 09:46:12,0.66,0.88,1054,0.64,0.8533,466,0.66,0.88,2,0.65,0.8666,2049,0
SPY190522P280,2019-05-20,2019-05-20 09:46:13,0.64,0.8533,16,0.63,0.84,215,0.66,0.88,2,0.635,0.8466,2049,0
SPY190522P280,2019-05-20,2019-05-20 09:46:14,0.64,0.8533,121,0.63,0.84,160,0.66,0.88,2,0.635,0.8466,2049,0
SPY190522P280,2019-05-20,2019-05-20 09:46:15,0.63,0.84,19,0.61,0.8133,765,0.66,0.88,2,0.62,0.8266,2049,0
SPY190522P280,2019-05-20,2019-05-20 09:46:17,0.63,0.84,67,0.61,0.8133,1085,0.66,0.88,2,0.62,0.8266,2049,0
SPY190522P280,2019-05-20,2019-05-20 09:46:18,0.63,0.84,50,0.61,0.8133,516,0.66,0.88,2,0.62,0.8266,2049,0
SPY190522P280,2019-05-20,2019-05-20 09:46:19,0.64,0.8533,970,0.61,0.8133,577,0.66,0.88,2,0.625,0.8333,2049,0
SPY190522P280,2019-05-20,2019-05-20 09:46:20,0.64,0.8533,113,0.62,0.8266,516,0.66,0.88,2,0.63,0.84,2049,0
SPY190522P280,2019-05-20,2019-05-20 09:46:21,0.63,0.84,18,0.63,0.84,400,0.63,0.84,10,0.63,0.84,2059,10
SPY190522P280,2019-05-20,2019-05-20 09:46:23,0.63,0.84,66,0.62,0.8266,630,0.63,0.84,10,0.625,0.8333,2059,0
SPY190522P280,2019-05-20,2019-05-20 09:46:24,0.63,0.84,66,0.62,0.8266,393,0.63,0.84,10,0.625,0.8333,2059,0
SPY190522P280,2019-05-20,2019-05-20 09:46:25,0.63,0.84,157,0.62,0.8266,100,0.63,0.84,10,0.625,0.8333,2059,0
SPY190522P280,2019-05-20,2019-05-20 09:46:26,0.63,0.84,54,0.62,0.8266,100,0.63,0.84,10,0.625,0.8333,2059,0
SPY190522P280,2019-05-20,2019-05-20 09:46:27,0.63,0.84,155,0.62,0.8266,100,0.63,0.84,10,0.625,0.8333,2059,0
SPY190522P280,2019-05-20,2019-05-20 09:46:29,0.63,0.84,765,0.61,0.8133,386,0.63,0.84,10,0.62,0.8266,2059,0
SPY190522P280,2019-05-20,2019-05-20 09:46:30,0.62,0.8266,63,0.61,0.8133,742,0.63,0.84,10,0.615,0.82,2059,0
SPY190522P280,2019-05-20,2019-05-20 09:46:31,0.63,0.84,215,0.61,0.8133,804,0.63,0.84,10,0.62,0.8266,2059,0
SPY190522P280,2019-05-20,2019-05-20 09:46:32,0.63,0.84,915,0.61,0.8133,624,0.63,0.84,10,0.62,0.8266,2059,0
SPY190522P280,2019-05-20,2019-05-20 09:46:33,0.63,0.84,380,0.61,0.8133,234,0.63,0.84,10,0.62,0.8266,2059,0
SPY190522P280,2019-05-20,2019-05-20 09:46:34,0.62,0.8266,179,0.61,0.8133,50,0.62,0.8266,1,0.615,0.82,2064,5
SPY190522P280,2019-05-20,2019-05-20 09:46:36,0.63,0.84,13,0.61,0.8133,400,0.62,0.8266,1,0.62,0.8266,2064,0
SPY190522P280,2019-05-20,2019-05-20 09:46:37,0.61,0.8133,19,0.6,0.8,714,0.62,0.8266,1,0.605,0.8066,2064,0
SPY190522P280,2019-05-20,2019-05-20 09:46:38,0.61,0.8133,50,0.6,0.8,654,0.62,0.8266,1,0.605,0.8066,2064,0
SPY190522P280,2019-05-20,2019-05-20 09:46:40,0.62,0.8266,1070,0.6,0.8,474,0.62,0.8266,1,0.61,0.8133,2064,0
SPY190522P280,2019-05-20,2019-05-20 09:46:41,0.62,0.8266,423,0.6,0.8,582,0.62,0.8266,1,0.61,0.8133,2064,0
SPY190522P280,2019-05-20,2019-05-20 09:46:42,0.62,0.8266,1070,0.6,0.8,574,0.62,0.8266,1,0.61,0.8133,2064,0
SPY190522P280,2019-05-20,2019-05-20 09:46:44,0.61,0.8133,163,0.6,0.8,51,0.62,0.8266,1,0.605,0.8066,2064,0
SPY190522P280,2019-05-20,2019-05-20 09:46:45,0.61,0.8133,260,0.6,0.8,1,0.62,0.8266,1,0.605,0.8066,2064,0
SPY190522P280,2019-05-20,2019-05-20 09:46:47,0.61,0.8133,631,0.6,0.8,1,0.61,0.8133,1,0.605,0.8066,2065,1
SPY190522P280,2019-05-20,2019-05-20 09:46:48,0.61,0.8133,667,0.6,0.8,1,0.61,0.8133,1,0.605,0.8066,2065,0
SPY190522P280,2019-05-20,2019-05-20 09:46:49,0.61,0.8133,85,0.6,0.8,71,0.61,0.8133,1,0.605,0.8066,2065,0
SPY190522P280,2019-05-20,2019-05-20 09:46:50,0.61,0.8133,407,0.6,0.8,6,0.61,0.8133,1,0.605,0.8066,2065,0
SPY190522P280,2019-05-20,2019-05-20 09:46:51,0.61,0.8133,970,0.6,0.8,1,0.61,0.8133,1,0.605,0.8066,2065,0
SPY190522P280,2019-05-20,2019-05-20 09:46:52,0.61,0.8133,626,0.6,0.8,1,0.61,0.8133,1,0.605,0.8066,2065,0
SPY190522P280,2019-05-20,2019-05-20 09:46:54,0.61,0.8133,35,0.6,0.8,611,0.61,0.8133,1,0.605,0.8066,2065,0
SPY190522P280,2019-05-20,2019-05-20 09:46:55,0.61,0.8133,1,0.6,0.8,550,0.6,0.8,29,0.605,0.8066,2100,35
SPY190522P280,2019-05-20,2019-05-20 09:46:56,0.62,0.8266,970,0.6,0.8,550,0.6,0.8,29,0.61,0.8133,2100,0
SPY190522P280,2019-05-20,2019-05-20 09:46:57,0.62,0.8266,970,0.6,0.8,619,0.6,0.8,29,0.61,0.8133,2100,0
SPY190522P280,2019-05-20,2019-05-20 09:46:58,0.62,0.8266,920,0.6,0.8,619,0.6,0.8,29,0.61,0.8133,2100,0
SPY190522P280,2019-05-20,2019-05-20 09:46:59,0.62,0.8266,870,0.6,0.8,677,0.6,0.8,29,0.61,0.8133,2100,0
SPY190522P280,2019-05-20,2019-05-20 09:47:00,0.62,0.8266,230,0.6,0.8,459,0.6,0.8,29,0.61,0.8133,2100,0
SPY190522P280,2019-05-20,2019-05-20 09:47:01,0.63,0.84,239,0.61,0.8133,759,0.62,0.8266,3,0.62,0.8266,2150,50
SPY190522P280,2019-05-20,2019-05-20 09:47:03,0.61,0.8133,36,0.6,0.8,596,0.62,0.8266,3,0.605,0.8066,2150,0
SPY190522P280,2019-05-20,2019-05-20 09:47:04,0.61,0.8133,1311,0.6,0.8,1,0.62,0.8266,3,0.605,0.8066,2150,0
SPY190522P280,2019-05-20,2019-05-20 09:47:05,0.61,0.8133,1011,0.6,0.8,1,0.62,0.8266,3,0.605,0.8066,2150,0
SPY190522P280,2019-05-20,2019-05-20 09:47:06,0.61,0.8133,1311,0.6,0.8,1,0.62,0.8266,3,0.605,0.8066,2150,0
SPY190522P280,2019-05-20,2019-05-20 09:47:07,0.61,0.8133,1037,0.6,0.8,1,0.62,0.8266,3,0.605,0.8066,2150,0
SPY190522P280,2019-05-20,2019-05-20 09:47:08,0.61,0.8133,1020,0.6,0.8,22,0.62,0.8266,3,0.605,0.8066,2150,0
SPY190522P280,2019-05-20,2019-05-20 09:47:10,0.61,0.8133,720,0.6,0.8,1,0.62,0.8266,3,0.605,0.8066,2150,0
SPY190522P280,2019-05-20,2019-05-20 09:47:11,0.61,0.8133,265,0.6,0.8,472,0.62,0.8266,3,0.605,0.8066,2150,0
SPY190522P280,2019-05-20,2019-05-20 09:47:12,0.62,0.8266,30,0.61,0.8133,461,0.62,0.8266,3,0.615,0.82,2150,0
SPY190522P280,2019-05-20,2019-05-20 09:47:13,0.62,0.8266,293,0.61,0.8133,61,0.62,0.8266,5,0.615,0.82,2155,5
SPY190522P280,2019-05-20,2019-05-20 09:47:14,0.62,0.8266,627,0.61,0.8133,1,0.61,0.8133,1,0.615,0.82,2156,1
SPY190522P280,2019-05-20,2019-05-20 09:47:15,0.62,0.8266,1113,0.6,0.8,700,0.61,0.8133,1,0.61,0.8133,2156,0
SPY190522P280,2019-05-20,2019-05-20 09:47:17,0.62,0.8266,561,0.6,0.8,523,0.61,0.8133,1,0.61,0.8133,2156,0
SPY190522P280,2019-05-20,2019-05-20 09:47:18,0.62,0.8266,68,0.61,0.8133,50,0.61,0.8133,1,0.615,0.82,2156,0
SPY190522P280,2019-05-20,2019-05-20 09:47:19,0.62,0.8266,170,0.61,0.8133,61,0.61,0.8133,1,0.615,0.82,2156,0
SPY190522P280,2019-05-20,2019-05-20 09:47:20,0.63,0.84,7,0.61,0.8133,60,0.61,0.8133,1,0.62,0.8266,2156,0
SPY190522P280,2019-05-20,2019-05-20 09:47:21,0.63,0.84,13,0.61,0.8133,303,0.61,0.8133,1,0.62,0.8266,2156,0
SPY190522P280,2019-05-20,2019-05-20 09:47:22,0.63,0.84,325,0.61,0.8133,703,0.61,0.8133,1,0.62,0.8266,2156,0
SPY190522P280,2019-05-20,2019-05-20 09:47:23,0.63,0.84,765,0.61,0.8133,340,0.61,0.8133,1,0.62,0.8266,2156,0
SPY190522P280,2019-05-20,2019-05-20 09:47:24,0.62,0.8266,142,0.61,0.8133,461,0.61,0.8133,1,0.615,0.82,2156,0
SPY190522P280,2019-05-20,2019-05-20 09:47:25,0.62,0.8266,185,0.61,0.8133,60,0.61,0.8133,1,0.615,0.82,2156,0
SPY190522P280,2019-05-20,2019-05-20 09:47:26,0.62,0.8266,271,0.61,0.8133,60,0.61,0.8133,1,0.615,0.82,2156,0
SPY190522P280,2019-05-20,2019-05-20 09:47:27,0.63,0.84,915,0.61,0.8133,658,0.61,0.8133,1,0.62,0.8266,2156,0
SPY190522P280,2019-05-20,2019-05-20 09:47:28,0.63,0.84,765,0.61,0.8133,700,0.61,0.8133,1,0.62,0.8266,2156,0
SPY190522P280,2019-05-20,2019-05-20 09:47:29,0.63,0.84,765,0.62,0.8266,113,0.61,0.8133,1,0.625,0.8333,2156,0
SPY190522P280,2019-05-20,2019-05-20 09:47:30,0.63,0.84,670,0.61,0.8133,662,0.61,0.8133,1,0.62,0.8266,2156,0
SPY190522P280,2019-05-20,2019-05-20 09:47:31,0.63,0.84,885,0.62,0.8266,50,0.61,0.8133,1,0.625,0.8333,2156,0
SPY190522P280,2019-05-20,2019-05-20 09:47:32,0.63,0.84,181,0.62,0.8266,62,0.61,0.8133,1,0.625,0.8333,2156,0
SPY190522P280,2019-05-20,2019-05-20 09:47:33,0.63,0.84,1,0.62,0.8266,650,0.61,0.8133,1,0.625,0.8333,2156,0
SPY190522P280,2019-05-20,2019-05-20 09:47:34,0.63,0.84,1,0.62,0.8266,982,0.61,0.8133,1,0.625,0.8333,2156,0
SPY190522P280,2019-05-20,2019-05-20 09:47:36,0.63,0.84,1,0.62,0.8266,641,0.61,0.8133,1,0.625,0.8333,2156,0
SPY190522P280,2019-05-20,2019-05-20 09:47:38,0.63,0.84,1,0.62,0.8266,1063,0.61,0.8133,1,0.625,0.8333,2156,0
SPY190522P280,2019-05-20,2019-05-20 09:47:39,0.63,0.84,1,0.62,0.8266,1063,0.61,0.8133,1,0.625,0.8333,2156,0
SPY190522P280,2019-05-20,2019-05-20 09:47:40,0.63,0.84,1,0.62,0.8266,411,0.61,0.8133,1,0.625,0.8333,2156,0
SPY190522P280,2019-05-20,2019-05-20 09:47:42,0.63,0.84,1,0.62,0.8266,1265,0.61,0.8133,1,0.625,0.8333,2156,0
SPY190522P280,2019-05-20,2019-05-20 09:47:43,0.65,0.8666,842,0.63,0.84,662,0.63,0.84,1,0.64,0.8533,2157,1
SPY190522P280,2019-05-20,2019-05-20 09:47:44,0.65,0.8666,842,0.63,0.84,641,0.63,0.84,1,0.64,0.8533,2157,0
SPY190522P280,2019-05-20,2019-05-20 09:47:45,0.65,0.8666,1294,0.63,0.84,210,0.63,0.84,1,0.64,0.8533,2157,0
SPY190522P280,2019-05-20,2019-05-20 09:47:47,0.64,0.8533,271,0.62,0.8266,679,0.63,0.84,1,0.63,0.84,2157,0
SPY190522P280,2019-05-20,2019-05-20 09:47:48,0.64,0.8533,655,0.62,0.8266,679,0.63,0.84,1,0.63,0.84,2157,0
SPY190522P280,2019-05-20,2019-05-20 09:47:49,0.64,0.8533,655,0.62,0.8266,679,0.63,0.84,1,0.63,0.84,2157,0
SPY190522P280,2019-05-20,2019-05-20 09:47:50,0.63,0.84,170,0.61,0.8133,1235,0.63,0.84,1,0.62,0.8266,2157,0
SPY190522P280,2019-05-20,2019-05-20 09:47:51,0.64,0.8533,240,0.62,0.8266,690,0.63,0.84,1,0.63,0.84,2157,0
SPY190522P280,2019-05-20,2019-05-20 09:47:52,0.64,0.8533,150,0.62,0.8266,952,0.63,0.84,1,0.63,0.84,2157,0
SPY190522P280,2019-05-20,2019-05-20 09:47:53,0.64,0.8533,150,0.62,0.8266,1102,0.63,0.84,1,0.63,0.84,2157,0
SPY190522P280,2019-05-20,2019-05-20 09:47:55,0.65,0.8666,800,0.61,0.8133,391,0.63,0.84,1,0.63,0.84,2157,0
SPY190522P280,2019-05-20,2019-05-20 09:47:56,0.65,0.8666,849,0.63,0.84,450,0.63,0.84,1,0.64,0.8533,2157,0
SPY190522P280,2019-05-20,2019-05-20 09:47:57,0.66,0.88,350,0.64,0.8533,120,0.63,0.84,1,0.65,0.8666,2157,0
SPY190522P280,2019-05-20,2019-05-20 09:47:58,0.66,0.88,754,0.64,0.8533,631,0.63,0.84,1,0.65,0.8666,2157,0
SPY190522P280,2019-05-20,2019-05-20 09:47:59,0.66,0.88,140,0.65,0.8666,75,0.63,0.84,1,0.655,0.8733,2157,0
SPY190522P280,2019-05-20,2019-05-20 09:48:00,0.66,0.88,90,0.65,0.8666,75,0.63,0.84,1,0.655,0.8733,2157,0
SPY190522P280,2019-05-20,2019-05-20 09:48:01,0.67,0.8933,413,0.65,0.8666,594,0.63,0.84,1,0.66,0.88,2157,0
SPY190522P280,2019-05-20,2019-05-20 09:48:02,0.67,0.8933,709,0.65,0.8666,595,0.65,0.8666,1,0.66,0.88,2158,1
SPY190522P280,2019-05-20,2019-05-20 09:48:04,0.67,0.8933,464,0.65,0.8666,754,0.65,0.8666,1,0.66,0.88,2158,0
SPY190522P280,2019-05-20,2019-05-20 09:48:05,0.68,0.9066,686,0.66,0.88,177,0.65,0.8666,1,0.67,0.8933,2158,0
SPY190522P280,2019-05-20,2019-05-20 09:48:06,0.68,0.9066,1005,0.66,0.88,177,0.65,0.8666,1,0.67,0.8933,2158,0
SPY190522P280,2019-05-20,2019-05-20 09:48:07,0.69,0.92,171,0.67,0.8933,690,0.65,0.8666,1,0.68,0.9066,2158,0
SPY190522P280,2019-05-20,2019-05-20 09:48:09,0.69,0.92,90,0.68,0.9066,400,0.65,0.8666,1,0.685,0.9133,2158,0
SPY190522P280,2019-05-20,2019-05-20 09:48:10,0.69,0.92,686,0.67,0.8933,1004,0.65,0.8666,1,0.68,0.9066,2158,0
SPY190522P280,2019-05-20,2019-05-20 09:48:11,0.69,0.92,284,0.67,0.8933,389,0.65,0.8666,1,0.68,0.9066,2158,0
SPY190522P280,2019-05-20,2019-05-20 09:48:12,0.69,0.92,97,0.67,0.8933,451,0.65,0.8666,1,0.68,0.9066,2158,0
SPY190522P280,2019-05-20,2019-05-20 09:48:13,0.69,0.92,135,0.67,0.8933,3,0.65,0.8666,1,0.68,0.9066,2158,0
SPY190522P280,2019-05-20,2019-05-20 09:48:14,0.69,0.92,171,0.67,0.8933,1016,0.65,0.8666,1,0.68,0.9066,2158,0
SPY190522P280,2019-05-20,2019-05-20 09:48:15,0.69,0.92,265,0.68,0.9066,10,0.65,0.8666,1,0.685,0.9133,2158,0
SPY190522P280,2019-05-20,2019-05-20 09:48:17,0.69,0.92,235,0.68,0.9066,7,0.68,0.9066,1,0.685,0.9133,2161,3
SPY190522P280,2019-05-20,2019-05-20 09:48:18,0.69,0.92,192,0.68,0.9066,7,0.68,0.9066,1,0.685,0.9133,2161,0
SPY190522P280,2019-05-20,2019-05-20 09:48:19,0.71,0.9466,80,0.69,0.92,461,0.69,0.92,1,0.7,0.9333,2163,2
SPY190522P280,2019-05-20,2019-05-20 09:48:20,0.71,0.9466,80,0.69,0.92,2597,0.69,0.92,1,0.7,0.9333,2163,0
SPY190522P280,2019-05-20,2019-05-20 09:48:21,0.71,0.9466,140,0.69,0.92,1098,0.69,0.92,1,0.7,0.9333,2163,0
SPY190522P280,2019-05-20,2019-05-20 09:48:23,0.71,0.9466,61,0.69,0.92,2301,0.69,0.92,1,0.7,0.9333,2163,0
SPY190522P280,2019-05-20,2019-05-20 09:48:24,0.71,0.9466,130,0.69,0.92,1564,0.69,0.92,1,0.7,0.9333,2163,0
SPY190522P280,2019-05-20,2019-05-20 09:48:25,0.71,0.9466,72,0.7,0.9333,219,0.69,0.92,1,0.705,0.94,2163,0
SPY190522P280,2019-05-20,2019-05-20 09:48:26,0.71,0.9466,72,0.7,0.9333,219,0.69,0.92,1,0.705,0.94,2163,0
SPY190522P280,2019-05-20,2019-05-20 09:48:28,0.71,0.9466,6,0.7,0.9333,95,0.69,0.92,1,0.705,0.94,2163,0
SPY190522P280,2019-05-20,2019-05-20 09:48:29,0.72,0.96,1457,0.7,0.9333,103,0.69,0.92,1,0.71,0.9466,2163,0
SPY190522P280,2019-05-20,2019-05-20 09:48:30,0.72,0.96,1131,0.7,0.9333,570,0.69,0.92,1,0.71,0.9466,2163,0
SPY190522P280,2019-05-20,2019-05-20 09:48:31,0.71,0.9466,1,0.7,0.9333,1118,0.71,0.9466,1,0.705,0.94,2174,11
SPY190522P280,2019-05-20,2019-05-20 09:48:32,0.72,0.96,545,0.7,0.9333,103,0.72,0.96,10,0.71,0.9466,2223,49
SPY190522P280,2019-05-20,2019-05-20 09:48:33,0.72,0.96,170,0.7,0.9333,1271,0.72,0.96,7,0.71,0.9466,2230,7
SPY190522P280,2019-05-20,2019-05-20 09:48:34,0.72,0.96,409,0.7,0.9333,570,0.72,0.96,7,0.71,0.9466,2230,0
SPY190522P280,2019-05-20,2019-05-20 09:48:35,0.72,0.96,355,0.7,0.9333,539,0.72,0.96,7,0.71,0.9466,2230,0
SPY190522P280,2019-05-20,2019-05-20 09:48:37,0.72,0.96,203,0.7,0.9333,986,0.72,0.96,7,0.71,0.9466,2230,0
SPY190522P280,2019-05-20,2019-05-20 09:48:38,0.72,0.96,164,0.7,0.9333,986,0.71,0.9466,2,0.71,0.9466,2232,2
SPY190522P280,2019-05-20,2019-05-20 09:48:39,0.72,0.96,1766,0.7,0.9333,80,0.71,0.9466,2,0.71,0.9466,2232,0
SPY190522P280,2019-05-20,2019-05-20 09:48:41,0.72,0.96,1427,0.7,0.9333,80,0.71,0.9466,2,0.71,0.9466,2232,0
SPY190522P280,2019-05-20,2019-05-20 09:48:42,0.73,0.9733,550,0.71,0.9466,451,0.71,0.9466,2,0.72,0.96,2232,0
SPY190522P280,2019-05-20,2019-05-20 09:48:43,0.73,0.9733,195,0.71,0.9466,541,0.71,0.9466,2,0.72,0.96,2232,0
SPY190522P280,2019-05-20,2019-05-20 09:48:45,0.73,0.9733,109,0.71,0.9466,148,0.71,0.9466,2,0.72,0.96,2232,0
SPY190522P280,2019-05-20,2019-05-20 09:48:46,0.71,0.9466,255,0.69,0.92,522,0.71,0.9466,2,0.7,0.9333,2232,0
SPY190522P280,2019-05-20,2019-05-20 09:48:47,0.71,0.9466,191,0.69,0.92,235,0.71,0.9466,2,0.7,0.9333,2232,0
SPY190522P280,2019-05-20,2019-05-20 09:48:48,0.72,0.96,386,0.7,0.9333,1002,0.72,0.96,2,0.71,0.9466,2434,202
SPY190522P280,2019-05-20,2019-05-20 09:48:50,0.72,0.96,140,0.71,0.9466,21,0.72,0.96,1,0.715,0.9533,2435,1
SPY190522P280,2019-05-20,2019-05-20 09:48:51,0.72,0.96,140,0.71,0.9466,80,0.72,0.96,1,0.715,0.9533,2435,0
SPY190522P280,2019-05-20,2019-05-20 09:48:52,0.72,0.96,409,0.71,0.9466,21,0.72,0.96,1,0.715,0.9533,2435,0
SPY190522P280,2019-05-20,2019-05-20 09:48:53,0.72,0.96,494,0.7,0.9333,1237,0.72,0.96,1,0.71,0.9466,2435,0
SPY190522P280,2019-05-20,2019-05-20 09:48:54,0.72,0.96,1186,0.7,0.9333,140,0.72,0.96,1,0.71,0.9466,2435,0
SPY190522P280,2019-05-20,2019-05-20 09:48:55,0.72,0.96,1092,0.7,0.9333,140,0.72,0.96,1,0.71,0.9466,2435,0
SPY190522P280,2019-05-20,2019-05-20 09:48:56,0.71,0.9466,135,0.69,0.92,289,0.72,0.96,1,0.7,0.9333,2435,0
SPY190522P280,2019-05-20,2019-05-20 09:48:57,0.7,0.9333,140,0.69,0.92,50,0.72,0.96,1,0.695,0.9266,2435,0
SPY190522P280,2019-05-20,2019-05-20 09:48:58,0.7,0.9333,1272,0.68,0.9066,316,0.72,0.96,1,0.69,0.92,2435,0
SPY190522P280,2019-05-20,2019-05-20 09:49:00,0.69,0.92,1051,0.67,0.8933,590,0.69,0.92,6,0.68,0.9066,2456,21
SPY190522P280,2019-05-20,2019-05-20 09:49:00,0.69,0.92,804,0.67,0.8933,206,0.72,0.96,1,0.68,0.9066,2435,0
SPY190522P280,2019-05-20,2019-05-20 09:49:02,0.7,0.9333,246,0.68,0.9066,400,0.69,0.92,6,0.69,0.92,2456,0
SPY190522P280,2019-05-20,2019-05-20 09:49:03,0.7,0.9333,1032,0.68,0.9066,653,0.69,0.92,6,0.69,0.92,2456,0
SPY190522P280,2019-05-20,2019-05-20 09:49:04,0.7,0.9333,50,0.68,0.9066,1661,0.69,0.92,6,0.69,0.92,2456,0
SPY190522P280,2019-05-20,2019-05-20 09:49:05,0.71,0.9466,1285,0.69,0.92,675,0.69,0.92,6,0.7,0.9333,2456,0
SPY190522P280,2019-05-20,2019-05-20 09:49:06,0.71,0.9466,6,0.7,0.9333,540,0.69,0.92,6,0.705,0.94,2456,0
SPY190522P280,2019-05-20,2019-05-20 09:49:07,0.73,0.9733,270,0.7,0.9333,631,0.69,0.92,6,0.715,0.9533,2456,0
SPY190522P280,2019-05-20,2019-05-20 09:49:08,0.72,0.96,50,0.71,0.9466,230,0.69,0.92,6,0.715,0.9533,2456,0
SPY190522P280,2019-05-20,2019-05-20 09:49:09,0.72,0.96,118,0.7,0.9333,1502,0.69,0.92,6,0.71,0.9466,2456,0
SPY190522P280,2019-05-20,2019-05-20 09:49:10,0.73,0.9733,6,0.71,0.9466,355,0.69,0.92,6,0.72,0.96,2456,0
SPY190522P280,2019-05-20,2019-05-20 09:49:11,0.73,0.9733,1321,0.71,0.9466,966,0.69,0.92,6,0.72,0.96,2456,0
SPY190522P280,2019-05-20,2019-05-20 09:49:12,0.73,0.9733,1854,0.71,0.9466,191,0.69,0.92,6,0.72,0.96,2456,0
SPY190522P280,2019-05-20,2019-05-20 09:49:13,0.73,0.9733,50,0.72,0.96,140,0.69,0.92,6,0.725,0.9666,2456,0
SPY190522P280,2019-05-20,2019-05-20 09:49:14,0.73,0.9733,80,0.71,0.9466,632,0.69,0.92,6,0.72,0.96,2456,0
SPY190522P280,2019-05-20,2019-05-20 09:49:15,0.73,0.9733,6,0.72,0.96,90,0.69,0.92,6,0.725,0.9666,2456,0
SPY190522P280,2019-05-20,2019-05-20 09:49:16,0.74,0.9866,354,0.71,0.9466,160,0.69,0.92,6,0.725,0.9666,2456,0
SPY190522P280,2019-05-20,2019-05-20 09:49:17,0.73,0.9733,154,0.71,0.9466,1062,0.69,0.92,6,0.72,0.96,2456,0
SPY190522P280,2019-05-20,2019-05-20 09:49:18,0.73,0.9733,141,0.71,0.9466,1413,0.69,0.92,6,0.72,0.96,2456,0
SPY190522P280,2019-05-20,2019-05-20 09:49:19,0.73,0.9733,80,0.71,0.9466,1413,0.69,0.92,6,0.72,0.96,2456,0
SPY190522P280,2019-05-20,2019-05-20 09:49:20,0.74,0.9866,264,0.72,0.96,960,0.69,0.92,6,0.73,0.9733,2456,0
SPY190522P280,2019-05-20,2019-05-20 09:49:21,0.74,0.9866,465,0.72,0.96,314,0.69,0.92,6,0.73,0.9733,2456,0
SPY190522P280,2019-05-20,2019-05-20 09:49:22,0.73,0.9733,170,0.71,0.9466,1202,0.69,0.92,6,0.72,0.96,2456,0
SPY190522P280,2019-05-20,2019-05-20 09:49:23,0.72,0.96,42,0.71,0.9466,140,0.69,0.92,6,0.715,0.9533,2456,0
SPY190522P280,2019-05-20,2019-05-20 09:49:24,0.72,0.96,155,0.71,0.9466,50,0.69,0.92,6,0.715,0.9533,2456,0
SPY190522P280,2019-05-20,2019-05-20 09:49:25,0.72,0.96,634,0.7,0.9333,1044,0.69,0.92,6,0.71,0.9466,2456,0
SPY190522P280,2019-05-20,2019-05-20 09:49:26,0.71,0.9466,1065,0.69,0.92,790,0.69,0.92,6,0.7,0.9333,2456,0
SPY190522P280,2019-05-20,2019-05-20 09:49:27,0.71,0.9466,503,0.69,0.92,320,0.69,0.92,6,0.7,0.9333,2456,0
SPY190522P280,2019-05-20,2019-05-20 09:49:28,0.72,0.96,417,0.7,0.9333,828,0.69,0.92,6,0.71,0.9466,2456,0
SPY190522P280,2019-05-20,2019-05-20 09:49:30,0.72,0.96,784,0.69,0.92,725,0.69,0.92,6,0.705,0.94,2456,0
SPY190522P280,2019-05-20,2019-05-20 09:49:31,0.71,0.9466,50,0.7,0.9333,236,0.69,0.92,6,0.705,0.94,2456,0
SPY190522P280,2019-05-20,2019-05-20 09:49:32,0.72,0.96,181,0.7,0.9333,1052,0.69,0.92,6,0.71,0.9466,2456,0
SPY190522P280,2019-05-20,2019-05-20 09:49:33,0.71,0.9466,1163,0.69,0.92,246,0.69,0.92,6,0.7,0.9333,2456,0
SPY190522P280,2019-05-20,2019-05-20 09:49:34,0.7,0.9333,50,0.68,0.9066,545,0.69,0.92,6,0.69,0.92,2456,0
SPY190522P280,2019-05-20,2019-05-20 09:49:35,0.7,0.9333,50,0.68,0.9066,1194,0.69,0.92,6,0.69,0.92,2456,0
SPY190522P280,2019-05-20,2019-05-20 09:49:36,0.71,0.9466,249,0.69,0.92,933,0.69,0.92,6,0.7,0.9333,2456,0
SPY190522P280,2019-05-20,2019-05-20 09:49:37,0.71,0.9466,463,0.69,0.92,291,0.69,0.92,6,0.7,0.9333,2456,0
SPY190522P280,2019-05-20,2019-05-20 09:49:38,0.71,0.9466,1271,0.69,0.92,140,0.69,0.92,6,0.7,0.9333,2456,0
SPY190522P280,2019-05-20,2019-05-20 09:49:39,0.71,0.9466,1271,0.69,0.92,140,0.69,0.92,6,0.7,0.9333,2456,0
SPY190522P280,2019-05-20,2019-05-20 09:49:40,0.71,0.9466,50,0.7,0.9333,662,0.69,0.92,6,0.705,0.94,2456,0
SPY190522P280,2019-05-20,2019-05-20 09:49:41,0.71,0.9466,424,0.69,0.92,648,0.69,0.92,6,0.7,0.9333,2456,0
SPY190522P280,2019-05-20,2019-05-20 09:49:42,0.71,0.9466,50,0.69,0.92,1965,0.69,0.92,6,0.7,0.9333,2456,0
SPY190522P280,2019-05-20,2019-05-20 09:49:43,0.71,0.9466,141,0.69,0.92,1204,0.69,0.92,6,0.7,0.9333,2456,0
SPY190522P280,2019-05-20,2019-05-20 09:49:44,0.71,0.9466,153,0.69,0.92,1130,0.69,0.92,6,0.7,0.9333,2456,0
SPY190522P280,2019-05-20,2019-05-20 09:49:45,0.71,0.9466,314,0.69,0.92,1095,0.69,0.92,6,0.7,0.9333,2456,0
SPY190522P280,2019-05-20,2019-05-20 09:49:46,0.71,0.9466,204,0.69,0.92,862,0.69,0.92,6,0.7,0.9333,2456,0
SPY190522P280,2019-05-20,2019-05-20 09:49:47,0.72,0.96,50,0.7,0.9333,837,0.69,0.92,6,0.71,0.9466,2456,0
SPY190522P280,2019-05-20,2019-05-20 09:49:48,0.72,0.96,620,0.69,0.92,40,0.69,0.92,6,0.705,0.94,2456,0
SPY190522P280,2019-05-20,2019-05-20 09:49:49,0.72,0.96,105,0.7,0.9333,450,0.69,0.92,6,0.71,0.9466,2456,0
SPY190522P280,2019-05-20,2019-05-20 09:49:51,0.72,0.96,161,0.7,0.9333,1409,0.69,0.92,6,0.71,0.9466,2456,0
SPY190522P280,2019-05-20,2019-05-20 09:49:52,0.73,0.9733,246,0.7,0.9333,1110,0.72,0.96,4,0.715,0.9533,2460,4
SPY190522P280,2019-05-20,2019-05-20 09:49:53,0.74,0.9866,600,0.71,0.9466,451,0.72,0.96,4,0.725,0.9666,2460,0
SPY190522P280,2019-05-20,2019-05-20 09:49:54,0.75,1.0,187,0.72,0.96,1002,0.72,0.96,4,0.735,0.98,2460,0
SPY190522P280,2019-05-20,2019-05-20 09:49:55,0.74,0.9866,27,0.73,0.9733,50,0.72,0.96,4,0.735,0.98,2460,0
SPY190522P280,2019-05-20,2019-05-20 09:49:56,0.75,1.0,962,0.73,0.9733,140,0.72,0.96,4,0.74,0.9866,2460,0
SPY190522P280,2019-05-20,2019-05-20 09:49:58,0.74,0.9866,50,0.72,0.96,1557,0.72,0.96,4,0.73,0.9733,2460,0
SPY190522P280,2019-05-20,2019-05-20 09:49:58,0.74,0.9866,230,0.72,0.96,1344,0.72,0.96,4,0.73,0.9733,2460,0
