symbol,Date,quote_time,ask_price,norm_ask_price,ask_size,bid_price,norm_bid_price,bid_size,last_trade_price,norm_last_trade_price,last_trade_size,mark_price,norm_mark_price,volume,Volume
SPY190715P301,2019-07-12,2019-07-12 09:32:34,1.45,1.0,1,1.42,0.9793,108,1.41,0.9724,1,1.435,0.9896,45,45
SPY190715P301,2019-07-12,2019-07-12 09:32:35,1.45,1.0,7,1.42,0.9793,108,1.41,0.9724,1,1.435,0.9896,45,0
SPY190715P301,2019-07-12,2019-07-12 09:32:36,1.45,1.0,6,1.42,0.9793,108,1.41,0.9724,1,1.435,0.9896,45,0
SPY190715P301,2019-07-12,2019-07-12 09:32:36,1.45,1.0,7,1.42,0.9793,108,1.41,0.9724,1,1.435,0.9896,45,0
SPY190715P301,2019-07-12,2019-07-12 09:32:37,1.45,1.0,6,1.42,0.9793,79,1.41,0.9724,1,1.435,0.9896,45,0
SPY190715P301,2019-07-12,2019-07-12 09:32:37,1.45,1.0,10,1.42,0.9793,100,1.41,0.9724,1,1.435,0.9896,45,0
SPY190715P301,2019-07-12,2019-07-12 09:32:38,1.45,1.0,10,1.42,0.9793,110,1.41,0.9724,1,1.435,0.9896,45,0
SPY190715P301,2019-07-12,2019-07-12 09:32:39,1.45,1.0,6,1.42,0.9793,110,1.41,0.9724,1,1.435,0.9896,45,0
SPY190715P301,2019-07-12,2019-07-12 09:32:40,1.45,1.0,7,1.42,0.9793,110,1.41,0.9724,1,1.435,0.9896,45,0
SPY190715P301,2019-07-12,2019-07-12 09:32:40,1.47,1.0137,20,1.43,0.9862,110,1.41,0.9724,1,1.45,1.0,45,0
SPY190715P301,2019-07-12,2019-07-12 09:32:41,1.47,1.0137,20,1.43,0.9862,110,1.41,0.9724,1,1.45,1.0,45,0
SPY190715P301,2019-07-12,2019-07-12 09:32:41,1.47,1.0137,10,1.43,0.9862,110,1.41,0.9724,1,1.45,1.0,45,0
SPY190715P301,2019-07-12,2019-07-12 09:32:42,1.47,1.0137,10,1.44,0.9931,15,1.41,0.9724,1,1.455,1.0034,45,0
SPY190715P301,2019-07-12,2019-07-12 09:32:43,1.47,1.0137,10,1.44,0.9931,100,1.41,0.9724,1,1.455,1.0034,45,0
SPY190715P301,2019-07-12,2019-07-12 09:32:44,1.47,1.0137,10,1.44,0.9931,100,1.41,0.9724,1,1.455,1.0034,45,0
SPY190715P301,2019-07-12,2019-07-12 09:32:44,1.47,1.0137,10,1.44,0.9931,110,1.41,0.9724,1,1.455,1.0034,45,0
SPY190715P301,2019-07-12,2019-07-12 09:32:45,1.47,1.0137,10,1.44,0.9931,67,1.41,0.9724,1,1.455,1.0034,45,0
SPY190715P301,2019-07-12,2019-07-12 09:32:46,1.47,1.0137,34,1.43,0.9862,168,1.41,0.9724,1,1.45,1.0,45,0
SPY190715P301,2019-07-12,2019-07-12 09:32:46,1.46,1.0068,16,1.43,0.9862,168,1.41,0.9724,1,1.445,0.9965,45,0
SPY190715P301,2019-07-12,2019-07-12 09:32:47,1.47,1.0137,7,1.43,0.9862,168,1.41,0.9724,1,1.45,1.0,45,0
SPY190715P301,2019-07-12,2019-07-12 09:32:48,1.45,1.0,20,1.42,0.9793,100,1.41,0.9724,1,1.435,0.9896,45,0
SPY190715P301,2019-07-12,2019-07-12 09:32:48,1.47,1.0137,7,1.43,0.9862,110,1.41,0.9724,1,1.45,1.0,45,0
SPY190715P301,2019-07-12,2019-07-12 09:32:49,1.45,1.0,16,1.42,0.9793,104,1.41,0.9724,1,1.435,0.9896,45,0
SPY190715P301,2019-07-12,2019-07-12 09:32:50,1.46,1.0068,7,1.43,0.9862,100,1.41,0.9724,1,1.445,0.9965,45,0
SPY190715P301,2019-07-12,2019-07-12 09:32:50,1.45,1.0,10,1.42,0.9793,104,1.41,0.9724,1,1.435,0.9896,45,0
SPY190715P301,2019-07-12,2019-07-12 09:32:51,1.47,1.0137,10,1.43,0.9862,110,1.41,0.9724,1,1.45,1.0,45,0
SPY190715P301,2019-07-12,2019-07-12 09:32:51,1.48,1.0206,164,1.43,0.9862,179,1.41,0.9724,1,1.455,1.0034,45,0
SPY190715P301,2019-07-12,2019-07-12 09:32:52,1.45,1.0,1,1.42,0.9793,168,1.41,0.9724,1,1.435,0.9896,45,0
SPY190715P301,2019-07-12,2019-07-12 09:32:53,1.45,1.0,1,1.42,0.9793,168,1.41,0.9724,1,1.435,0.9896,45,0
SPY190715P301,2019-07-12,2019-07-12 09:32:54,1.45,1.0,10,1.42,0.9793,178,1.41,0.9724,1,1.435,0.9896,45,0
SPY190715P301,2019-07-12,2019-07-12 09:32:54,1.45,1.0,1,1.42,0.9793,178,1.41,0.9724,1,1.435,0.9896,45,0
SPY190715P301,2019-07-12,2019-07-12 09:32:55,1.45,1.0,10,1.42,0.9793,110,1.41,0.9724,1,1.435,0.9896,45,0
SPY190715P301,2019-07-12,2019-07-12 09:32:56,1.45,1.0,10,1.42,0.9793,110,1.41,0.9724,1,1.435,0.9896,45,0
SPY190715P301,2019-07-12,2019-07-12 09:32:57,1.45,1.0,10,1.42,0.9793,110,1.41,0.9724,1,1.435,0.9896,45,0
SPY190715P301,2019-07-12,2019-07-12 09:32:58,1.44,0.9931,1,1.42,0.9793,6,1.41,0.9724,1,1.43,0.9862,45,0
SPY190715P301,2019-07-12,2019-07-12 09:32:58,1.45,1.0,10,1.42,0.9793,110,1.41,0.9724,1,1.435,0.9896,45,0
SPY190715P301,2019-07-12,2019-07-12 09:32:59,1.45,1.0,7,1.42,0.9793,6,1.41,0.9724,1,1.435,0.9896,45,0
SPY190715P301,2019-07-12,2019-07-12 09:33:00,1.45,1.0,10,1.42,0.9793,6,1.41,0.9724,1,1.435,0.9896,45,0
SPY190715P301,2019-07-12,2019-07-12 09:33:00,1.45,1.0,1,1.41,0.9724,179,1.41,0.9724,1,1.43,0.9862,45,0
SPY190715P301,2019-07-12,2019-07-12 09:33:01,1.46,1.0068,10,1.42,0.9793,7,1.41,0.9724,1,1.44,0.9931,45,0
SPY190715P301,2019-07-12,2019-07-12 09:33:01,1.46,1.0068,1,1.42,0.9793,7,1.41,0.9724,1,1.44,0.9931,45,0
SPY190715P301,2019-07-12,2019-07-12 09:33:02,1.45,1.0,1,1.42,0.9793,102,1.41,0.9724,1,1.435,0.9896,45,0
SPY190715P301,2019-07-12,2019-07-12 09:33:03,1.45,1.0,10,1.42,0.9793,102,1.41,0.9724,1,1.435,0.9896,45,0
SPY190715P301,2019-07-12,2019-07-12 09:33:03,1.44,0.9931,6,1.41,0.9724,174,1.41,0.9724,1,1.425,0.9827,45,0
SPY190715P301,2019-07-12,2019-07-12 09:33:04,1.44,0.9931,10,1.41,0.9724,93,1.41,0.9724,1,1.425,0.9827,45,0
SPY190715P301,2019-07-12,2019-07-12 09:33:04,1.44,0.9931,10,1.41,0.9724,103,1.41,0.9724,1,1.425,0.9827,45,0
SPY190715P301,2019-07-12,2019-07-12 09:33:05,1.44,0.9931,10,1.41,0.9724,93,1.41,0.9724,1,1.425,0.9827,45,0
SPY190715P301,2019-07-12,2019-07-12 09:33:06,1.44,0.9931,10,1.41,0.9724,103,1.41,0.9724,1,1.425,0.9827,45,0
SPY190715P301,2019-07-12,2019-07-12 09:33:07,1.44,0.9931,17,1.41,0.9724,103,1.41,0.9724,1,1.425,0.9827,45,0
SPY190715P301,2019-07-12,2019-07-12 09:33:08,1.44,0.9931,17,1.41,0.9724,103,1.41,0.9724,1,1.425,0.9827,45,0
SPY190715P301,2019-07-12,2019-07-12 09:33:08,1.45,1.0,7,1.41,0.9724,110,1.41,0.9724,1,1.43,0.9862,45,0
SPY190715P301,2019-07-12,2019-07-12 09:33:09,1.45,1.0,16,1.42,0.9793,16,1.41,0.9724,1,1.435,0.9896,45,0
SPY190715P301,2019-07-12,2019-07-12 09:33:10,1.46,1.0068,7,1.42,0.9793,100,1.41,0.9724,1,1.44,0.9931,45,0
SPY190715P301,2019-07-12,2019-07-12 09:33:10,1.45,1.0,8,1.42,0.9793,100,1.41,0.9724,1,1.435,0.9896,45,0
SPY190715P301,2019-07-12,2019-07-12 09:33:11,1.45,1.0,8,1.42,0.9793,110,1.41,0.9724,1,1.435,0.9896,45,0
SPY190715P301,2019-07-12,2019-07-12 09:33:11,1.45,1.0,8,1.42,0.9793,170,1.41,0.9724,1,1.435,0.9896,45,0
SPY190715P301,2019-07-12,2019-07-12 09:33:12,1.45,1.0,10,1.42,0.9793,31,1.41,0.9724,1,1.435,0.9896,45,0
SPY190715P301,2019-07-12,2019-07-12 09:33:12,1.45,1.0,9,1.42,0.9793,110,1.41,0.9724,1,1.435,0.9896,45,0
SPY190715P301,2019-07-12,2019-07-12 09:33:13,1.45,1.0,10,1.42,0.9793,110,1.41,0.9724,1,1.435,0.9896,45,0
SPY190715P301,2019-07-12,2019-07-12 09:33:14,1.45,1.0,20,1.42,0.9793,64,1.41,0.9724,1,1.435,0.9896,45,0
SPY190715P301,2019-07-12,2019-07-12 09:33:14,1.45,1.0,14,1.42,0.9793,110,1.41,0.9724,1,1.435,0.9896,45,0
SPY190715P301,2019-07-12,2019-07-12 09:33:15,1.45,1.0,20,1.42,0.9793,64,1.41,0.9724,1,1.435,0.9896,45,0
SPY190715P301,2019-07-12,2019-07-12 09:33:15,1.44,0.9931,1,1.42,0.9793,64,1.41,0.9724,1,1.43,0.9862,45,0
SPY190715P301,2019-07-12,2019-07-12 09:33:16,1.45,1.0,10,1.42,0.9793,74,1.41,0.9724,1,1.435,0.9896,45,0
SPY190715P301,2019-07-12,2019-07-12 09:33:17,1.45,1.0,10,1.42,0.9793,74,1.41,0.9724,1,1.435,0.9896,45,0
SPY190715P301,2019-07-12,2019-07-12 09:33:18,1.45,1.0,10,1.42,0.9793,74,1.41,0.9724,1,1.435,0.9896,45,0
SPY190715P301,2019-07-12,2019-07-12 09:33:19,1.45,1.0,20,1.42,0.9793,74,1.41,0.9724,1,1.435,0.9896,45,0
SPY190715P301,2019-07-12,2019-07-12 09:33:20,1.45,1.0,7,1.42,0.9793,180,1.41,0.9724,1,1.435,0.9896,45,0
SPY190715P301,2019-07-12,2019-07-12 09:33:20,1.45,1.0,4,1.44,0.9931,4,1.41,0.9724,1,1.445,0.9965,45,0
SPY190715P301,2019-07-12,2019-07-12 09:33:21,1.47,1.0137,11,1.44,0.9931,104,1.41,0.9724,1,1.455,1.0034,45,0
SPY190715P301,2019-07-12,2019-07-12 09:33:21,1.47,1.0137,7,1.43,0.9862,169,1.41,0.9724,1,1.45,1.0,45,0
SPY190715P301,2019-07-12,2019-07-12 09:33:22,1.47,1.0137,11,1.44,0.9931,110,1.41,0.9724,1,1.455,1.0034,45,0
SPY190715P301,2019-07-12,2019-07-12 09:33:23,1.49,1.0275,63,1.45,1.0,168,1.41,0.9724,1,1.47,1.0137,45,0
SPY190715P301,2019-07-12,2019-07-12 09:33:23,1.47,1.0137,11,1.44,0.9931,110,1.41,0.9724,1,1.455,1.0034,45,0
SPY190715P301,2019-07-12,2019-07-12 09:33:24,1.48,1.0206,10,1.45,1.0,100,1.41,0.9724,1,1.465,1.0103,45,0
SPY190715P301,2019-07-12,2019-07-12 09:33:25,1.49,1.0275,1,1.45,1.0,120,1.47,1.0137,50,1.47,1.0137,145,100
SPY190715P301,2019-07-12,2019-07-12 09:33:25,1.49,1.0275,7,1.45,1.0,110,1.41,0.9724,1,1.47,1.0137,45,0
SPY190715P301,2019-07-12,2019-07-12 09:33:26,1.49,1.0275,1,1.46,1.0068,173,1.47,1.0137,50,1.475,1.0172,145,0
SPY190715P301,2019-07-12,2019-07-12 09:33:26,1.49,1.0275,2,1.46,1.0068,110,1.47,1.0137,50,1.475,1.0172,145,0
SPY190715P301,2019-07-12,2019-07-12 09:33:27,1.47,1.0137,6,1.44,0.9931,169,1.47,1.0137,50,1.455,1.0034,145,0
SPY190715P301,2019-07-12,2019-07-12 09:33:27,1.49,1.0275,10,1.46,1.0068,110,1.47,1.0137,50,1.475,1.0172,145,0
SPY190715P301,2019-07-12,2019-07-12 09:33:28,1.47,1.0137,11,1.44,0.9931,169,1.47,1.0137,50,1.455,1.0034,145,0
SPY190715P301,2019-07-12,2019-07-12 09:33:29,1.47,1.0137,7,1.44,0.9931,169,1.47,1.0137,50,1.455,1.0034,145,0
SPY190715P301,2019-07-12,2019-07-12 09:33:29,1.47,1.0137,20,1.44,0.9931,169,1.47,1.0137,50,1.455,1.0034,145,0
SPY190715P301,2019-07-12,2019-07-12 09:33:30,1.47,1.0137,17,1.44,0.9931,169,1.47,1.0137,50,1.455,1.0034,145,0
SPY190715P301,2019-07-12,2019-07-12 09:33:31,1.46,1.0068,7,1.43,0.9862,110,1.47,1.0137,50,1.445,0.9965,145,0
SPY190715P301,2019-07-12,2019-07-12 09:33:31,1.46,1.0068,7,1.44,0.9931,61,1.47,1.0137,50,1.45,1.0,145,0
SPY190715P301,2019-07-12,2019-07-12 09:33:32,1.46,1.0068,11,1.43,0.9862,41,1.47,1.0137,50,1.445,0.9965,145,0
SPY190715P301,2019-07-12,2019-07-12 09:33:33,1.46,1.0068,11,1.43,0.9862,41,1.47,1.0137,50,1.445,0.9965,145,0
SPY190715P301,2019-07-12,2019-07-12 09:33:33,1.45,1.0,1,1.43,0.9862,51,1.47,1.0137,50,1.44,0.9931,145,0
SPY190715P301,2019-07-12,2019-07-12 09:33:34,1.45,1.0,10,1.42,0.9793,94,1.47,1.0137,50,1.435,0.9896,145,0
SPY190715P301,2019-07-12,2019-07-12 09:33:34,1.45,1.0,10,1.42,0.9793,110,1.47,1.0137,50,1.435,0.9896,145,0
SPY190715P301,2019-07-12,2019-07-12 09:33:35,1.46,1.0068,20,1.42,0.9793,110,1.47,1.0137,50,1.44,0.9931,145,0
SPY190715P301,2019-07-12,2019-07-12 09:33:36,1.46,1.0068,10,1.43,0.9862,10,1.47,1.0137,50,1.445,0.9965,145,0
SPY190715P301,2019-07-12,2019-07-12 09:33:37,1.47,1.0137,10,1.43,0.9862,169,1.47,1.0137,50,1.45,1.0,145,0
SPY190715P301,2019-07-12,2019-07-12 09:33:38,1.46,1.0068,10,1.43,0.9862,100,1.47,1.0137,50,1.445,0.9965,145,0
SPY190715P301,2019-07-12,2019-07-12 09:33:38,1.46,1.0068,10,1.43,0.9862,110,1.47,1.0137,50,1.445,0.9965,145,0
SPY190715P301,2019-07-12,2019-07-12 09:33:39,1.46,1.0068,10,1.42,0.9793,100,1.47,1.0137,50,1.44,0.9931,145,0
SPY190715P301,2019-07-12,2019-07-12 09:33:39,1.47,1.0137,6,1.43,0.9862,100,1.47,1.0137,50,1.45,1.0,145,0
SPY190715P301,2019-07-12,2019-07-12 09:33:40,1.47,1.0137,6,1.43,0.9862,110,1.47,1.0137,50,1.45,1.0,145,0
SPY190715P301,2019-07-12,2019-07-12 09:33:40,1.47,1.0137,13,1.43,0.9862,110,1.47,1.0137,50,1.45,1.0,145,0
SPY190715P301,2019-07-12,2019-07-12 09:33:41,1.47,1.0137,10,1.43,0.9862,110,1.47,1.0137,50,1.45,1.0,145,0
SPY190715P301,2019-07-12,2019-07-12 09:33:42,1.47,1.0137,10,1.44,0.9931,110,1.47,1.0137,50,1.455,1.0034,145,0
SPY190715P301,2019-07-12,2019-07-12 09:33:43,1.47,1.0137,10,1.44,0.9931,110,1.47,1.0137,50,1.455,1.0034,145,0
SPY190715P301,2019-07-12,2019-07-12 09:33:44,1.47,1.0137,10,1.44,0.9931,110,1.47,1.0137,50,1.455,1.0034,145,0
SPY190715P301,2019-07-12,2019-07-12 09:33:45,1.47,1.0137,10,1.44,0.9931,73,1.47,1.0137,50,1.455,1.0034,145,0
SPY190715P301,2019-07-12,2019-07-12 09:33:46,1.47,1.0137,10,1.44,0.9931,73,1.47,1.0137,50,1.455,1.0034,145,0
SPY190715P301,2019-07-12,2019-07-12 09:33:47,1.47,1.0137,17,1.44,0.9931,107,1.47,1.0137,50,1.455,1.0034,145,0
SPY190715P301,2019-07-12,2019-07-12 09:33:47,1.47,1.0137,10,1.44,0.9931,49,1.47,1.0137,50,1.455,1.0034,145,0
SPY190715P301,2019-07-12,2019-07-12 09:33:48,1.47,1.0137,17,1.44,0.9931,107,1.47,1.0137,50,1.455,1.0034,145,0
SPY190715P301,2019-07-12,2019-07-12 09:33:49,1.47,1.0137,10,1.44,0.9931,107,1.47,1.0137,50,1.455,1.0034,145,0
SPY190715P301,2019-07-12,2019-07-12 09:33:50,1.47,1.0137,10,1.44,0.9931,107,1.47,1.0137,50,1.455,1.0034,145,0
SPY190715P301,2019-07-12,2019-07-12 09:33:50,1.45,1.0,7,1.42,0.9793,179,1.47,1.0137,50,1.435,0.9896,145,0
SPY190715P301,2019-07-12,2019-07-12 09:33:51,1.45,1.0,1,1.43,0.9862,1,1.47,1.0137,50,1.44,0.9931,145,0
SPY190715P301,2019-07-12,2019-07-12 09:33:52,1.45,1.0,20,1.42,0.9793,5,1.47,1.0137,50,1.435,0.9896,145,0
SPY190715P301,2019-07-12,2019-07-12 09:33:52,1.46,1.0068,1,1.43,0.9862,106,1.47,1.0137,50,1.445,0.9965,145,0
SPY190715P301,2019-07-12,2019-07-12 09:33:53,1.45,1.0,12,1.42,0.9793,110,1.47,1.0137,50,1.435,0.9896,145,0
SPY190715P301,2019-07-12,2019-07-12 09:33:54,1.45,1.0,1,1.42,0.9793,110,1.47,1.0137,50,1.435,0.9896,145,0
SPY190715P301,2019-07-12,2019-07-12 09:33:55,1.45,1.0,1,1.42,0.9793,169,1.47,1.0137,50,1.435,0.9896,145,0
SPY190715P301,2019-07-12,2019-07-12 09:33:55,1.45,1.0,1,1.42,0.9793,100,1.47,1.0137,50,1.435,0.9896,145,0
SPY190715P301,2019-07-12,2019-07-12 09:33:56,1.45,1.0,1,1.42,0.9793,110,1.47,1.0137,50,1.435,0.9896,145,0
SPY190715P301,2019-07-12,2019-07-12 09:33:57,1.45,1.0,1,1.42,0.9793,110,1.47,1.0137,50,1.435,0.9896,145,0
SPY190715P301,2019-07-12,2019-07-12 09:33:58,1.45,1.0,10,1.42,0.9793,60,1.47,1.0137,50,1.435,0.9896,145,0
SPY190715P301,2019-07-12,2019-07-12 09:33:58,1.45,1.0,1,1.42,0.9793,60,1.47,1.0137,50,1.435,0.9896,145,0
SPY190715P301,2019-07-12,2019-07-12 09:33:59,1.45,1.0,10,1.42,0.9793,60,1.47,1.0137,50,1.435,0.9896,145,0
SPY190715P301,2019-07-12,2019-07-12 09:34:00,1.45,1.0,11,1.43,0.9862,164,1.47,1.0137,50,1.44,0.9931,145,0
SPY190715P301,2019-07-12,2019-07-12 09:34:00,1.45,1.0,10,1.42,0.9793,60,1.47,1.0137,50,1.435,0.9896,145,0
SPY190715P301,2019-07-12,2019-07-12 09:34:01,1.46,1.0068,20,1.42,0.9793,179,1.47,1.0137,50,1.44,0.9931,145,0
SPY190715P301,2019-07-12,2019-07-12 09:34:02,1.45,1.0,10,1.42,0.9793,110,1.47,1.0137,50,1.435,0.9896,145,0
SPY190715P301,2019-07-12,2019-07-12 09:34:02,1.46,1.0068,20,1.42,0.9793,179,1.47,1.0137,50,1.44,0.9931,145,0
SPY190715P301,2019-07-12,2019-07-12 09:34:03,1.45,1.0,10,1.42,0.9793,100,1.47,1.0137,50,1.435,0.9896,145,0
SPY190715P301,2019-07-12,2019-07-12 09:34:04,1.45,1.0,10,1.42,0.9793,110,1.47,1.0137,50,1.435,0.9896,145,0
SPY190715P301,2019-07-12,2019-07-12 09:34:04,1.45,1.0,10,1.42,0.9793,100,1.47,1.0137,50,1.435,0.9896,145,0
SPY190715P301,2019-07-12,2019-07-12 09:34:05,1.45,1.0,10,1.42,0.9793,77,1.47,1.0137,50,1.435,0.9896,145,0
SPY190715P301,2019-07-12,2019-07-12 09:34:05,1.45,1.0,10,1.42,0.9793,110,1.47,1.0137,50,1.435,0.9896,145,0
SPY190715P301,2019-07-12,2019-07-12 09:34:06,1.45,1.0,2,1.42,0.9793,77,1.47,1.0137,50,1.435,0.9896,145,0
SPY190715P301,2019-07-12,2019-07-12 09:34:07,1.45,1.0,1,1.42,0.9793,77,1.47,1.0137,50,1.435,0.9896,145,0
SPY190715P301,2019-07-12,2019-07-12 09:34:08,1.45,1.0,2,1.42,0.9793,157,1.47,1.0137,50,1.435,0.9896,145,0
SPY190715P301,2019-07-12,2019-07-12 09:34:08,1.45,1.0,1,1.42,0.9793,77,1.47,1.0137,50,1.435,0.9896,145,0
SPY190715P301,2019-07-12,2019-07-12 09:34:09,1.45,1.0,2,1.42,0.9793,157,1.47,1.0137,50,1.435,0.9896,145,0
SPY190715P301,2019-07-12,2019-07-12 09:34:09,1.48,1.0206,157,1.43,0.9862,170,1.45,1.0,1,1.455,1.0034,146,1
SPY190715P301,2019-07-12,2019-07-12 09:34:10,1.47,1.0137,20,1.44,0.9931,105,1.45,1.0,1,1.455,1.0034,146,0
SPY190715P301,2019-07-12,2019-07-12 09:34:10,1.47,1.0137,6,1.44,0.9931,105,1.45,1.0,1,1.455,1.0034,146,0
SPY190715P301,2019-07-12,2019-07-12 09:34:11,1.47,1.0137,20,1.44,0.9931,60,1.45,1.0,1,1.455,1.0034,146,0
SPY190715P301,2019-07-12,2019-07-12 09:34:11,1.47,1.0137,20,1.44,0.9931,95,1.45,1.0,1,1.455,1.0034,146,0
SPY190715P301,2019-07-12,2019-07-12 09:34:12,1.47,1.0137,20,1.44,0.9931,68,1.45,1.0,1,1.455,1.0034,146,0
SPY190715P301,2019-07-12,2019-07-12 09:34:13,1.49,1.0275,10,1.46,1.0068,131,1.45,1.0,1,1.475,1.0172,146,0
SPY190715P301,2019-07-12,2019-07-12 09:34:13,1.47,1.0137,10,1.43,0.9862,164,1.45,1.0,1,1.45,1.0,146,0
SPY190715P301,2019-07-12,2019-07-12 09:34:14,1.49,1.0275,20,1.46,1.0068,41,1.45,1.0,1,1.475,1.0172,146,0
SPY190715P301,2019-07-12,2019-07-12 09:34:14,1.49,1.0275,14,1.46,1.0068,131,1.45,1.0,1,1.475,1.0172,146,0
SPY190715P301,2019-07-12,2019-07-12 09:34:15,1.49,1.0275,14,1.46,1.0068,46,1.45,1.0,1,1.475,1.0172,146,0
SPY190715P301,2019-07-12,2019-07-12 09:34:16,1.49,1.0275,14,1.46,1.0068,46,1.45,1.0,1,1.475,1.0172,146,0
SPY190715P301,2019-07-12,2019-07-12 09:34:17,1.49,1.0275,14,1.46,1.0068,33,1.45,1.0,1,1.475,1.0172,146,0
SPY190715P301,2019-07-12,2019-07-12 09:34:17,1.47,1.0137,1,1.44,0.9931,97,1.45,1.0,1,1.455,1.0034,146,0
SPY190715P301,2019-07-12,2019-07-12 09:34:18,1.47,1.0137,1,1.44,0.9931,97,1.45,1.0,1,1.455,1.0034,146,0
SPY190715P301,2019-07-12,2019-07-12 09:34:18,1.48,1.0206,10,1.45,1.0,10,1.45,1.0,1,1.465,1.0103,146,0
SPY190715P301,2019-07-12,2019-07-12 09:34:19,1.48,1.0206,10,1.45,1.0,151,1.45,1.0,1,1.465,1.0103,146,0
SPY190715P301,2019-07-12,2019-07-12 09:34:19,1.47,1.0137,1,1.45,1.0,10,1.45,1.0,1,1.46,1.0068,146,0
SPY190715P301,2019-07-12,2019-07-12 09:34:20,1.49,1.0275,47,1.45,1.0,104,1.45,1.0,1,1.47,1.0137,146,0
SPY190715P301,2019-07-12,2019-07-12 09:34:20,1.49,1.0275,10,1.45,1.0,104,1.45,1.0,1,1.47,1.0137,146,0
SPY190715P301,2019-07-12,2019-07-12 09:34:21,1.49,1.0275,15,1.45,1.0,145,1.45,1.0,1,1.47,1.0137,146,0
SPY190715P301,2019-07-12,2019-07-12 09:34:22,1.49,1.0275,10,1.45,1.0,140,1.45,1.0,1,1.47,1.0137,146,0
SPY190715P301,2019-07-12,2019-07-12 09:34:22,1.49,1.0275,10,1.45,1.0,150,1.45,1.0,1,1.47,1.0137,146,0
SPY190715P301,2019-07-12,2019-07-12 09:34:23,1.49,1.0275,10,1.45,1.0,178,1.45,1.0,1,1.47,1.0137,146,0
SPY190715P301,2019-07-12,2019-07-12 09:34:23,1.49,1.0275,10,1.45,1.0,150,1.45,1.0,1,1.47,1.0137,146,0
SPY190715P301,2019-07-12,2019-07-12 09:34:24,1.49,1.0275,10,1.45,1.0,179,1.45,1.0,1,1.47,1.0137,146,0
SPY190715P301,2019-07-12,2019-07-12 09:34:24,1.49,1.0275,10,1.45,1.0,178,1.45,1.0,1,1.47,1.0137,146,0
SPY190715P301,2019-07-12,2019-07-12 09:34:25,1.49,1.0275,10,1.45,1.0,179,1.45,1.0,1,1.47,1.0137,146,0
SPY190715P301,2019-07-12,2019-07-12 09:34:26,1.49,1.0275,10,1.45,1.0,179,1.45,1.0,1,1.47,1.0137,146,0
SPY190715P301,2019-07-12,2019-07-12 09:34:27,1.49,1.0275,10,1.45,1.0,179,1.45,1.0,1,1.47,1.0137,146,0
SPY190715P301,2019-07-12,2019-07-12 09:34:27,1.49,1.0275,10,1.45,1.0,179,1.47,1.0137,2,1.47,1.0137,148,2
SPY190715P301,2019-07-12,2019-07-12 09:34:28,1.49,1.0275,10,1.45,1.0,179,1.47,1.0137,2,1.47,1.0137,148,0
SPY190715P301,2019-07-12,2019-07-12 09:34:29,1.49,1.0275,10,1.45,1.0,169,1.47,1.0137,2,1.47,1.0137,148,0
SPY190715P301,2019-07-12,2019-07-12 09:34:29,1.49,1.0275,10,1.46,1.0068,7,1.47,1.0137,2,1.475,1.0172,148,0
SPY190715P301,2019-07-12,2019-07-12 09:34:30,1.49,1.0275,10,1.45,1.0,169,1.47,1.0137,2,1.47,1.0137,148,0
SPY190715P301,2019-07-12,2019-07-12 09:34:31,1.49,1.0275,10,1.45,1.0,179,1.47,1.0137,2,1.47,1.0137,148,0
SPY190715P301,2019-07-12,2019-07-12 09:34:32,1.49,1.0275,10,1.45,1.0,179,1.47,1.0137,2,1.47,1.0137,148,0
SPY190715P301,2019-07-12,2019-07-12 09:34:33,1.49,1.0275,10,1.45,1.0,179,1.47,1.0137,2,1.47,1.0137,148,0
SPY190715P301,2019-07-12,2019-07-12 09:34:34,1.49,1.0275,11,1.45,1.0,179,1.47,1.0137,2,1.47,1.0137,148,0
SPY190715P301,2019-07-12,2019-07-12 09:34:35,1.49,1.0275,11,1.45,1.0,179,1.47,1.0137,2,1.47,1.0137,148,0
SPY190715P301,2019-07-12,2019-07-12 09:34:35,1.48,1.0206,10,1.45,1.0,8,1.47,1.0137,2,1.465,1.0103,148,0
SPY190715P301,2019-07-12,2019-07-12 09:34:36,1.47,1.0137,1,1.45,1.0,12,1.47,1.0137,2,1.46,1.0068,148,0
SPY190715P301,2019-07-12,2019-07-12 09:34:36,1.48,1.0206,1,1.45,1.0,38,1.47,1.0137,2,1.465,1.0103,148,0
SPY190715P301,2019-07-12,2019-07-12 09:34:37,1.49,1.0275,1,1.45,1.0,172,1.47,1.0137,2,1.47,1.0137,148,0
SPY190715P301,2019-07-12,2019-07-12 09:34:37,1.49,1.0275,7,1.45,1.0,172,1.47,1.0137,2,1.47,1.0137,148,0
SPY190715P301,2019-07-12,2019-07-12 09:34:38,1.49,1.0275,47,1.45,1.0,110,1.47,1.0137,2,1.47,1.0137,148,0
SPY190715P301,2019-07-12,2019-07-12 09:34:38,1.49,1.0275,10,1.45,1.0,110,1.47,1.0137,2,1.47,1.0137,148,0
SPY190715P301,2019-07-12,2019-07-12 09:34:39,1.49,1.0275,56,1.45,1.0,110,1.47,1.0137,2,1.47,1.0137,148,0
SPY190715P301,2019-07-12,2019-07-12 09:34:40,1.49,1.0275,14,1.45,1.0,179,1.47,1.0137,2,1.47,1.0137,148,0
SPY190715P301,2019-07-12,2019-07-12 09:34:40,1.49,1.0275,20,1.45,1.0,45,1.47,1.0137,2,1.47,1.0137,148,0
SPY190715P301,2019-07-12,2019-07-12 09:34:41,1.49,1.0275,14,1.45,1.0,179,1.47,1.0137,2,1.47,1.0137,148,0
SPY190715P301,2019-07-12,2019-07-12 09:34:42,1.49,1.0275,10,1.45,1.0,179,1.47,1.0137,2,1.47,1.0137,148,0
SPY190715P301,2019-07-12,2019-07-12 09:34:42,1.49,1.0275,14,1.45,1.0,179,1.47,1.0137,2,1.47,1.0137,148,0
SPY190715P301,2019-07-12,2019-07-12 09:34:43,1.49,1.0275,10,1.45,1.0,179,1.47,1.0137,2,1.47,1.0137,148,0
SPY190715P301,2019-07-12,2019-07-12 09:34:43,1.49,1.0275,13,1.45,1.0,179,1.47,1.0137,2,1.47,1.0137,148,0
SPY190715P301,2019-07-12,2019-07-12 09:34:44,1.49,1.0275,13,1.46,1.0068,6,1.47,1.0137,2,1.475,1.0172,148,0
SPY190715P301,2019-07-12,2019-07-12 09:34:45,1.49,1.0275,10,1.46,1.0068,56,1.47,1.0137,2,1.475,1.0172,148,0
SPY190715P301,2019-07-12,2019-07-12 09:34:45,1.49,1.0275,13,1.46,1.0068,46,1.47,1.0137,2,1.475,1.0172,148,0
SPY190715P301,2019-07-12,2019-07-12 09:34:46,1.49,1.0275,10,1.46,1.0068,56,1.47,1.0137,2,1.475,1.0172,148,0
SPY190715P301,2019-07-12,2019-07-12 09:34:47,1.49,1.0275,10,1.46,1.0068,56,1.47,1.0137,2,1.475,1.0172,148,0
SPY190715P301,2019-07-12,2019-07-12 09:34:48,1.49,1.0275,10,1.46,1.0068,20,1.47,1.0137,2,1.475,1.0172,148,0
SPY190715P301,2019-07-12,2019-07-12 09:34:48,1.49,1.0275,10,1.46,1.0068,33,1.47,1.0137,2,1.475,1.0172,148,0
SPY190715P301,2019-07-12,2019-07-12 09:34:49,1.49,1.0275,13,1.46,1.0068,37,1.47,1.0137,2,1.475,1.0172,148,0
SPY190715P301,2019-07-12,2019-07-12 09:34:50,1.49,1.0275,13,1.46,1.0068,51,1.47,1.0137,2,1.475,1.0172,148,0
SPY190715P301,2019-07-12,2019-07-12 09:34:50,1.49,1.0275,13,1.46,1.0068,37,1.47,1.0137,2,1.475,1.0172,148,0
SPY190715P301,2019-07-12,2019-07-12 09:34:51,1.49,1.0275,13,1.46,1.0068,51,1.47,1.0137,2,1.475,1.0172,148,0
SPY190715P301,2019-07-12,2019-07-12 09:34:52,1.49,1.0275,13,1.46,1.0068,51,1.47,1.0137,2,1.475,1.0172,148,0
SPY190715P301,2019-07-12,2019-07-12 09:34:53,1.49,1.0275,13,1.46,1.0068,51,1.47,1.0137,2,1.475,1.0172,148,0
SPY190715P301,2019-07-12,2019-07-12 09:34:54,1.49,1.0275,13,1.46,1.0068,51,1.47,1.0137,2,1.475,1.0172,148,0
SPY190715P301,2019-07-12,2019-07-12 09:34:55,1.49,1.0275,20,1.46,1.0068,20,1.47,1.0137,2,1.475,1.0172,148,0
SPY190715P301,2019-07-12,2019-07-12 09:34:55,1.49,1.0275,13,1.46,1.0068,51,1.47,1.0137,2,1.475,1.0172,148,0
SPY190715P301,2019-07-12,2019-07-12 09:34:56,1.49,1.0275,20,1.45,1.0,169,1.47,1.0137,2,1.47,1.0137,148,0
SPY190715P301,2019-07-12,2019-07-12 09:34:56,1.49,1.0275,10,1.45,1.0,169,1.47,1.0137,2,1.47,1.0137,148,0
SPY190715P301,2019-07-12,2019-07-12 09:34:57,1.49,1.0275,20,1.45,1.0,169,1.47,1.0137,2,1.47,1.0137,148,0
SPY190715P301,2019-07-12,2019-07-12 09:34:58,1.49,1.0275,15,1.46,1.0068,8,1.47,1.0137,2,1.475,1.0172,148,0
SPY190715P301,2019-07-12,2019-07-12 09:34:58,1.49,1.0275,15,1.45,1.0,169,1.47,1.0137,2,1.47,1.0137,148,0
SPY190715P301,2019-07-12,2019-07-12 09:34:59,1.49,1.0275,15,1.46,1.0068,34,1.47,1.0137,2,1.475,1.0172,148,0
SPY190715P301,2019-07-12,2019-07-12 09:34:59,1.49,1.0275,15,1.45,1.0,169,1.47,1.0137,2,1.47,1.0137,148,0
SPY190715P301,2019-07-12,2019-07-12 09:35:00,1.49,1.0275,15,1.45,1.0,169,1.47,1.0137,2,1.47,1.0137,148,0
SPY190715P301,2019-07-12,2019-07-12 09:35:00,1.49,1.0275,15,1.45,1.0,236,1.47,1.0137,2,1.47,1.0137,148,0
SPY190715P301,2019-07-12,2019-07-12 09:35:01,1.49,1.0275,15,1.45,1.0,236,1.47,1.0137,2,1.47,1.0137,148,0
SPY190715P301,2019-07-12,2019-07-12 09:35:02,1.49,1.0275,15,1.45,1.0,236,1.47,1.0137,2,1.47,1.0137,148,0
SPY190715P301,2019-07-12,2019-07-12 09:35:02,1.49,1.0275,1,1.46,1.0068,1,1.47,1.0137,2,1.475,1.0172,148,0
SPY190715P301,2019-07-12,2019-07-12 09:35:03,1.51,1.0413,100,1.47,1.0137,10,1.47,1.0137,2,1.49,1.0275,148,0
SPY190715P301,2019-07-12,2019-07-12 09:35:03,1.5,1.0344,10,1.47,1.0137,8,1.47,1.0137,2,1.485,1.0241,148,0
SPY190715P301,2019-07-12,2019-07-12 09:35:04,1.5,1.0344,10,1.47,1.0137,8,1.47,1.0137,2,1.485,1.0241,148,0
SPY190715P301,2019-07-12,2019-07-12 09:35:05,1.51,1.0413,7,1.48,1.0206,7,1.47,1.0137,2,1.495,1.031,148,0
SPY190715P301,2019-07-12,2019-07-12 09:35:05,1.51,1.0413,7,1.48,1.0206,49,1.47,1.0137,2,1.495,1.031,148,0
SPY190715P301,2019-07-12,2019-07-12 09:35:06,1.5,1.0344,7,1.46,1.0068,100,1.47,1.0137,2,1.48,1.0206,148,0
SPY190715P301,2019-07-12,2019-07-12 09:35:06,1.5,1.0344,7,1.48,1.0206,10,1.47,1.0137,2,1.49,1.0275,148,0
SPY190715P301,2019-07-12,2019-07-12 09:35:07,1.51,1.0413,20,1.47,1.0137,100,1.47,1.0137,2,1.49,1.0275,148,0
SPY190715P301,2019-07-12,2019-07-12 09:35:07,1.49,1.0275,7,1.46,1.0068,100,1.47,1.0137,2,1.475,1.0172,148,0
SPY190715P301,2019-07-12,2019-07-12 09:35:08,1.51,1.0413,10,1.48,1.0206,10,1.47,1.0137,2,1.495,1.031,148,0
SPY190715P301,2019-07-12,2019-07-12 09:35:08,1.51,1.0413,20,1.47,1.0137,100,1.47,1.0137,2,1.49,1.0275,148,0
SPY190715P301,2019-07-12,2019-07-12 09:35:09,1.52,1.0482,67,1.48,1.0206,45,1.47,1.0137,2,1.5,1.0344,148,0
SPY190715P301,2019-07-12,2019-07-12 09:35:10,1.52,1.0482,29,1.48,1.0206,91,1.47,1.0137,2,1.5,1.0344,148,0
SPY190715P301,2019-07-12,2019-07-12 09:35:10,1.52,1.0482,6,1.48,1.0206,45,1.47,1.0137,2,1.5,1.0344,148,0
SPY190715P301,2019-07-12,2019-07-12 09:35:11,1.53,1.0551,7,1.5,1.0344,10,1.47,1.0137,2,1.515,1.0448,148,0
SPY190715P301,2019-07-12,2019-07-12 09:35:11,1.53,1.0551,7,1.49,1.0275,101,1.47,1.0137,2,1.51,1.0413,148,0
SPY190715P301,2019-07-12,2019-07-12 09:35:12,1.53,1.0551,11,1.49,1.0275,3,1.47,1.0137,2,1.51,1.0413,148,0
SPY190715P301,2019-07-12,2019-07-12 09:35:13,1.52,1.0482,10,1.48,1.0206,100,1.47,1.0137,2,1.5,1.0344,148,0
SPY190715P301,2019-07-12,2019-07-12 09:35:13,1.51,1.0413,1,1.48,1.0206,110,1.51,1.0413,1,1.495,1.031,149,1
SPY190715P301,2019-07-12,2019-07-12 09:35:14,1.52,1.0482,11,1.48,1.0206,137,1.51,1.0413,1,1.5,1.0344,149,0
SPY190715P301,2019-07-12,2019-07-12 09:35:14,1.52,1.0482,20,1.48,1.0206,110,1.51,1.0413,1,1.5,1.0344,149,0
SPY190715P301,2019-07-12,2019-07-12 09:35:15,1.51,1.0413,1,1.48,1.0206,110,1.51,1.0413,1,1.495,1.031,149,0
SPY190715P301,2019-07-12,2019-07-12 09:35:15,1.52,1.0482,20,1.48,1.0206,110,1.51,1.0413,1,1.5,1.0344,149,0
SPY190715P301,2019-07-12,2019-07-12 09:35:16,1.51,1.0413,16,1.48,1.0206,110,1.51,1.0413,1,1.495,1.031,149,0
SPY190715P301,2019-07-12,2019-07-12 09:35:17,1.5,1.0344,20,1.46,1.0068,6,1.51,1.0413,1,1.48,1.0206,149,0
SPY190715P301,2019-07-12,2019-07-12 09:35:17,1.51,1.0413,16,1.48,1.0206,110,1.51,1.0413,1,1.495,1.031,149,0
SPY190715P301,2019-07-12,2019-07-12 09:35:18,1.51,1.0413,110,1.46,1.0068,168,1.51,1.0413,1,1.485,1.0241,149,0
SPY190715P301,2019-07-12,2019-07-12 09:35:18,1.5,1.0344,7,1.46,1.0068,110,1.51,1.0413,1,1.48,1.0206,149,0
SPY190715P301,2019-07-12,2019-07-12 09:35:19,1.5,1.0344,7,1.46,1.0068,110,1.51,1.0413,1,1.48,1.0206,149,0
SPY190715P301,2019-07-12,2019-07-12 09:35:19,1.49,1.0275,1,1.46,1.0068,110,1.51,1.0413,1,1.475,1.0172,149,0
SPY190715P301,2019-07-12,2019-07-12 09:35:20,1.49,1.0275,1,1.46,1.0068,81,1.51,1.0413,1,1.475,1.0172,149,0
SPY190715P301,2019-07-12,2019-07-12 09:35:20,1.49,1.0275,1,1.46,1.0068,183,1.51,1.0413,1,1.475,1.0172,149,0
SPY190715P301,2019-07-12,2019-07-12 09:35:21,1.49,1.0275,1,1.46,1.0068,161,1.51,1.0413,1,1.475,1.0172,149,0
SPY190715P301,2019-07-12,2019-07-12 09:35:22,1.49,1.0275,1,1.46,1.0068,161,1.51,1.0413,1,1.475,1.0172,149,0
SPY190715P301,2019-07-12,2019-07-12 09:35:22,1.49,1.0275,1,1.46,1.0068,129,1.51,1.0413,1,1.475,1.0172,149,0
SPY190715P301,2019-07-12,2019-07-12 09:35:23,1.5,1.0344,10,1.46,1.0068,129,1.51,1.0413,1,1.48,1.0206,149,0
SPY190715P301,2019-07-12,2019-07-12 09:35:23,1.49,1.0275,11,1.46,1.0068,110,1.51,1.0413,1,1.475,1.0172,149,0
SPY190715P301,2019-07-12,2019-07-12 09:35:24,1.49,1.0275,7,1.46,1.0068,41,1.51,1.0413,1,1.475,1.0172,149,0
SPY190715P301,2019-07-12,2019-07-12 09:35:24,1.49,1.0275,10,1.46,1.0068,41,1.51,1.0413,1,1.475,1.0172,149,0
SPY190715P301,2019-07-12,2019-07-12 09:35:25,1.49,1.0275,7,1.46,1.0068,36,1.51,1.0413,1,1.475,1.0172,149,0
SPY190715P301,2019-07-12,2019-07-12 09:35:26,1.5,1.0344,30,1.46,1.0068,55,1.51,1.0413,1,1.48,1.0206,149,0
SPY190715P301,2019-07-12,2019-07-12 09:35:26,1.49,1.0275,11,1.46,1.0068,74,1.51,1.0413,1,1.475,1.0172,149,0
SPY190715P301,2019-07-12,2019-07-12 09:35:27,1.51,1.0413,8,1.47,1.0137,10,1.51,1.0413,1,1.49,1.0275,149,0
SPY190715P301,2019-07-12,2019-07-12 09:35:27,1.52,1.0482,100,1.46,1.0068,100,1.51,1.0413,1,1.49,1.0275,149,0
SPY190715P301,2019-07-12,2019-07-12 09:35:28,1.51,1.0413,8,1.48,1.0206,85,1.51,1.0413,1,1.495,1.031,149,0
SPY190715P301,2019-07-12,2019-07-12 09:35:28,1.51,1.0413,8,1.47,1.0137,211,1.51,1.0413,1,1.49,1.0275,149,0
SPY190715P301,2019-07-12,2019-07-12 09:35:29,1.51,1.0413,7,1.48,1.0206,85,1.51,1.0413,1,1.495,1.031,149,0
SPY190715P301,2019-07-12,2019-07-12 09:35:30,1.53,1.0551,8,1.5,1.0344,10,1.51,1.0413,1,1.515,1.0448,149,0
SPY190715P301,2019-07-12,2019-07-12 09:35:30,1.52,1.0482,6,1.49,1.0275,100,1.51,1.0413,1,1.505,1.0379,149,0
SPY190715P301,2019-07-12,2019-07-12 09:35:31,1.53,1.0551,8,1.5,1.0344,10,1.51,1.0413,1,1.515,1.0448,149,0
SPY190715P301,2019-07-12,2019-07-12 09:35:31,1.53,1.0551,8,1.5,1.0344,33,1.51,1.0413,1,1.515,1.0448,149,0
SPY190715P301,2019-07-12,2019-07-12 09:35:32,1.53,1.0551,7,1.5,1.0344,7,1.51,1.0413,1,1.515,1.0448,149,0
SPY190715P301,2019-07-12,2019-07-12 09:35:32,1.52,1.0482,7,1.48,1.0206,73,1.51,1.0413,1,1.5,1.0344,149,0
SPY190715P301,2019-07-12,2019-07-12 09:35:33,1.51,1.0413,1,1.48,1.0206,73,1.51,1.0413,1,1.495,1.031,149,0
SPY190715P301,2019-07-12,2019-07-12 09:35:34,1.52,1.0482,7,1.48,1.0206,10,1.51,1.0413,1,1.5,1.0344,149,0
SPY190715P301,2019-07-12,2019-07-12 09:35:35,1.52,1.0482,10,1.49,1.0275,10,1.51,1.0413,1,1.505,1.0379,149,0
SPY190715P301,2019-07-12,2019-07-12 09:35:35,1.51,1.0413,7,1.48,1.0206,100,1.51,1.0413,1,1.495,1.031,149,0
SPY190715P301,2019-07-12,2019-07-12 09:35:36,1.52,1.0482,7,1.48,1.0206,74,1.51,1.0413,1,1.5,1.0344,149,0
SPY190715P301,2019-07-12,2019-07-12 09:35:36,1.51,1.0413,7,1.48,1.0206,40,1.51,1.0413,1,1.495,1.031,149,0
SPY190715P301,2019-07-12,2019-07-12 09:35:37,1.52,1.0482,7,1.48,1.0206,74,1.51,1.0413,1,1.5,1.0344,149,0
SPY190715P301,2019-07-12,2019-07-12 09:35:38,1.52,1.0482,68,1.48,1.0206,10,1.51,1.0413,1,1.5,1.0344,149,0
SPY190715P301,2019-07-12,2019-07-12 09:35:38,1.52,1.0482,7,1.49,1.0275,66,1.51,1.0413,1,1.505,1.0379,149,0
SPY190715P301,2019-07-12,2019-07-12 09:35:39,1.51,1.0413,7,1.48,1.0206,43,1.51,1.0413,1,1.495,1.031,149,0
SPY190715P301,2019-07-12,2019-07-12 09:35:39,1.51,1.0413,7,1.48,1.0206,39,1.51,1.0413,1,1.495,1.031,149,0
SPY190715P301,2019-07-12,2019-07-12 09:35:40,1.51,1.0413,7,1.48,1.0206,67,1.51,1.0413,1,1.495,1.031,149,0
SPY190715P301,2019-07-12,2019-07-12 09:35:40,1.51,1.0413,7,1.48,1.0206,69,1.51,1.0413,1,1.495,1.031,149,0
SPY190715P301,2019-07-12,2019-07-12 09:35:41,1.53,1.0551,199,1.48,1.0206,73,1.51,1.0413,1,1.505,1.0379,149,0
SPY190715P301,2019-07-12,2019-07-12 09:35:41,1.51,1.0413,7,1.48,1.0206,73,1.51,1.0413,1,1.495,1.031,149,0
SPY190715P301,2019-07-12,2019-07-12 09:35:42,1.51,1.0413,7,1.48,1.0206,72,1.51,1.0413,1,1.495,1.031,149,0
SPY190715P301,2019-07-12,2019-07-12 09:35:42,1.51,1.0413,7,1.48,1.0206,7,1.51,1.0413,1,1.495,1.031,149,0
SPY190715P301,2019-07-12,2019-07-12 09:35:43,1.51,1.0413,11,1.48,1.0206,69,1.51,1.0413,1,1.495,1.031,149,0
SPY190715P301,2019-07-12,2019-07-12 09:35:44,1.51,1.0413,11,1.48,1.0206,69,1.51,1.0413,1,1.495,1.031,149,0
SPY190715P301,2019-07-12,2019-07-12 09:35:44,1.52,1.0482,8,1.48,1.0206,103,1.51,1.0413,1,1.5,1.0344,149,0
SPY190715P301,2019-07-12,2019-07-12 09:35:45,1.52,1.0482,9,1.49,1.0275,71,1.51,1.0413,1,1.505,1.0379,149,0
SPY190715P301,2019-07-12,2019-07-12 09:35:45,1.52,1.0482,9,1.49,1.0275,56,1.51,1.0413,1,1.505,1.0379,149,0
SPY190715P301,2019-07-12,2019-07-12 09:35:46,1.52,1.0482,9,1.49,1.0275,83,1.51,1.0413,1,1.505,1.0379,149,0
SPY190715P301,2019-07-12,2019-07-12 09:35:47,1.53,1.0551,34,1.49,1.0275,83,1.51,1.0413,1,1.51,1.0413,149,0
SPY190715P301,2019-07-12,2019-07-12 09:35:48,1.53,1.0551,69,1.49,1.0275,123,1.51,1.0413,1,1.51,1.0413,149,0
SPY190715P301,2019-07-12,2019-07-12 09:35:48,1.53,1.0551,34,1.49,1.0275,83,1.51,1.0413,1,1.51,1.0413,149,0
SPY190715P301,2019-07-12,2019-07-12 09:35:49,1.53,1.0551,69,1.49,1.0275,64,1.51,1.0413,1,1.51,1.0413,149,0
SPY190715P301,2019-07-12,2019-07-12 09:35:50,1.53,1.0551,10,1.49,1.0275,80,1.51,1.0413,1,1.51,1.0413,149,0
SPY190715P301,2019-07-12,2019-07-12 09:35:50,1.52,1.0482,11,1.49,1.0275,80,1.51,1.0413,1,1.505,1.0379,149,0
SPY190715P301,2019-07-12,2019-07-12 09:35:51,1.53,1.0551,10,1.49,1.0275,80,1.51,1.0413,1,1.51,1.0413,150,0
SPY190715P301,2019-07-12,2019-07-12 09:35:51,1.53,1.0551,10,1.49,1.0275,80,1.51,1.0413,1,1.51,1.0413,150,1
SPY190715P301,2019-07-12,2019-07-12 09:35:52,1.53,1.0551,10,1.49,1.0275,80,1.51,1.0413,1,1.51,1.0413,150,0
SPY190715P301,2019-07-12,2019-07-12 09:35:53,1.53,1.0551,10,1.49,1.0275,96,1.51,1.0413,1,1.51,1.0413,150,0
SPY190715P301,2019-07-12,2019-07-12 09:35:54,1.53,1.0551,10,1.49,1.0275,96,1.51,1.0413,1,1.51,1.0413,150,0
SPY190715P301,2019-07-12,2019-07-12 09:35:55,1.53,1.0551,10,1.49,1.0275,80,1.51,1.0413,1,1.51,1.0413,150,0
SPY190715P301,2019-07-12,2019-07-12 09:35:55,1.53,1.0551,11,1.49,1.0275,150,1.51,1.0413,1,1.51,1.0413,150,0
SPY190715P301,2019-07-12,2019-07-12 09:35:56,1.54,1.062,1,1.51,1.0413,1,1.51,1.0413,1,1.525,1.0517,150,0
SPY190715P301,2019-07-12,2019-07-12 09:35:56,1.53,1.0551,11,1.49,1.0275,150,1.51,1.0413,1,1.51,1.0413,150,0
SPY190715P301,2019-07-12,2019-07-12 09:35:57,1.55,1.0689,33,1.51,1.0413,7,1.51,1.0413,1,1.53,1.0551,150,0
SPY190715P301,2019-07-12,2019-07-12 09:35:57,1.55,1.0689,10,1.51,1.0413,88,1.51,1.0413,1,1.53,1.0551,150,0
SPY190715P301,2019-07-12,2019-07-12 09:35:58,1.54,1.062,7,1.51,1.0413,88,1.51,1.0413,1,1.525,1.0517,150,0
SPY190715P301,2019-07-12,2019-07-12 09:35:58,1.54,1.062,7,1.51,1.0413,108,1.51,1.0413,1,1.525,1.0517,150,0
SPY190715P301,2019-07-12,2019-07-12 09:35:59,1.54,1.062,1,1.51,1.0413,173,1.51,1.0413,1,1.525,1.0517,150,0
SPY190715P301,2019-07-12,2019-07-12 09:36:00,1.54,1.062,1,1.51,1.0413,147,1.51,1.0413,1,1.525,1.0517,150,0
SPY190715P301,2019-07-12,2019-07-12 09:36:01,1.54,1.062,7,1.51,1.0413,147,1.51,1.0413,1,1.525,1.0517,150,0
SPY190715P301,2019-07-12,2019-07-12 09:36:02,1.54,1.062,1,1.51,1.0413,147,1.51,1.0413,1,1.525,1.0517,150,0
SPY190715P301,2019-07-12,2019-07-12 09:36:02,1.54,1.062,7,1.51,1.0413,205,1.51,1.0413,1,1.525,1.0517,150,0
SPY190715P301,2019-07-12,2019-07-12 09:36:03,1.55,1.0689,64,1.51,1.0413,205,1.51,1.0413,1,1.53,1.0551,150,0
SPY190715P301,2019-07-12,2019-07-12 09:36:03,1.55,1.0689,64,1.51,1.0413,152,1.51,1.0413,1,1.53,1.0551,150,0
SPY190715P301,2019-07-12,2019-07-12 09:36:04,1.55,1.0689,64,1.51,1.0413,152,1.51,1.0413,1,1.53,1.0551,150,0
SPY190715P301,2019-07-12,2019-07-12 09:36:04,1.57,1.0827,1,1.53,1.0551,162,1.51,1.0413,1,1.55,1.0689,150,0
SPY190715P301,2019-07-12,2019-07-12 09:36:05,1.57,1.0827,1,1.54,1.062,142,1.51,1.0413,1,1.555,1.0724,150,0
SPY190715P301,2019-07-12,2019-07-12 09:36:06,1.57,1.0827,11,1.53,1.0551,178,1.51,1.0413,1,1.55,1.0689,150,0
SPY190715P301,2019-07-12,2019-07-12 09:36:06,1.57,1.0827,11,1.53,1.0551,177,1.51,1.0413,1,1.55,1.0689,150,0
SPY190715P301,2019-07-12,2019-07-12 09:36:07,1.57,1.0827,11,1.53,1.0551,303,1.51,1.0413,1,1.55,1.0689,150,0
SPY190715P301,2019-07-12,2019-07-12 09:36:08,1.55,1.0689,14,1.52,1.0482,61,1.51,1.0413,1,1.535,1.0586,150,0
SPY190715P301,2019-07-12,2019-07-12 09:36:08,1.6,1.1034,100,1.55,1.0689,7,1.51,1.0413,1,1.575,1.0862,150,0
SPY190715P301,2019-07-12,2019-07-12 09:36:09,1.55,1.0689,14,1.52,1.0482,61,1.51,1.0413,1,1.535,1.0586,150,0
SPY190715P301,2019-07-12,2019-07-12 09:36:10,1.55,1.0689,8,1.52,1.0482,19,1.51,1.0413,1,1.535,1.0586,150,0
SPY190715P301,2019-07-12,2019-07-12 09:36:10,1.55,1.0689,7,1.52,1.0482,19,1.51,1.0413,1,1.535,1.0586,150,0
SPY190715P301,2019-07-12,2019-07-12 09:36:11,1.55,1.0689,1,1.52,1.0482,61,1.51,1.0413,1,1.535,1.0586,150,0
SPY190715P301,2019-07-12,2019-07-12 09:36:11,1.55,1.0689,1,1.52,1.0482,19,1.51,1.0413,1,1.535,1.0586,150,0
SPY190715P301,2019-07-12,2019-07-12 09:36:12,1.56,1.0758,6,1.53,1.0551,12,1.51,1.0413,1,1.545,1.0655,150,0
SPY190715P301,2019-07-12,2019-07-12 09:36:13,1.55,1.0689,10,1.51,1.0413,176,1.51,1.0413,1,1.53,1.0551,150,0
SPY190715P301,2019-07-12,2019-07-12 09:36:13,1.55,1.0689,7,1.51,1.0413,158,1.51,1.0413,1,1.53,1.0551,150,0
SPY190715P301,2019-07-12,2019-07-12 09:36:14,1.54,1.062,7,1.51,1.0413,176,1.51,1.0413,1,1.525,1.0517,150,0
SPY190715P301,2019-07-12,2019-07-12 09:36:14,1.54,1.062,1,1.51,1.0413,142,1.51,1.0413,1,1.525,1.0517,150,0
SPY190715P301,2019-07-12,2019-07-12 09:36:15,1.54,1.062,7,1.51,1.0413,177,1.51,1.0413,1,1.525,1.0517,150,0
SPY190715P301,2019-07-12,2019-07-12 09:36:15,1.56,1.0758,11,1.53,1.0551,120,1.51,1.0413,1,1.545,1.0655,150,0
SPY190715P301,2019-07-12,2019-07-12 09:36:16,1.57,1.0827,10,1.53,1.0551,120,1.51,1.0413,1,1.55,1.0689,150,0
SPY190715P301,2019-07-12,2019-07-12 09:36:16,1.57,1.0827,7,1.54,1.062,6,1.51,1.0413,1,1.555,1.0724,150,0
SPY190715P301,2019-07-12,2019-07-12 09:36:17,1.58,1.0896,7,1.55,1.0689,6,1.51,1.0413,1,1.565,1.0793,150,0
SPY190715P301,2019-07-12,2019-07-12 09:36:17,1.59,1.0965,20,1.55,1.0689,10,1.51,1.0413,1,1.57,1.0827,150,0
SPY190715P301,2019-07-12,2019-07-12 09:36:18,1.57,1.0827,10,1.53,1.0551,161,1.51,1.0413,1,1.55,1.0689,150,0
SPY190715P301,2019-07-12,2019-07-12 09:36:19,1.56,1.0758,1,1.53,1.0551,120,1.51,1.0413,1,1.545,1.0655,150,0
SPY190715P301,2019-07-12,2019-07-12 09:36:20,1.56,1.0758,1,1.53,1.0551,120,1.51,1.0413,1,1.545,1.0655,150,0
SPY190715P301,2019-07-12,2019-07-12 09:36:20,1.56,1.0758,1,1.53,1.0551,100,1.51,1.0413,1,1.545,1.0655,150,0
SPY190715P301,2019-07-12,2019-07-12 09:36:21,1.56,1.0758,1,1.53,1.0551,238,1.51,1.0413,1,1.545,1.0655,150,0
SPY190715P301,2019-07-12,2019-07-12 09:36:22,1.56,1.0758,10,1.53,1.0551,100,1.51,1.0413,1,1.545,1.0655,150,0
SPY190715P301,2019-07-12,2019-07-12 09:36:22,1.56,1.0758,1,1.53,1.0551,238,1.51,1.0413,1,1.545,1.0655,150,0
SPY190715P301,2019-07-12,2019-07-12 09:36:23,1.56,1.0758,10,1.53,1.0551,238,1.51,1.0413,1,1.545,1.0655,150,0
SPY190715P301,2019-07-12,2019-07-12 09:36:23,1.56,1.0758,10,1.53,1.0551,100,1.51,1.0413,1,1.545,1.0655,150,0
SPY190715P301,2019-07-12,2019-07-12 09:36:24,1.56,1.0758,10,1.53,1.0551,278,1.51,1.0413,1,1.545,1.0655,150,0
SPY190715P301,2019-07-12,2019-07-12 09:36:24,1.56,1.0758,10,1.53,1.0551,238,1.51,1.0413,1,1.545,1.0655,150,0
SPY190715P301,2019-07-12,2019-07-12 09:36:25,1.54,1.062,1,1.51,1.0413,167,1.51,1.0413,1,1.525,1.0517,150,0
SPY190715P301,2019-07-12,2019-07-12 09:36:25,1.56,1.0758,10,1.53,1.0551,219,1.51,1.0413,1,1.545,1.0655,150,0
SPY190715P301,2019-07-12,2019-07-12 09:36:26,1.54,1.062,1,1.51,1.0413,167,1.51,1.0413,1,1.525,1.0517,150,0
SPY190715P301,2019-07-12,2019-07-12 09:36:27,1.54,1.062,1,1.51,1.0413,167,1.51,1.0413,1,1.525,1.0517,150,0
SPY190715P301,2019-07-12,2019-07-12 09:36:28,1.54,1.062,1,1.51,1.0413,167,1.51,1.0413,1,1.525,1.0517,150,0
SPY190715P301,2019-07-12,2019-07-12 09:36:29,1.54,1.062,8,1.51,1.0413,172,1.51,1.0413,1,1.525,1.0517,150,0
SPY190715P301,2019-07-12,2019-07-12 09:36:29,1.54,1.062,1,1.51,1.0413,172,1.51,1.0413,1,1.525,1.0517,150,0
SPY190715P301,2019-07-12,2019-07-12 09:36:30,1.54,1.062,1,1.51,1.0413,209,1.51,1.0413,1,1.525,1.0517,150,0
SPY190715P301,2019-07-12,2019-07-12 09:36:31,1.54,1.062,1,1.51,1.0413,209,1.51,1.0413,1,1.525,1.0517,150,0
SPY190715P301,2019-07-12,2019-07-12 09:36:32,1.54,1.062,1,1.51,1.0413,209,1.51,1.0413,1,1.525,1.0517,150,0
SPY190715P301,2019-07-12,2019-07-12 09:36:33,1.54,1.062,1,1.51,1.0413,209,1.51,1.0413,1,1.525,1.0517,150,0
SPY190715P301,2019-07-12,2019-07-12 09:36:34,1.54,1.062,11,1.51,1.0413,120,1.51,1.0413,1,1.525,1.0517,150,0
SPY190715P301,2019-07-12,2019-07-12 09:36:34,1.54,1.062,10,1.51,1.0413,120,1.51,1.0413,1,1.525,1.0517,150,0
SPY190715P301,2019-07-12,2019-07-12 09:36:35,1.53,1.0551,1,1.49,1.0275,167,1.51,1.0413,1,1.51,1.0413,150,0
SPY190715P301,2019-07-12,2019-07-12 09:36:35,1.53,1.0551,10,1.49,1.0275,167,1.51,1.0413,1,1.51,1.0413,150,0
SPY190715P301,2019-07-12,2019-07-12 09:36:36,1.53,1.0551,10,1.49,1.0275,167,1.51,1.0413,1,1.51,1.0413,150,0
SPY190715P301,2019-07-12,2019-07-12 09:36:37,1.53,1.0551,10,1.49,1.0275,222,1.51,1.0413,1,1.51,1.0413,150,0
SPY190715P301,2019-07-12,2019-07-12 09:36:37,1.52,1.0482,1,1.49,1.0275,293,1.51,1.0413,1,1.505,1.0379,150,0
SPY190715P301,2019-07-12,2019-07-12 09:36:38,1.53,1.0551,10,1.49,1.0275,293,1.51,1.0413,1,1.51,1.0413,150,0
SPY190715P301,2019-07-12,2019-07-12 09:36:39,1.54,1.062,1,1.49,1.0275,293,1.51,1.0413,1,1.515,1.0448,150,0
SPY190715P301,2019-07-12,2019-07-12 09:36:40,1.54,1.062,1,1.51,1.0413,178,1.51,1.0413,1,1.525,1.0517,150,0
SPY190715P301,2019-07-12,2019-07-12 09:36:41,1.56,1.0758,10,1.53,1.0551,162,1.51,1.0413,1,1.545,1.0655,150,0
SPY190715P301,2019-07-12,2019-07-12 09:36:42,1.55,1.0689,1,1.53,1.0551,7,1.51,1.0413,1,1.54,1.062,150,0
SPY190715P301,2019-07-12,2019-07-12 09:36:42,1.56,1.0758,10,1.53,1.0551,29,1.51,1.0413,1,1.545,1.0655,150,0
SPY190715P301,2019-07-12,2019-07-12 09:36:43,1.55,1.0689,1,1.53,1.0551,7,1.51,1.0413,1,1.54,1.062,150,0
SPY190715P301,2019-07-12,2019-07-12 09:36:43,1.56,1.0758,1,1.53,1.0551,60,1.51,1.0413,1,1.545,1.0655,150,0
SPY190715P301,2019-07-12,2019-07-12 09:36:44,1.56,1.0758,1,1.53,1.0551,177,1.51,1.0413,1,1.545,1.0655,150,0
SPY190715P301,2019-07-12,2019-07-12 09:36:45,1.56,1.0758,1,1.53,1.0551,177,1.51,1.0413,1,1.545,1.0655,150,0
SPY190715P301,2019-07-12,2019-07-12 09:36:46,1.56,1.0758,1,1.53,1.0551,177,1.51,1.0413,1,1.545,1.0655,150,0
SPY190715P301,2019-07-12,2019-07-12 09:36:47,1.56,1.0758,1,1.53,1.0551,177,1.51,1.0413,1,1.545,1.0655,150,0
SPY190715P301,2019-07-12,2019-07-12 09:36:47,1.56,1.0758,16,1.53,1.0551,172,1.51,1.0413,1,1.545,1.0655,150,0
SPY190715P301,2019-07-12,2019-07-12 09:36:48,1.54,1.062,1,1.51,1.0413,167,1.51,1.0413,1,1.525,1.0517,150,0
SPY190715P301,2019-07-12,2019-07-12 09:36:49,1.54,1.062,1,1.51,1.0413,205,1.51,1.0413,1,1.525,1.0517,150,0
SPY190715P301,2019-07-12,2019-07-12 09:36:49,1.54,1.062,1,1.51,1.0413,167,1.51,1.0413,1,1.525,1.0517,150,0
SPY190715P301,2019-07-12,2019-07-12 09:36:50,1.54,1.062,1,1.51,1.0413,205,1.51,1.0413,1,1.525,1.0517,150,0
SPY190715P301,2019-07-12,2019-07-12 09:36:51,1.54,1.062,1,1.51,1.0413,98,1.51,1.0413,1,1.525,1.0517,150,0
SPY190715P301,2019-07-12,2019-07-12 09:36:51,1.54,1.062,10,1.51,1.0413,147,1.51,1.0413,1,1.525,1.0517,150,0
SPY190715P301,2019-07-12,2019-07-12 09:36:52,1.54,1.062,1,1.51,1.0413,98,1.51,1.0413,1,1.525,1.0517,150,0
SPY190715P301,2019-07-12,2019-07-12 09:36:52,1.54,1.062,16,1.51,1.0413,107,1.51,1.0413,1,1.525,1.0517,150,0
SPY190715P301,2019-07-12,2019-07-12 09:36:53,1.54,1.062,16,1.51,1.0413,107,1.51,1.0413,1,1.525,1.0517,150,0
SPY190715P301,2019-07-12,2019-07-12 09:36:54,1.54,1.062,16,1.51,1.0413,107,1.51,1.0413,1,1.525,1.0517,150,0
SPY190715P301,2019-07-12,2019-07-12 09:36:54,1.54,1.062,11,1.5,1.0344,61,1.51,1.0413,1,1.52,1.0482,150,0
SPY190715P301,2019-07-12,2019-07-12 09:36:55,1.53,1.0551,7,1.49,1.0275,166,1.51,1.0413,1,1.51,1.0413,150,0
SPY190715P301,2019-07-12,2019-07-12 09:36:55,1.53,1.0551,7,1.49,1.0275,176,1.51,1.0413,1,1.51,1.0413,150,0
SPY190715P301,2019-07-12,2019-07-12 09:36:56,1.53,1.0551,7,1.49,1.0275,119,1.51,1.0413,1,1.51,1.0413,150,0
SPY190715P301,2019-07-12,2019-07-12 09:36:56,1.51,1.0413,7,1.48,1.0206,50,1.51,1.0413,1,1.495,1.031,150,0
SPY190715P301,2019-07-12,2019-07-12 09:36:57,1.51,1.0413,8,1.47,1.0137,166,1.51,1.0413,1,1.49,1.0275,150,0
SPY190715P301,2019-07-12,2019-07-12 09:36:58,1.51,1.0413,10,1.47,1.0137,166,1.51,1.0413,1,1.49,1.0275,150,0
SPY190715P301,2019-07-12,2019-07-12 09:36:58,1.5,1.0344,7,1.47,1.0137,118,1.51,1.0413,1,1.485,1.0241,150,0
SPY190715P301,2019-07-12,2019-07-12 09:36:59,1.5,1.0344,10,1.47,1.0137,118,1.51,1.0413,1,1.485,1.0241,150,0
SPY190715P301,2019-07-12,2019-07-12 09:36:59,1.5,1.0344,10,1.46,1.0068,68,1.51,1.0413,1,1.48,1.0206,150,0
SPY190715P301,2019-07-12,2019-07-12 09:37:00,1.5,1.0344,10,1.46,1.0068,68,1.51,1.0413,1,1.48,1.0206,150,0
SPY190715P301,2019-07-12,2019-07-12 09:37:01,1.49,1.0275,1,1.45,1.0,168,1.51,1.0413,1,1.47,1.0137,150,0
SPY190715P301,2019-07-12,2019-07-12 09:37:01,1.5,1.0344,10,1.46,1.0068,75,1.51,1.0413,1,1.48,1.0206,150,0
SPY190715P301,2019-07-12,2019-07-12 09:37:02,1.5,1.0344,10,1.46,1.0068,75,1.51,1.0413,1,1.48,1.0206,150,0
SPY190715P301,2019-07-12,2019-07-12 09:37:03,1.5,1.0344,15,1.46,1.0068,100,1.51,1.0413,1,1.48,1.0206,150,0
SPY190715P301,2019-07-12,2019-07-12 09:37:03,1.5,1.0344,10,1.46,1.0068,120,1.51,1.0413,1,1.48,1.0206,150,0
SPY190715P301,2019-07-12,2019-07-12 09:37:04,1.5,1.0344,10,1.47,1.0137,7,1.51,1.0413,1,1.485,1.0241,150,0
SPY190715P301,2019-07-12,2019-07-12 09:37:04,1.5,1.0344,20,1.46,1.0068,187,1.51,1.0413,1,1.48,1.0206,150,0
SPY190715P301,2019-07-12,2019-07-12 09:37:05,1.5,1.0344,10,1.46,1.0068,178,1.51,1.0413,1,1.48,1.0206,150,0
SPY190715P301,2019-07-12,2019-07-12 09:37:05,1.5,1.0344,10,1.47,1.0137,81,1.51,1.0413,1,1.485,1.0241,150,0
SPY190715P301,2019-07-12,2019-07-12 09:37:06,1.52,1.0482,6,1.5,1.0344,10,1.5,1.0344,1,1.51,1.0413,153,0
SPY190715P301,2019-07-12,2019-07-12 09:37:06,1.5,1.0344,7,1.48,1.0206,100,1.5,1.0344,1,1.49,1.0275,153,3
SPY190715P301,2019-07-12,2019-07-12 09:37:07,1.52,1.0482,6,1.48,1.0206,168,1.5,1.0344,1,1.5,1.0344,153,0
SPY190715P301,2019-07-12,2019-07-12 09:37:08,1.53,1.0551,15,1.49,1.0275,114,1.5,1.0344,1,1.51,1.0413,153,0
SPY190715P301,2019-07-12,2019-07-12 09:37:08,1.52,1.0482,6,1.48,1.0206,244,1.5,1.0344,1,1.5,1.0344,153,0
SPY190715P301,2019-07-12,2019-07-12 09:37:09,1.53,1.0551,10,1.49,1.0275,114,1.5,1.0344,1,1.51,1.0413,153,0
SPY190715P301,2019-07-12,2019-07-12 09:37:09,1.53,1.0551,8,1.49,1.0275,168,1.5,1.0344,1,1.51,1.0413,153,0
SPY190715P301,2019-07-12,2019-07-12 09:37:10,1.53,1.0551,10,1.5,1.0344,6,1.5,1.0344,1,1.515,1.0448,153,0
SPY190715P301,2019-07-12,2019-07-12 09:37:11,1.53,1.0551,20,1.49,1.0275,150,1.5,1.0344,1,1.51,1.0413,153,0
SPY190715P301,2019-07-12,2019-07-12 09:37:11,1.53,1.0551,7,1.49,1.0275,150,1.5,1.0344,1,1.51,1.0413,153,0
SPY190715P301,2019-07-12,2019-07-12 09:37:12,1.53,1.0551,20,1.5,1.0344,138,1.5,1.0344,1,1.515,1.0448,153,0
SPY190715P301,2019-07-12,2019-07-12 09:37:12,1.53,1.0551,1,1.5,1.0344,149,1.5,1.0344,1,1.515,1.0448,153,0
SPY190715P301,2019-07-12,2019-07-12 09:37:13,1.53,1.0551,1,1.5,1.0344,185,1.5,1.0344,1,1.515,1.0448,153,0
SPY190715P301,2019-07-12,2019-07-12 09:37:13,1.53,1.0551,7,1.5,1.0344,42,1.5,1.0344,1,1.515,1.0448,153,0
SPY190715P301,2019-07-12,2019-07-12 09:37:14,1.53,1.0551,7,1.49,1.0275,168,1.5,1.0344,1,1.51,1.0413,153,0
SPY190715P301,2019-07-12,2019-07-12 09:37:14,1.53,1.0551,7,1.5,1.0344,10,1.5,1.0344,1,1.515,1.0448,153,0
SPY190715P301,2019-07-12,2019-07-12 09:37:15,1.52,1.0482,7,1.49,1.0275,178,1.5,1.0344,1,1.505,1.0379,153,0
SPY190715P301,2019-07-12,2019-07-12 09:37:16,1.52,1.0482,7,1.49,1.0275,162,1.5,1.0344,1,1.505,1.0379,153,0
SPY190715P301,2019-07-12,2019-07-12 09:37:16,1.52,1.0482,7,1.49,1.0275,178,1.5,1.0344,1,1.505,1.0379,153,0
SPY190715P301,2019-07-12,2019-07-12 09:37:17,1.52,1.0482,1,1.49,1.0275,177,1.52,1.0482,1,1.505,1.0379,168,15
SPY190715P301,2019-07-12,2019-07-12 09:37:17,1.52,1.0482,7,1.49,1.0275,177,1.5,1.0344,1,1.505,1.0379,153,0
SPY190715P301,2019-07-12,2019-07-12 09:37:18,1.52,1.0482,1,1.49,1.0275,134,1.52,1.0482,1,1.505,1.0379,168,0
SPY190715P301,2019-07-12,2019-07-12 09:37:18,1.52,1.0482,1,1.49,1.0275,205,1.52,1.0482,1,1.505,1.0379,168,0
SPY190715P301,2019-07-12,2019-07-12 09:37:34,1.52,1.0482,10,1.48,1.0206,163,1.52,1.0482,1,1.5,1.0344,168,0
SPY190715P301,2019-07-12,2019-07-12 09:37:35,1.51,1.0413,1,1.48,1.0206,163,1.52,1.0482,1,1.495,1.031,168,0
SPY190715P301,2019-07-12,2019-07-12 09:37:35,1.52,1.0482,11,1.48,1.0206,163,1.52,1.0482,1,1.5,1.0344,168,0
SPY190715P301,2019-07-12,2019-07-12 09:37:36,1.52,1.0482,16,1.48,1.0206,178,1.52,1.0482,1,1.5,1.0344,168,0
SPY190715P301,2019-07-12,2019-07-12 09:37:37,1.52,1.0482,16,1.48,1.0206,307,1.52,1.0482,1,1.5,1.0344,168,0
SPY190715P301,2019-07-12,2019-07-12 09:37:38,1.52,1.0482,16,1.48,1.0206,178,1.52,1.0482,1,1.5,1.0344,168,0
SPY190715P301,2019-07-12,2019-07-12 09:37:57,1.5,1.0344,10,1.47,1.0137,140,1.52,1.0482,1,1.485,1.0241,168,0
SPY190715P301,2019-07-12,2019-07-12 09:38:13,1.52,1.0482,10,1.49,1.0275,149,1.52,1.0482,1,1.505,1.0379,168,0
SPY190715P301,2019-07-12,2019-07-12 09:38:16,1.52,1.0482,10,1.49,1.0275,209,1.52,1.0482,1,1.505,1.0379,168,0
SPY190715P301,2019-07-12,2019-07-12 09:38:17,1.52,1.0482,7,1.49,1.0275,245,1.52,1.0482,1,1.505,1.0379,168,0
SPY190715P301,2019-07-12,2019-07-12 09:38:18,1.51,1.0413,11,1.48,1.0206,6,1.52,1.0482,1,1.495,1.031,168,0
SPY190715P301,2019-07-12,2019-07-12 09:38:19,1.5,1.0344,1,1.47,1.0137,178,1.52,1.0482,1,1.485,1.0241,168,0
SPY190715P301,2019-07-12,2019-07-12 09:38:20,1.5,1.0344,10,1.47,1.0137,248,1.52,1.0482,1,1.485,1.0241,168,0
SPY190715P301,2019-07-12,2019-07-12 09:38:20,1.5,1.0344,1,1.47,1.0137,248,1.52,1.0482,1,1.485,1.0241,168,0
SPY190715P301,2019-07-12,2019-07-12 09:38:21,1.51,1.0413,10,1.47,1.0137,248,1.52,1.0482,1,1.49,1.0275,168,0
SPY190715P301,2019-07-12,2019-07-12 09:38:22,1.51,1.0413,10,1.47,1.0137,10,1.52,1.0482,1,1.49,1.0275,168,0
SPY190715P301,2019-07-12,2019-07-12 09:38:22,1.5,1.0344,6,1.47,1.0137,136,1.52,1.0482,1,1.485,1.0241,168,0
SPY190715P301,2019-07-12,2019-07-12 09:38:23,1.5,1.0344,6,1.47,1.0137,191,1.52,1.0482,1,1.485,1.0241,168,0
SPY190715P301,2019-07-12,2019-07-12 09:38:27,1.5,1.0344,20,1.47,1.0137,73,1.52,1.0482,1,1.485,1.0241,168,0
SPY190715P301,2019-07-12,2019-07-12 09:38:28,1.5,1.0344,20,1.47,1.0137,50,1.52,1.0482,1,1.485,1.0241,168,0
SPY190715P301,2019-07-12,2019-07-12 09:38:29,1.5,1.0344,10,1.47,1.0137,50,1.52,1.0482,1,1.485,1.0241,168,0
SPY190715P301,2019-07-12,2019-07-12 09:38:29,1.5,1.0344,10,1.47,1.0137,73,1.52,1.0482,1,1.485,1.0241,168,0
SPY190715P301,2019-07-12,2019-07-12 09:38:30,1.5,1.0344,10,1.47,1.0137,72,1.52,1.0482,1,1.485,1.0241,168,0
SPY190715P301,2019-07-12,2019-07-12 09:38:31,1.5,1.0344,21,1.47,1.0137,73,1.52,1.0482,1,1.485,1.0241,168,0
SPY190715P301,2019-07-12,2019-07-12 09:38:31,1.5,1.0344,10,1.47,1.0137,72,1.52,1.0482,1,1.485,1.0241,168,0
SPY190715P301,2019-07-12,2019-07-12 09:38:32,1.5,1.0344,21,1.47,1.0137,73,1.52,1.0482,1,1.485,1.0241,168,0
SPY190715P301,2019-07-12,2019-07-12 09:38:33,1.5,1.0344,21,1.47,1.0137,72,1.52,1.0482,1,1.485,1.0241,168,0
SPY190715P301,2019-07-12,2019-07-12 09:38:33,1.5,1.0344,21,1.47,1.0137,73,1.52,1.0482,1,1.485,1.0241,168,0
SPY190715P301,2019-07-12,2019-07-12 09:38:34,1.49,1.0275,1,1.47,1.0137,72,1.52,1.0482,1,1.48,1.0206,168,0
SPY190715P301,2019-07-12,2019-07-12 09:38:34,1.48,1.0206,7,1.46,1.0068,100,1.52,1.0482,1,1.47,1.0137,168,0
SPY190715P301,2019-07-12,2019-07-12 09:38:35,1.48,1.0206,1,1.46,1.0068,10,1.52,1.0482,1,1.47,1.0137,168,0
SPY190715P301,2019-07-12,2019-07-12 09:38:35,1.48,1.0206,7,1.46,1.0068,10,1.52,1.0482,1,1.47,1.0137,168,0
SPY190715P301,2019-07-12,2019-07-12 09:38:36,1.48,1.0206,2,1.46,1.0068,10,1.52,1.0482,1,1.47,1.0137,168,0
SPY190715P301,2019-07-12,2019-07-12 09:38:36,1.48,1.0206,1,1.46,1.0068,86,1.52,1.0482,1,1.47,1.0137,168,0
SPY190715P301,2019-07-12,2019-07-12 09:38:37,1.48,1.0206,11,1.46,1.0068,8,1.52,1.0482,1,1.47,1.0137,168,0
SPY190715P301,2019-07-12,2019-07-12 09:38:38,1.48,1.0206,7,1.46,1.0068,10,1.52,1.0482,1,1.47,1.0137,168,0
SPY190715P301,2019-07-12,2019-07-12 09:38:38,1.48,1.0206,1,1.46,1.0068,10,1.52,1.0482,1,1.47,1.0137,168,0
SPY190715P301,2019-07-12,2019-07-12 09:38:39,1.48,1.0206,5,1.46,1.0068,10,1.52,1.0482,1,1.47,1.0137,168,0
SPY190715P301,2019-07-12,2019-07-12 09:38:39,1.48,1.0206,11,1.46,1.0068,10,1.52,1.0482,1,1.47,1.0137,168,0
SPY190715P301,2019-07-12,2019-07-12 09:38:40,1.48,1.0206,5,1.46,1.0068,10,1.52,1.0482,1,1.47,1.0137,168,0
SPY190715P301,2019-07-12,2019-07-12 09:38:40,1.48,1.0206,6,1.46,1.0068,10,1.52,1.0482,1,1.47,1.0137,168,0
SPY190715P301,2019-07-12,2019-07-12 09:38:41,1.48,1.0206,6,1.45,1.0,100,1.52,1.0482,1,1.465,1.0103,168,0
SPY190715P301,2019-07-12,2019-07-12 09:38:41,1.48,1.0206,6,1.46,1.0068,10,1.52,1.0482,1,1.47,1.0137,168,0
SPY190715P301,2019-07-12,2019-07-12 09:38:42,1.48,1.0206,16,1.45,1.0,210,1.52,1.0482,1,1.465,1.0103,168,0
SPY190715P301,2019-07-12,2019-07-12 09:38:43,1.48,1.0206,1,1.45,1.0,210,1.52,1.0482,1,1.465,1.0103,168,0
SPY190715P301,2019-07-12,2019-07-12 09:38:43,1.48,1.0206,10,1.45,1.0,210,1.52,1.0482,1,1.465,1.0103,168,0
SPY190715P301,2019-07-12,2019-07-12 09:38:44,1.48,1.0206,1,1.45,1.0,210,1.52,1.0482,1,1.465,1.0103,168,0
SPY190715P301,2019-07-12,2019-07-12 09:38:44,1.49,1.0275,20,1.46,1.0068,8,1.52,1.0482,1,1.475,1.0172,168,0
SPY190715P301,2019-07-12,2019-07-12 09:38:45,1.49,1.0275,20,1.46,1.0068,76,1.52,1.0482,1,1.475,1.0172,168,0
SPY190715P301,2019-07-12,2019-07-12 09:38:46,1.48,1.0206,100,1.45,1.0,100,1.52,1.0482,1,1.465,1.0103,168,0
SPY190715P301,2019-07-12,2019-07-12 09:38:46,1.48,1.0206,100,1.44,0.9931,83,1.52,1.0482,1,1.46,1.0068,168,0
SPY190715P301,2019-07-12,2019-07-12 09:38:47,1.48,1.0206,100,1.44,0.9931,83,1.52,1.0482,1,1.46,1.0068,168,0
SPY190715P301,2019-07-12,2019-07-12 09:38:48,1.48,1.0206,100,1.44,0.9931,83,1.52,1.0482,1,1.46,1.0068,168,0
SPY190715P301,2019-07-12,2019-07-12 09:38:49,1.47,1.0137,20,1.44,0.9931,83,1.52,1.0482,1,1.455,1.0034,168,0
SPY190715P301,2019-07-12,2019-07-12 09:38:49,1.48,1.0206,6,1.45,1.0,6,1.52,1.0482,1,1.465,1.0103,168,0
SPY190715P301,2019-07-12,2019-07-12 09:38:50,1.48,1.0206,1,1.45,1.0,60,1.52,1.0482,1,1.465,1.0103,168,0
SPY190715P301,2019-07-12,2019-07-12 09:38:51,1.49,1.0275,20,1.46,1.0068,6,1.52,1.0482,1,1.475,1.0172,168,0
SPY190715P301,2019-07-12,2019-07-12 09:38:51,1.48,1.0206,1,1.45,1.0,120,1.52,1.0482,1,1.465,1.0103,168,0
SPY190715P301,2019-07-12,2019-07-12 09:38:52,1.48,1.0206,1,1.45,1.0,100,1.52,1.0482,1,1.465,1.0103,168,0
SPY190715P301,2019-07-12,2019-07-12 09:38:52,1.49,1.0275,21,1.46,1.0068,6,1.52,1.0482,1,1.475,1.0172,168,0
SPY190715P301,2019-07-12,2019-07-12 09:38:53,1.48,1.0206,1,1.45,1.0,100,1.52,1.0482,1,1.465,1.0103,168,0
SPY190715P301,2019-07-12,2019-07-12 09:38:53,1.49,1.0275,10,1.45,1.0,100,1.52,1.0482,1,1.47,1.0137,168,0
SPY190715P301,2019-07-12,2019-07-12 09:38:54,1.49,1.0275,10,1.46,1.0068,83,1.52,1.0482,1,1.475,1.0172,168,0
SPY190715P301,2019-07-12,2019-07-12 09:38:55,1.49,1.0275,2,1.46,1.0068,80,1.52,1.0482,1,1.475,1.0172,168,0
SPY190715P301,2019-07-12,2019-07-12 09:38:55,1.51,1.0413,7,1.47,1.0137,7,1.52,1.0482,1,1.49,1.0275,168,0
SPY190715P301,2019-07-12,2019-07-12 09:38:56,1.51,1.0413,15,1.47,1.0137,178,1.52,1.0482,1,1.49,1.0275,168,0
SPY190715P301,2019-07-12,2019-07-12 09:38:56,1.5,1.0344,7,1.47,1.0137,250,1.52,1.0482,1,1.485,1.0241,168,0
SPY190715P301,2019-07-12,2019-07-12 09:38:57,1.52,1.0482,7,1.49,1.0275,6,1.52,1.0482,1,1.505,1.0379,168,0
SPY190715P301,2019-07-12,2019-07-12 09:38:57,1.52,1.0482,8,1.48,1.0206,167,1.52,1.0482,1,1.5,1.0344,168,0
SPY190715P301,2019-07-12,2019-07-12 09:38:58,1.51,1.0413,20,1.47,1.0137,178,1.52,1.0482,1,1.49,1.0275,168,0
SPY190715P301,2019-07-12,2019-07-12 09:38:58,1.51,1.0413,20,1.48,1.0206,63,1.52,1.0482,1,1.495,1.031,168,0
SPY190715P301,2019-07-12,2019-07-12 09:38:59,1.51,1.0413,20,1.47,1.0137,178,1.52,1.0482,1,1.49,1.0275,168,0
SPY190715P301,2019-07-12,2019-07-12 09:39:00,1.51,1.0413,10,1.47,1.0137,167,1.52,1.0482,1,1.49,1.0275,168,0
SPY190715P301,2019-07-12,2019-07-12 09:39:00,1.51,1.0413,20,1.47,1.0137,178,1.52,1.0482,1,1.49,1.0275,168,0
SPY190715P301,2019-07-12,2019-07-12 09:39:01,1.5,1.0344,6,1.47,1.0137,286,1.52,1.0482,1,1.485,1.0241,168,0
SPY190715P301,2019-07-12,2019-07-12 09:39:01,1.5,1.0344,10,1.47,1.0137,178,1.52,1.0482,1,1.485,1.0241,168,0
SPY190715P301,2019-07-12,2019-07-12 09:39:02,1.5,1.0344,6,1.47,1.0137,286,1.52,1.0482,1,1.485,1.0241,168,0
SPY190715P301,2019-07-12,2019-07-12 09:39:02,1.5,1.0344,11,1.47,1.0137,316,1.52,1.0482,1,1.485,1.0241,168,0
SPY190715P301,2019-07-12,2019-07-12 09:39:03,1.49,1.0275,1,1.46,1.0068,58,1.52,1.0482,1,1.475,1.0172,168,0
SPY190715P301,2019-07-12,2019-07-12 09:39:04,1.48,1.0206,7,1.45,1.0,315,1.52,1.0482,1,1.465,1.0103,168,0
SPY190715P301,2019-07-12,2019-07-12 09:39:05,1.48,1.0206,11,1.45,1.0,134,1.52,1.0482,1,1.465,1.0103,168,0
SPY190715P301,2019-07-12,2019-07-12 09:39:05,1.48,1.0206,7,1.45,1.0,134,1.52,1.0482,1,1.465,1.0103,168,0
SPY190715P301,2019-07-12,2019-07-12 09:39:06,1.47,1.0137,10,1.44,0.9931,63,1.52,1.0482,1,1.455,1.0034,168,0
SPY190715P301,2019-07-12,2019-07-12 09:39:06,1.47,1.0137,10,1.44,0.9931,69,1.52,1.0482,1,1.455,1.0034,168,0
SPY190715P301,2019-07-12,2019-07-12 09:39:07,1.47,1.0137,10,1.44,0.9931,69,1.52,1.0482,1,1.455,1.0034,168,0
SPY190715P301,2019-07-12,2019-07-12 09:39:07,1.47,1.0137,20,1.44,0.9931,69,1.52,1.0482,1,1.455,1.0034,168,0
SPY190715P301,2019-07-12,2019-07-12 09:39:08,1.47,1.0137,20,1.44,0.9931,69,1.52,1.0482,1,1.455,1.0034,168,0
SPY190715P301,2019-07-12,2019-07-12 09:39:09,1.47,1.0137,20,1.44,0.9931,71,1.52,1.0482,1,1.455,1.0034,168,0
SPY190715P301,2019-07-12,2019-07-12 09:39:09,1.47,1.0137,20,1.44,0.9931,69,1.52,1.0482,1,1.455,1.0034,168,0
SPY190715P301,2019-07-12,2019-07-12 09:39:10,1.45,1.0,1,1.41,0.9724,169,1.52,1.0482,1,1.43,0.9862,168,0
SPY190715P301,2019-07-12,2019-07-12 09:39:10,1.47,1.0137,18,1.44,0.9931,49,1.52,1.0482,1,1.455,1.0034,168,0
SPY190715P301,2019-07-12,2019-07-12 09:39:11,1.48,1.0206,168,1.43,0.9862,6,1.52,1.0482,1,1.455,1.0034,168,0
SPY190715P301,2019-07-12,2019-07-12 09:39:11,1.45,1.0,7,1.42,0.9793,6,1.52,1.0482,1,1.435,0.9896,168,0
SPY190715P301,2019-07-12,2019-07-12 09:39:12,1.46,1.0068,7,1.43,0.9862,7,1.52,1.0482,1,1.445,0.9965,168,0
SPY190715P301,2019-07-12,2019-07-12 09:39:12,1.45,1.0,7,1.41,0.9724,168,1.52,1.0482,1,1.43,0.9862,168,0
SPY190715P301,2019-07-12,2019-07-12 09:39:13,1.46,1.0068,7,1.43,0.9862,120,1.52,1.0482,1,1.445,0.9965,168,0
SPY190715P301,2019-07-12,2019-07-12 09:39:14,1.45,1.0,7,1.42,0.9793,68,1.52,1.0482,1,1.435,0.9896,168,0
SPY190715P301,2019-07-12,2019-07-12 09:39:14,1.46,1.0068,7,1.43,0.9862,120,1.52,1.0482,1,1.445,0.9965,168,0
SPY190715P301,2019-07-12,2019-07-12 09:39:15,1.45,1.0,10,1.42,0.9793,120,1.52,1.0482,1,1.435,0.9896,168,0
SPY190715P301,2019-07-12,2019-07-12 09:39:16,1.44,0.9931,7,1.41,0.9724,100,1.52,1.0482,1,1.425,0.9827,168,0
SPY190715P301,2019-07-12,2019-07-12 09:39:16,1.45,1.0,10,1.42,0.9793,120,1.52,1.0482,1,1.435,0.9896,168,0
SPY190715P301,2019-07-12,2019-07-12 09:39:17,1.44,0.9931,7,1.41,0.9724,100,1.52,1.0482,1,1.425,0.9827,168,0
SPY190715P301,2019-07-12,2019-07-12 09:39:17,1.44,0.9931,7,1.41,0.9724,145,1.52,1.0482,1,1.425,0.9827,168,0
SPY190715P301,2019-07-12,2019-07-12 09:39:18,1.44,0.9931,7,1.41,0.9724,295,1.52,1.0482,1,1.425,0.9827,168,0
SPY190715P301,2019-07-12,2019-07-12 09:39:19,1.43,0.9862,163,1.41,0.9724,51,1.52,1.0482,1,1.42,0.9793,168,0
SPY190715P301,2019-07-12,2019-07-12 09:39:19,1.44,0.9931,8,1.41,0.9724,295,1.52,1.0482,1,1.425,0.9827,168,0
SPY190715P301,2019-07-12,2019-07-12 09:39:20,1.41,0.9724,10,1.39,0.9586,1,1.39,0.9586,1,1.4,0.9655,169,1
SPY190715P301,2019-07-12,2019-07-12 09:39:20,1.42,0.9793,10,1.38,0.9517,168,1.39,0.9586,1,1.4,0.9655,169,0
SPY190715P301,2019-07-12,2019-07-12 09:39:21,1.42,0.9793,10,1.39,0.9586,5,1.39,0.9586,1,1.405,0.9689,169,0
SPY190715P301,2019-07-12,2019-07-12 09:39:21,1.42,0.9793,1,1.39,0.9586,5,1.39,0.9586,1,1.405,0.9689,169,0
SPY190715P301,2019-07-12,2019-07-12 09:39:22,1.42,0.9793,1,1.39,0.9586,125,1.39,0.9586,1,1.405,0.9689,169,0
SPY190715P301,2019-07-12,2019-07-12 09:39:22,1.42,0.9793,1,1.39,0.9586,100,1.39,0.9586,1,1.405,0.9689,169,0
SPY190715P301,2019-07-12,2019-07-12 09:39:23,1.42,0.9793,1,1.39,0.9586,125,1.39,0.9586,1,1.405,0.9689,169,0
SPY190715P301,2019-07-12,2019-07-12 09:39:24,1.42,0.9793,1,1.39,0.9586,120,1.39,0.9586,1,1.405,0.9689,169,0
SPY190715P301,2019-07-12,2019-07-12 09:39:25,1.42,0.9793,1,1.39,0.9586,170,1.39,0.9586,1,1.405,0.9689,169,0
SPY190715P301,2019-07-12,2019-07-12 09:39:25,1.42,0.9793,1,1.39,0.9586,196,1.39,0.9586,1,1.405,0.9689,169,0
SPY190715P301,2019-07-12,2019-07-12 09:39:26,1.42,0.9793,10,1.39,0.9586,82,1.39,0.9586,1,1.405,0.9689,169,0
SPY190715P301,2019-07-12,2019-07-12 09:39:26,1.42,0.9793,10,1.39,0.9586,119,1.39,0.9586,1,1.405,0.9689,169,0
SPY190715P301,2019-07-12,2019-07-12 09:39:27,1.42,0.9793,10,1.39,0.9586,119,1.39,0.9586,1,1.405,0.9689,169,0
SPY190715P301,2019-07-12,2019-07-12 09:39:28,1.42,0.9793,10,1.39,0.9586,119,1.39,0.9586,1,1.405,0.9689,169,0
SPY190715P301,2019-07-12,2019-07-12 09:39:29,1.41,0.9724,7,1.38,0.9517,169,1.39,0.9586,1,1.395,0.962,169,0
SPY190715P301,2019-07-12,2019-07-12 09:39:29,1.42,0.9793,10,1.39,0.9586,119,1.39,0.9586,1,1.405,0.9689,169,0
SPY190715P301,2019-07-12,2019-07-12 09:39:30,1.41,0.9724,10,1.38,0.9517,90,1.39,0.9586,1,1.395,0.962,169,0
SPY190715P301,2019-07-12,2019-07-12 09:39:31,1.41,0.9724,10,1.38,0.9517,110,1.39,0.9586,1,1.395,0.962,169,0
SPY190715P301,2019-07-12,2019-07-12 09:39:32,1.41,0.9724,10,1.38,0.9517,110,1.39,0.9586,1,1.395,0.962,169,0
SPY190715P301,2019-07-12,2019-07-12 09:39:33,1.41,0.9724,20,1.38,0.9517,110,1.39,0.9586,1,1.395,0.962,169,0
SPY190715P301,2019-07-12,2019-07-12 09:39:33,1.41,0.9724,21,1.38,0.9517,110,1.39,0.9586,1,1.395,0.962,169,0
SPY190715P301,2019-07-12,2019-07-12 09:39:34,1.38,0.9517,1,1.36,0.9379,72,1.39,0.9586,20,1.37,0.9448,189,0
SPY190715P301,2019-07-12,2019-07-12 09:39:34,1.38,0.9517,1,1.36,0.9379,59,1.39,0.9586,20,1.37,0.9448,189,20
SPY190715P301,2019-07-12,2019-07-12 09:39:35,1.38,0.9517,1,1.35,0.931,120,1.39,0.9586,20,1.365,0.9413,189,0
SPY190715P301,2019-07-12,2019-07-12 09:39:35,1.39,0.9586,6,1.35,0.931,164,1.39,0.9586,20,1.37,0.9448,189,0
SPY190715P301,2019-07-12,2019-07-12 09:39:36,1.37,0.9448,7,1.34,0.9241,64,1.39,0.9586,20,1.355,0.9344,189,0
SPY190715P301,2019-07-12,2019-07-12 09:39:37,1.36,0.9379,2,1.34,0.9241,88,1.39,0.9586,20,1.35,0.931,189,0
SPY190715P301,2019-07-12,2019-07-12 09:39:37,1.37,0.9448,7,1.34,0.9241,64,1.39,0.9586,20,1.355,0.9344,189,0
SPY190715P301,2019-07-12,2019-07-12 09:39:38,1.35,0.931,1,1.33,0.9172,30,1.39,0.9586,20,1.34,0.9241,189,0
SPY190715P301,2019-07-12,2019-07-12 09:39:38,1.36,0.9379,2,1.33,0.9172,100,1.39,0.9586,20,1.345,0.9275,189,0
SPY190715P301,2019-07-12,2019-07-12 09:39:39,1.36,0.9379,1,1.33,0.9172,7,1.39,0.9586,20,1.345,0.9275,189,0
SPY190715P301,2019-07-12,2019-07-12 09:39:39,1.35,0.931,10,1.32,0.9103,170,1.39,0.9586,20,1.335,0.9206,189,0
SPY190715P301,2019-07-12,2019-07-12 09:39:40,1.34,0.9241,1,1.32,0.9103,51,1.39,0.9586,20,1.33,0.9172,189,0
SPY190715P301,2019-07-12,2019-07-12 09:39:41,1.33,0.9172,10,1.3,0.8965,100,1.39,0.9586,20,1.315,0.9068,189,0
SPY190715P301,2019-07-12,2019-07-12 09:39:42,1.33,0.9172,11,1.3,0.8965,120,1.39,0.9586,20,1.315,0.9068,189,0
SPY190715P301,2019-07-12,2019-07-12 09:39:42,1.33,0.9172,10,1.3,0.8965,120,1.39,0.9586,20,1.315,0.9068,189,0
SPY190715P301,2019-07-12,2019-07-12 09:39:43,1.33,0.9172,11,1.3,0.8965,120,1.39,0.9586,20,1.315,0.9068,189,0
SPY190715P301,2019-07-12,2019-07-12 09:39:43,1.33,0.9172,10,1.3,0.8965,120,1.39,0.9586,20,1.315,0.9068,189,0
SPY190715P301,2019-07-12,2019-07-12 09:39:44,1.33,0.9172,20,1.3,0.8965,120,1.39,0.9586,20,1.315,0.9068,189,0
SPY190715P301,2019-07-12,2019-07-12 09:39:45,1.33,0.9172,10,1.3,0.8965,120,1.39,0.9586,20,1.315,0.9068,189,0
SPY190715P301,2019-07-12,2019-07-12 09:39:46,1.33,0.9172,10,1.3,0.8965,120,1.39,0.9586,20,1.315,0.9068,189,0
SPY190715P301,2019-07-12,2019-07-12 09:39:47,1.33,0.9172,11,1.3,0.8965,120,1.39,0.9586,20,1.315,0.9068,189,0
SPY190715P301,2019-07-12,2019-07-12 09:39:48,1.33,0.9172,10,1.3,0.8965,120,1.39,0.9586,20,1.315,0.9068,189,0
SPY190715P301,2019-07-12,2019-07-12 09:39:48,1.33,0.9172,10,1.3,0.8965,100,1.39,0.9586,20,1.315,0.9068,189,0
SPY190715P301,2019-07-12,2019-07-12 09:39:49,1.33,0.9172,10,1.3,0.8965,100,1.39,0.9586,20,1.315,0.9068,189,0
SPY190715P301,2019-07-12,2019-07-12 09:39:50,1.33,0.9172,1,1.3,0.8965,5,1.39,0.9586,20,1.315,0.9068,189,0
SPY190715P301,2019-07-12,2019-07-12 09:39:50,1.34,0.9241,145,1.29,0.8896,100,1.39,0.9586,20,1.315,0.9068,189,0
SPY190715P301,2019-07-12,2019-07-12 09:39:51,1.34,0.9241,145,1.3,0.8965,6,1.39,0.9586,20,1.32,0.9103,189,0
SPY190715P301,2019-07-12,2019-07-12 09:39:52,1.33,0.9172,17,1.29,0.8896,170,1.39,0.9586,20,1.31,0.9034,189,0
SPY190715P301,2019-07-12,2019-07-12 09:39:52,1.33,0.9172,10,1.3,0.8965,10,1.39,0.9586,20,1.315,0.9068,189,0
SPY190715P301,2019-07-12,2019-07-12 09:39:53,1.32,0.9103,1,1.29,0.8896,166,1.39,0.9586,20,1.305,0.9,189,0
SPY190715P301,2019-07-12,2019-07-12 09:39:53,1.32,0.9103,7,1.29,0.8896,145,1.39,0.9586,20,1.305,0.9,189,0
SPY190715P301,2019-07-12,2019-07-12 09:39:54,1.32,0.9103,1,1.3,0.8965,13,1.39,0.9586,20,1.31,0.9034,189,0
SPY190715P301,2019-07-12,2019-07-12 09:39:55,1.32,0.9103,1,1.3,0.8965,135,1.39,0.9586,20,1.31,0.9034,189,0
SPY190715P301,2019-07-12,2019-07-12 09:39:55,1.33,0.9172,20,1.3,0.8965,135,1.39,0.9586,20,1.315,0.9068,189,0
SPY190715P301,2019-07-12,2019-07-12 09:39:56,1.35,0.931,6,1.3,0.8965,190,1.39,0.9586,20,1.325,0.9137,189,0
SPY190715P301,2019-07-12,2019-07-12 09:39:57,1.34,0.9241,10,1.31,0.9034,114,1.39,0.9586,20,1.325,0.9137,189,0
SPY190715P301,2019-07-12,2019-07-12 09:39:58,1.34,0.9241,2,1.31,0.9034,120,1.39,0.9586,20,1.325,0.9137,189,0
SPY190715P301,2019-07-12,2019-07-12 09:39:58,1.34,0.9241,1,1.31,0.9034,120,1.39,0.9586,20,1.325,0.9137,189,0
SPY190715P301,2019-07-12,2019-07-12 09:39:59,1.35,0.931,20,1.32,0.9103,11,1.39,0.9586,20,1.335,0.9206,189,0
SPY190715P301,2019-07-12,2019-07-12 09:39:59,1.37,0.9448,100,1.33,0.9172,5,1.39,0.9586,20,1.35,0.931,189,0
SPY190715P301,2019-07-12,2019-07-12 09:40:00,1.36,0.9379,1,1.34,0.9241,100,1.39,0.9586,20,1.35,0.931,189,0
SPY190715P301,2019-07-12,2019-07-12 09:40:01,1.38,0.9517,7,1.35,0.931,11,1.39,0.9586,20,1.365,0.9413,189,0
SPY190715P301,2019-07-12,2019-07-12 09:40:01,1.38,0.9517,1,1.35,0.931,170,1.39,0.9586,20,1.365,0.9413,189,0
SPY190715P301,2019-07-12,2019-07-12 09:40:02,1.38,0.9517,7,1.35,0.931,180,1.39,0.9586,20,1.365,0.9413,189,0
SPY190715P301,2019-07-12,2019-07-12 09:40:02,1.37,0.9448,7,1.35,0.931,81,1.39,0.9586,20,1.36,0.9379,189,0
SPY190715P301,2019-07-12,2019-07-12 09:40:03,1.35,0.931,7,1.32,0.9103,171,1.39,0.9586,20,1.335,0.9206,189,0
SPY190715P301,2019-07-12,2019-07-12 09:40:03,1.35,0.931,7,1.33,0.9172,10,1.39,0.9586,20,1.34,0.9241,189,0
SPY190715P301,2019-07-12,2019-07-12 09:40:04,1.34,0.9241,10,1.31,0.9034,51,1.39,0.9586,20,1.325,0.9137,189,0
SPY190715P301,2019-07-12,2019-07-12 09:40:05,1.33,0.9172,1,1.3,0.8965,120,1.39,0.9586,20,1.315,0.9068,189,0
SPY190715P301,2019-07-12,2019-07-12 09:40:05,1.34,0.9241,6,1.31,0.9034,11,1.39,0.9586,20,1.325,0.9137,189,0
SPY190715P301,2019-07-12,2019-07-12 09:40:06,1.33,0.9172,1,1.31,0.9034,10,1.39,0.9586,20,1.32,0.9103,189,0
SPY190715P301,2019-07-12,2019-07-12 09:40:06,1.33,0.9172,1,1.31,0.9034,38,1.39,0.9586,20,1.32,0.9103,189,0
SPY190715P301,2019-07-12,2019-07-12 09:40:07,1.33,0.9172,1,1.31,0.9034,7,1.39,0.9586,20,1.32,0.9103,189,0
SPY190715P301,2019-07-12,2019-07-12 09:40:08,1.33,0.9172,1,1.3,0.8965,100,1.39,0.9586,20,1.315,0.9068,189,0
SPY190715P301,2019-07-12,2019-07-12 09:40:08,1.33,0.9172,10,1.3,0.8965,100,1.39,0.9586,20,1.315,0.9068,189,0
SPY190715P301,2019-07-12,2019-07-12 09:40:09,1.33,0.9172,20,1.3,0.8965,120,1.39,0.9586,20,1.315,0.9068,189,0
SPY190715P301,2019-07-12,2019-07-12 09:40:09,1.33,0.9172,27,1.3,0.8965,120,1.39,0.9586,20,1.315,0.9068,189,0
SPY190715P301,2019-07-12,2019-07-12 09:40:10,1.33,0.9172,20,1.3,0.8965,120,1.39,0.9586,20,1.315,0.9068,189,0
SPY190715P301,2019-07-12,2019-07-12 09:40:11,1.31,0.9034,10,1.28,0.8827,172,1.39,0.9586,20,1.295,0.8931,189,0
SPY190715P301,2019-07-12,2019-07-12 09:40:11,1.31,0.9034,1,1.28,0.8827,106,1.39,0.9586,20,1.295,0.8931,189,0
SPY190715P301,2019-07-12,2019-07-12 09:40:12,1.31,0.9034,1,1.3,0.8965,10,1.39,0.9586,20,1.305,0.9,189,0
SPY190715P301,2019-07-12,2019-07-12 09:40:12,1.31,0.9034,1,1.28,0.8827,176,1.39,0.9586,20,1.295,0.8931,189,0
SPY190715P301,2019-07-12,2019-07-12 09:40:13,1.33,0.9172,10,1.29,0.8896,112,1.39,0.9586,20,1.31,0.9034,189,0
SPY190715P301,2019-07-12,2019-07-12 09:40:14,1.31,0.9034,7,1.28,0.8827,172,1.39,0.9586,20,1.295,0.8931,189,0
SPY190715P301,2019-07-12,2019-07-12 09:40:14,1.32,0.9103,10,1.28,0.8827,171,1.39,0.9586,20,1.3,0.8965,189,0
SPY190715P301,2019-07-12,2019-07-12 09:40:15,1.31,0.9034,10,1.28,0.8827,172,1.39,0.9586,20,1.295,0.8931,189,0
SPY190715P301,2019-07-12,2019-07-12 09:40:16,1.31,0.9034,10,1.28,0.8827,172,1.39,0.9586,20,1.295,0.8931,189,0
SPY190715P301,2019-07-12,2019-07-12 09:40:17,1.31,0.9034,10,1.28,0.8827,166,1.39,0.9586,20,1.295,0.8931,189,0
SPY190715P301,2019-07-12,2019-07-12 09:40:18,1.31,0.9034,10,1.28,0.8827,100,1.39,0.9586,20,1.295,0.8931,189,0
SPY190715P301,2019-07-12,2019-07-12 09:40:19,1.31,0.9034,12,1.28,0.8827,120,1.39,0.9586,20,1.295,0.8931,189,0
SPY190715P301,2019-07-12,2019-07-12 09:40:19,1.31,0.9034,10,1.28,0.8827,120,1.39,0.9586,20,1.295,0.8931,189,0
SPY190715P301,2019-07-12,2019-07-12 09:40:20,1.3,0.8965,1,1.27,0.8758,100,1.39,0.9586,20,1.285,0.8862,189,0
SPY190715P301,2019-07-12,2019-07-12 09:40:20,1.31,0.9034,20,1.27,0.8758,111,1.39,0.9586,20,1.29,0.8896,189,0
SPY190715P301,2019-07-12,2019-07-12 09:40:21,1.3,0.8965,1,1.27,0.8758,101,1.39,0.9586,20,1.285,0.8862,189,0
SPY190715P301,2019-07-12,2019-07-12 09:40:22,1.3,0.8965,10,1.27,0.8758,110,1.39,0.9586,20,1.285,0.8862,189,0
SPY190715P301,2019-07-12,2019-07-12 09:40:22,1.29,0.8896,1,1.27,0.8758,18,1.39,0.9586,20,1.28,0.8827,189,0
SPY190715P301,2019-07-12,2019-07-12 09:40:23,1.29,0.8896,1,1.26,0.8689,101,1.39,0.9586,20,1.275,0.8793,189,0
SPY190715P301,2019-07-12,2019-07-12 09:40:23,1.29,0.8896,25,1.26,0.8689,111,1.39,0.9586,20,1.275,0.8793,189,0
SPY190715P301,2019-07-12,2019-07-12 09:40:24,1.29,0.8896,10,1.26,0.8689,111,1.39,0.9586,20,1.275,0.8793,189,0
SPY190715P301,2019-07-12,2019-07-12 09:40:25,1.29,0.8896,12,1.26,0.8689,146,1.39,0.9586,20,1.275,0.8793,189,0
SPY190715P301,2019-07-12,2019-07-12 09:40:25,1.31,0.9034,16,1.28,0.8827,6,1.39,0.9586,20,1.295,0.8931,189,0
SPY190715P301,2019-07-12,2019-07-12 09:40:26,1.31,0.9034,16,1.28,0.8827,6,1.39,0.9586,20,1.295,0.8931,189,0
SPY190715P301,2019-07-12,2019-07-12 09:40:27,1.31,0.9034,44,1.28,0.8827,15,1.39,0.9586,20,1.295,0.8931,189,0
SPY190715P301,2019-07-12,2019-07-12 09:40:28,1.31,0.9034,35,1.28,0.8827,20,1.39,0.9586,20,1.295,0.8931,189,0
SPY190715P301,2019-07-12,2019-07-12 09:40:28,1.31,0.9034,44,1.28,0.8827,16,1.39,0.9586,20,1.295,0.8931,189,0
SPY190715P301,2019-07-12,2019-07-12 09:40:29,1.31,0.9034,20,1.28,0.8827,16,1.39,0.9586,20,1.295,0.8931,189,0
SPY190715P301,2019-07-12,2019-07-12 09:40:30,1.32,0.9103,7,1.29,0.8896,46,1.39,0.9586,20,1.305,0.9,189,0
SPY190715P301,2019-07-12,2019-07-12 09:40:30,1.31,0.9034,10,1.28,0.8827,16,1.39,0.9586,20,1.295,0.8931,189,0
SPY190715P301,2019-07-12,2019-07-12 09:40:31,1.32,0.9103,7,1.29,0.8896,6,1.39,0.9586,20,1.305,0.9,189,0
SPY190715P301,2019-07-12,2019-07-12 09:40:32,1.32,0.9103,17,1.29,0.8896,49,1.39,0.9586,20,1.305,0.9,189,0
SPY190715P301,2019-07-12,2019-07-12 09:40:32,1.32,0.9103,17,1.29,0.8896,7,1.39,0.9586,20,1.305,0.9,189,0
SPY190715P301,2019-07-12,2019-07-12 09:40:33,1.32,0.9103,10,1.29,0.8896,20,1.39,0.9586,20,1.305,0.9,189,0
SPY190715P301,2019-07-12,2019-07-12 09:40:33,1.32,0.9103,10,1.29,0.8896,36,1.39,0.9586,20,1.305,0.9,189,0
SPY190715P301,2019-07-12,2019-07-12 09:40:34,1.31,0.9034,7,1.28,0.8827,101,1.39,0.9586,20,1.295,0.8931,189,0
SPY190715P301,2019-07-12,2019-07-12 09:40:35,1.31,0.9034,7,1.28,0.8827,113,1.39,0.9586,20,1.295,0.8931,189,0
SPY190715P301,2019-07-12,2019-07-12 09:40:36,1.32,0.9103,10,1.29,0.8896,6,1.39,0.9586,20,1.305,0.9,189,0
SPY190715P301,2019-07-12,2019-07-12 09:40:36,1.32,0.9103,14,1.29,0.8896,9,1.39,0.9586,20,1.305,0.9,189,0
SPY190715P301,2019-07-12,2019-07-12 09:40:37,1.32,0.9103,12,1.29,0.8896,48,1.39,0.9586,20,1.305,0.9,189,0
SPY190715P301,2019-07-12,2019-07-12 09:40:37,1.32,0.9103,12,1.29,0.8896,50,1.39,0.9586,20,1.305,0.9,189,0
SPY190715P301,2019-07-12,2019-07-12 09:40:38,1.33,0.9172,20,1.29,0.8896,45,1.39,0.9586,20,1.31,0.9034,189,0
SPY190715P301,2019-07-12,2019-07-12 09:40:38,1.32,0.9103,10,1.29,0.8896,10,1.39,0.9586,20,1.305,0.9,189,0
SPY190715P301,2019-07-12,2019-07-12 09:40:39,1.32,0.9103,6,1.29,0.8896,20,1.39,0.9586,20,1.305,0.9,189,0
SPY190715P301,2019-07-12,2019-07-12 09:40:40,1.33,0.9172,20,1.29,0.8896,108,1.39,0.9586,20,1.31,0.9034,189,0
SPY190715P301,2019-07-12,2019-07-12 09:40:40,1.32,0.9103,6,1.29,0.8896,65,1.39,0.9586,20,1.305,0.9,189,0
SPY190715P301,2019-07-12,2019-07-12 09:40:41,1.33,0.9172,20,1.29,0.8896,194,1.39,0.9586,20,1.31,0.9034,189,0
SPY190715P301,2019-07-12,2019-07-12 09:40:42,1.33,0.9172,20,1.29,0.8896,261,1.39,0.9586,20,1.31,0.9034,189,0
SPY190715P301,2019-07-12,2019-07-12 09:40:43,1.32,0.9103,1,1.29,0.8896,261,1.39,0.9586,20,1.305,0.9,189,0
SPY190715P301,2019-07-12,2019-07-12 09:40:44,1.32,0.9103,1,1.29,0.8896,261,1.39,0.9586,20,1.305,0.9,189,0
SPY190715P301,2019-07-12,2019-07-12 09:40:45,1.34,0.9241,1,1.3,0.8965,43,1.39,0.9586,20,1.32,0.9103,189,0
SPY190715P301,2019-07-12,2019-07-12 09:40:45,1.34,0.9241,147,1.31,0.9034,6,1.39,0.9586,20,1.325,0.9137,189,0
SPY190715P301,2019-07-12,2019-07-12 09:40:46,1.32,0.9103,7,1.3,0.8965,73,1.39,0.9586,20,1.31,0.9034,189,0
SPY190715P301,2019-07-12,2019-07-12 09:40:46,1.33,0.9172,20,1.3,0.8965,83,1.39,0.9586,20,1.315,0.9068,189,0
SPY190715P301,2019-07-12,2019-07-12 09:40:47,1.33,0.9172,13,1.3,0.8965,83,1.39,0.9586,20,1.315,0.9068,189,0
SPY190715P301,2019-07-12,2019-07-12 09:40:48,1.33,0.9172,10,1.3,0.8965,120,1.39,0.9586,20,1.315,0.9068,189,0
SPY190715P301,2019-07-12,2019-07-12 09:40:49,1.35,0.931,16,1.31,0.9034,182,1.39,0.9586,20,1.33,0.9172,189,0
SPY190715P301,2019-07-12,2019-07-12 09:40:49,1.35,0.931,20,1.32,0.9103,71,1.39,0.9586,20,1.335,0.9206,189,0
SPY190715P301,2019-07-12,2019-07-12 09:40:50,1.35,0.931,10,1.32,0.9103,91,1.39,0.9586,20,1.335,0.9206,189,0
SPY190715P301,2019-07-12,2019-07-12 09:40:50,1.35,0.931,18,1.32,0.9103,91,1.39,0.9586,20,1.335,0.9206,189,0
SPY190715P301,2019-07-12,2019-07-12 09:40:51,1.34,0.9241,46,1.3,0.8965,120,1.39,0.9586,20,1.32,0.9103,189,0
SPY190715P301,2019-07-12,2019-07-12 09:40:52,1.33,0.9172,10,1.3,0.8965,120,1.39,0.9586,20,1.315,0.9068,189,0
SPY190715P301,2019-07-12,2019-07-12 09:40:52,1.32,0.9103,7,1.3,0.8965,120,1.39,0.9586,20,1.31,0.9034,189,0
SPY190715P301,2019-07-12,2019-07-12 09:40:53,1.33,0.9172,11,1.3,0.8965,120,1.39,0.9586,20,1.315,0.9068,189,0
SPY190715P301,2019-07-12,2019-07-12 09:40:54,1.33,0.9172,19,1.3,0.8965,175,1.39,0.9586,20,1.315,0.9068,189,0
SPY190715P301,2019-07-12,2019-07-12 09:40:54,1.33,0.9172,19,1.3,0.8965,120,1.39,0.9586,20,1.315,0.9068,189,0
SPY190715P301,2019-07-12,2019-07-12 09:40:55,1.35,0.931,20,1.32,0.9103,1,1.39,0.9586,20,1.335,0.9206,189,0
SPY190715P301,2019-07-12,2019-07-12 09:40:56,1.35,0.931,10,1.32,0.9103,1,1.39,0.9586,20,1.335,0.9206,189,0
SPY190715P301,2019-07-12,2019-07-12 09:40:56,1.35,0.931,29,1.32,0.9103,1,1.39,0.9586,20,1.335,0.9206,189,0
SPY190715P301,2019-07-12,2019-07-12 09:40:57,1.35,0.931,10,1.32,0.9103,99,1.39,0.9586,20,1.335,0.9206,189,0
SPY190715P301,2019-07-12,2019-07-12 09:40:57,1.35,0.931,10,1.32,0.9103,79,1.39,0.9586,20,1.335,0.9206,189,0
SPY190715P301,2019-07-12,2019-07-12 09:40:58,1.35,0.931,16,1.32,0.9103,99,1.39,0.9586,20,1.335,0.9206,189,0
SPY190715P301,2019-07-12,2019-07-12 09:40:58,1.35,0.931,26,1.32,0.9103,99,1.39,0.9586,20,1.335,0.9206,189,0
SPY190715P301,2019-07-12,2019-07-12 09:40:59,1.35,0.931,10,1.32,0.9103,99,1.39,0.9586,20,1.335,0.9206,189,0
SPY190715P301,2019-07-12,2019-07-12 09:41:00,1.35,0.931,13,1.32,0.9103,99,1.39,0.9586,20,1.335,0.9206,189,0
SPY190715P301,2019-07-12,2019-07-12 09:41:00,1.35,0.931,10,1.32,0.9103,99,1.39,0.9586,20,1.335,0.9206,189,0
SPY190715P301,2019-07-12,2019-07-12 09:41:01,1.35,0.931,13,1.32,0.9103,125,1.39,0.9586,20,1.335,0.9206,189,0
SPY190715P301,2019-07-12,2019-07-12 09:41:01,1.36,0.9379,6,1.34,0.9241,1,1.39,0.9586,20,1.35,0.931,189,0
SPY190715P301,2019-07-12,2019-07-12 09:41:02,1.37,0.9448,16,1.34,0.9241,12,1.39,0.9586,20,1.355,0.9344,189,0
SPY190715P301,2019-07-12,2019-07-12 09:41:03,1.36,0.9379,7,1.34,0.9241,40,1.39,0.9586,20,1.35,0.931,189,0
SPY190715P301,2019-07-12,2019-07-12 09:41:04,1.36,0.9379,7,1.34,0.9241,6,1.39,0.9586,20,1.35,0.931,189,0
SPY190715P301,2019-07-12,2019-07-12 09:41:04,1.36,0.9379,9,1.34,0.9241,10,1.39,0.9586,20,1.35,0.931,189,0
SPY190715P301,2019-07-12,2019-07-12 09:41:05,1.37,0.9448,20,1.34,0.9241,77,1.39,0.9586,20,1.355,0.9344,189,0
SPY190715P301,2019-07-12,2019-07-12 09:41:05,1.37,0.9448,20,1.34,0.9241,97,1.39,0.9586,20,1.355,0.9344,189,0
SPY190715P301,2019-07-12,2019-07-12 09:41:06,1.37,0.9448,20,1.34,0.9241,97,1.39,0.9586,20,1.355,0.9344,189,0
SPY190715P301,2019-07-12,2019-07-12 09:41:06,1.37,0.9448,26,1.35,0.931,6,1.39,0.9586,20,1.36,0.9379,189,0
SPY190715P301,2019-07-12,2019-07-12 09:41:07,1.38,0.9517,10,1.35,0.931,100,1.39,0.9586,20,1.365,0.9413,189,0
SPY190715P301,2019-07-12,2019-07-12 09:41:08,1.38,0.9517,1,1.35,0.931,123,1.39,0.9586,20,1.365,0.9413,189,0
SPY190715P301,2019-07-12,2019-07-12 09:41:09,1.39,0.9586,10,1.36,0.9379,20,1.39,0.9586,20,1.375,0.9482,189,0
SPY190715P301,2019-07-12,2019-07-12 09:41:10,1.4,0.9655,6,1.36,0.9379,70,1.39,0.9586,20,1.38,0.9517,189,0
SPY190715P301,2019-07-12,2019-07-12 09:41:10,1.39,0.9586,10,1.36,0.9379,20,1.39,0.9586,20,1.375,0.9482,189,0
SPY190715P301,2019-07-12,2019-07-12 09:41:11,1.4,0.9655,10,1.36,0.9379,100,1.39,0.9586,20,1.38,0.9517,189,0
SPY190715P301,2019-07-12,2019-07-12 09:41:11,1.4,0.9655,50,1.36,0.9379,120,1.39,0.9586,20,1.38,0.9517,189,0
SPY190715P301,2019-07-12,2019-07-12 09:41:12,1.39,0.9586,7,1.36,0.9379,82,1.39,0.9586,20,1.375,0.9482,189,0
SPY190715P301,2019-07-12,2019-07-12 09:41:13,1.39,0.9586,10,1.36,0.9379,99,1.39,0.9586,20,1.375,0.9482,189,0
SPY190715P301,2019-07-12,2019-07-12 09:41:14,1.39,0.9586,10,1.36,0.9379,136,1.39,0.9586,20,1.375,0.9482,189,0
SPY190715P301,2019-07-12,2019-07-12 09:41:14,1.39,0.9586,10,1.36,0.9379,94,1.39,0.9586,20,1.375,0.9482,189,0
SPY190715P301,2019-07-12,2019-07-12 09:41:15,1.39,0.9586,10,1.36,0.9379,99,1.39,0.9586,20,1.375,0.9482,189,0
SPY190715P301,2019-07-12,2019-07-12 09:41:16,1.4,0.9655,7,1.37,0.9448,170,1.39,0.9586,20,1.385,0.9551,189,0
SPY190715P301,2019-07-12,2019-07-12 09:41:16,1.39,0.9586,7,1.37,0.9448,82,1.39,0.9586,20,1.38,0.9517,189,0
SPY190715P301,2019-07-12,2019-07-12 09:41:17,1.39,0.9586,7,1.36,0.9379,100,1.39,0.9586,20,1.375,0.9482,189,0
SPY190715P301,2019-07-12,2019-07-12 09:41:18,1.39,0.9586,10,1.36,0.9379,138,1.39,0.9586,20,1.375,0.9482,189,0
SPY190715P301,2019-07-12,2019-07-12 09:41:18,1.39,0.9586,20,1.36,0.9379,168,1.39,0.9586,20,1.375,0.9482,189,0
SPY190715P301,2019-07-12,2019-07-12 09:41:19,1.39,0.9586,1,1.36,0.9379,121,1.39,0.9586,20,1.375,0.9482,189,0
SPY190715P301,2019-07-12,2019-07-12 09:41:19,1.4,0.9655,10,1.37,0.9448,112,1.39,0.9586,20,1.385,0.9551,189,0
SPY190715P301,2019-07-12,2019-07-12 09:41:20,1.4,0.9655,10,1.37,0.9448,185,1.39,0.9586,20,1.385,0.9551,189,0
SPY190715P301,2019-07-12,2019-07-12 09:41:20,1.41,0.9724,10,1.38,0.9517,6,1.39,0.9586,20,1.395,0.962,189,0
SPY190715P301,2019-07-12,2019-07-12 09:41:21,1.4,0.9655,7,1.39,0.9586,3,1.39,0.9586,20,1.395,0.962,189,0
SPY190715P301,2019-07-12,2019-07-12 09:41:21,1.41,0.9724,10,1.39,0.9586,3,1.39,0.9586,20,1.4,0.9655,189,0
SPY190715P301,2019-07-12,2019-07-12 09:41:22,1.4,0.9655,7,1.39,0.9586,3,1.39,0.9586,20,1.395,0.962,189,0
SPY190715P301,2019-07-12,2019-07-12 09:41:22,1.41,0.9724,20,1.39,0.9586,3,1.39,0.9586,20,1.4,0.9655,189,0
SPY190715P301,2019-07-12,2019-07-12 09:41:23,1.41,0.9724,20,1.39,0.9586,3,1.39,0.9586,20,1.4,0.9655,189,0
SPY190715P301,2019-07-12,2019-07-12 09:41:24,1.41,0.9724,21,1.39,0.9586,3,1.39,0.9586,20,1.4,0.9655,189,0
SPY190715P301,2019-07-12,2019-07-12 09:41:24,1.4,0.9655,7,1.39,0.9586,3,1.39,0.9586,20,1.395,0.962,189,0
SPY190715P301,2019-07-12,2019-07-12 09:41:25,1.41,0.9724,11,1.39,0.9586,3,1.39,0.9586,20,1.4,0.9655,189,0
SPY190715P301,2019-07-12,2019-07-12 09:41:25,1.41,0.9724,20,1.39,0.9586,3,1.39,0.9586,20,1.4,0.9655,189,0
SPY190715P301,2019-07-12,2019-07-12 09:41:26,1.4,0.9655,7,1.39,0.9586,3,1.39,0.9586,20,1.395,0.962,189,0
SPY190715P301,2019-07-12,2019-07-12 09:41:27,1.4,0.9655,12,1.39,0.9586,3,1.39,0.9586,20,1.395,0.962,189,0
SPY190715P301,2019-07-12,2019-07-12 09:41:28,1.4,0.9655,12,1.39,0.9586,3,1.39,0.9586,20,1.395,0.962,189,0
SPY190715P301,2019-07-12,2019-07-12 09:41:29,1.4,0.9655,12,1.39,0.9586,3,1.39,0.9586,20,1.395,0.962,189,0
SPY190715P301,2019-07-12,2019-07-12 09:41:29,1.4,0.9655,10,1.39,0.9586,3,1.39,0.9586,20,1.395,0.962,189,0
SPY190715P301,2019-07-12,2019-07-12 09:41:30,1.4,0.9655,11,1.39,0.9586,3,1.39,0.9586,20,1.395,0.962,189,0
SPY190715P301,2019-07-12,2019-07-12 09:41:30,1.4,0.9655,10,1.39,0.9586,3,1.39,0.9586,20,1.395,0.962,189,0
SPY190715P301,2019-07-12,2019-07-12 09:41:31,1.41,0.9724,10,1.39,0.9586,3,1.39,0.9586,20,1.4,0.9655,189,0
SPY190715P301,2019-07-12,2019-07-12 09:41:32,1.41,0.9724,10,1.39,0.9586,10,1.39,0.9586,20,1.4,0.9655,189,0
SPY190715P301,2019-07-12,2019-07-12 09:41:33,1.41,0.9724,10,1.39,0.9586,3,1.39,0.9586,20,1.4,0.9655,189,0
SPY190715P301,2019-07-12,2019-07-12 09:41:34,1.4,0.9655,1,1.39,0.9586,3,1.39,0.9586,20,1.395,0.962,189,0
SPY190715P301,2019-07-12,2019-07-12 09:41:34,1.4,0.9655,7,1.39,0.9586,3,1.39,0.9586,20,1.395,0.962,189,0
SPY190715P301,2019-07-12,2019-07-12 09:41:35,1.42,0.9793,11,1.39,0.9586,3,1.39,0.9586,20,1.405,0.9689,189,0
SPY190715P301,2019-07-12,2019-07-12 09:41:35,1.41,0.9724,10,1.39,0.9586,3,1.39,0.9586,20,1.4,0.9655,189,0
SPY190715P301,2019-07-12,2019-07-12 09:41:36,1.42,0.9793,11,1.39,0.9586,102,1.39,0.9586,20,1.405,0.9689,189,0
SPY190715P301,2019-07-12,2019-07-12 09:41:37,1.43,0.9862,20,1.39,0.9586,102,1.39,0.9586,20,1.41,0.9724,189,0
SPY190715P301,2019-07-12,2019-07-12 09:41:37,1.42,0.9793,7,1.39,0.9586,146,1.39,0.9586,20,1.405,0.9689,189,0
SPY190715P301,2019-07-12,2019-07-12 09:41:38,1.42,0.9793,7,1.39,0.9586,113,1.39,0.9586,20,1.405,0.9689,189,0
SPY190715P301,2019-07-12,2019-07-12 09:41:38,1.43,0.9862,6,1.39,0.9586,38,1.39,0.9586,20,1.41,0.9724,189,0
SPY190715P301,2019-07-12,2019-07-12 09:41:39,1.41,0.9724,7,1.39,0.9586,3,1.39,0.9586,20,1.4,0.9655,189,0
SPY190715P301,2019-07-12,2019-07-12 09:41:39,1.42,0.9793,7,1.39,0.9586,113,1.39,0.9586,20,1.405,0.9689,189,0
SPY190715P301,2019-07-12,2019-07-12 09:41:40,1.41,0.9724,20,1.39,0.9586,3,1.39,0.9586,20,1.4,0.9655,189,0
SPY190715P301,2019-07-12,2019-07-12 09:41:41,1.41,0.9724,20,1.39,0.9586,3,1.39,0.9586,20,1.4,0.9655,189,0
SPY190715P301,2019-07-12,2019-07-12 09:41:41,1.42,0.9793,1,1.39,0.9586,41,1.39,0.9586,20,1.405,0.9689,189,0
SPY190715P301,2019-07-12,2019-07-12 09:41:42,1.42,0.9793,1,1.39,0.9586,101,1.39,0.9586,1,1.405,0.9689,190,1
SPY190715P301,2019-07-12,2019-07-12 09:41:42,1.42,0.9793,6,1.4,0.9655,64,1.39,0.9586,1,1.41,0.9724,190,0
SPY190715P301,2019-07-12,2019-07-12 09:41:43,1.42,0.9793,1,1.4,0.9655,83,1.39,0.9586,1,1.41,0.9724,190,0
SPY190715P301,2019-07-12,2019-07-12 09:41:44,1.43,0.9862,10,1.4,0.9655,63,1.39,0.9586,1,1.415,0.9758,190,0
SPY190715P301,2019-07-12,2019-07-12 09:41:44,1.44,0.9931,7,1.42,0.9793,7,1.39,0.9586,1,1.43,0.9862,190,0
SPY190715P301,2019-07-12,2019-07-12 09:41:45,1.44,0.9931,7,1.42,0.9793,55,1.39,0.9586,1,1.43,0.9862,190,0
SPY190715P301,2019-07-12,2019-07-12 09:41:46,1.44,0.9931,1,1.41,0.9724,200,1.39,0.9586,1,1.425,0.9827,190,0
SPY190715P301,2019-07-12,2019-07-12 09:41:46,1.44,0.9931,7,1.41,0.9724,121,1.39,0.9586,1,1.425,0.9827,190,0
SPY190715P301,2019-07-12,2019-07-12 09:41:47,1.44,0.9931,1,1.41,0.9724,200,1.39,0.9586,1,1.425,0.9827,190,0
SPY190715P301,2019-07-12,2019-07-12 09:41:47,1.45,1.0,13,1.42,0.9793,6,1.39,0.9586,1,1.435,0.9896,190,0
SPY190715P301,2019-07-12,2019-07-12 09:41:48,1.44,0.9931,7,1.41,0.9724,200,1.39,0.9586,1,1.425,0.9827,190,0
SPY190715P301,2019-07-12,2019-07-12 09:41:48,1.44,0.9931,7,1.42,0.9793,75,1.39,0.9586,1,1.43,0.9862,190,0
SPY190715P301,2019-07-12,2019-07-12 09:41:49,1.45,1.0,39,1.41,0.9724,200,1.39,0.9586,1,1.43,0.9862,190,0
SPY190715P301,2019-07-12,2019-07-12 09:41:50,1.44,0.9931,7,1.41,0.9724,150,1.39,0.9586,1,1.425,0.9827,190,0
SPY190715P301,2019-07-12,2019-07-12 09:41:50,1.43,0.9862,1,1.4,0.9655,80,1.39,0.9586,1,1.415,0.9758,190,0
SPY190715P301,2019-07-12,2019-07-12 09:41:51,1.43,0.9862,20,1.4,0.9655,80,1.39,0.9586,1,1.415,0.9758,190,0
SPY190715P301,2019-07-12,2019-07-12 09:41:52,1.43,0.9862,20,1.4,0.9655,80,1.39,0.9586,1,1.415,0.9758,190,0
SPY190715P301,2019-07-12,2019-07-12 09:41:52,1.43,0.9862,11,1.4,0.9655,80,1.39,0.9586,1,1.415,0.9758,190,0
SPY190715P301,2019-07-12,2019-07-12 09:41:53,1.43,0.9862,11,1.4,0.9655,57,1.39,0.9586,1,1.415,0.9758,190,0
SPY190715P301,2019-07-12,2019-07-12 09:41:54,1.42,0.9793,10,1.39,0.9586,100,1.39,0.9586,1,1.405,0.9689,190,0
SPY190715P301,2019-07-12,2019-07-12 09:41:54,1.43,0.9862,11,1.4,0.9655,5,1.39,0.9586,1,1.415,0.9758,190,0
SPY190715P301,2019-07-12,2019-07-12 09:41:55,1.42,0.9793,7,1.39,0.9586,3,1.39,0.9586,1,1.405,0.9689,190,0
SPY190715P301,2019-07-12,2019-07-12 09:41:55,1.42,0.9793,6,1.39,0.9586,51,1.39,0.9586,1,1.405,0.9689,190,0
SPY190715P301,2019-07-12,2019-07-12 09:41:56,1.41,0.9724,17,1.39,0.9586,3,1.39,0.9586,1,1.4,0.9655,190,0
SPY190715P301,2019-07-12,2019-07-12 09:41:56,1.4,0.9655,7,1.39,0.9586,3,1.39,0.9586,1,1.395,0.962,190,0
SPY190715P301,2019-07-12,2019-07-12 09:41:57,1.4,0.9655,7,1.39,0.9586,3,1.39,0.9586,1,1.395,0.962,190,0
SPY190715P301,2019-07-12,2019-07-12 09:41:58,1.4,0.9655,1,1.39,0.9586,3,1.39,0.9586,1,1.395,0.962,190,0
SPY190715P301,2019-07-12,2019-07-12 09:41:59,1.41,0.9724,10,1.39,0.9586,3,1.39,0.9586,1,1.4,0.9655,190,0
SPY190715P301,2019-07-12,2019-07-12 09:42:00,1.4,0.9655,1,1.39,0.9586,3,1.39,0.9586,1,1.395,0.962,190,0
SPY190715P301,2019-07-12,2019-07-12 09:42:01,1.41,0.9724,19,1.39,0.9586,3,1.39,0.9586,1,1.4,0.9655,190,0
SPY190715P301,2019-07-12,2019-07-12 09:42:01,1.41,0.9724,28,1.39,0.9586,3,1.39,0.9586,1,1.4,0.9655,190,0
SPY190715P301,2019-07-12,2019-07-12 09:42:02,1.42,0.9793,8,1.39,0.9586,6,1.39,0.9586,1,1.405,0.9689,190,0
SPY190715P301,2019-07-12,2019-07-12 09:42:03,1.4,0.9655,7,1.39,0.9586,3,1.39,0.9586,1,1.395,0.962,190,0
SPY190715P301,2019-07-12,2019-07-12 09:42:03,1.4,0.9655,1,1.39,0.9586,3,1.39,0.9586,1,1.395,0.962,190,0
SPY190715P301,2019-07-12,2019-07-12 09:42:04,1.4,0.9655,7,1.39,0.9586,3,1.39,0.9586,1,1.395,0.962,190,0
SPY190715P301,2019-07-12,2019-07-12 09:42:05,1.4,0.9655,7,1.36,0.9379,70,1.39,0.9586,3,1.38,0.9517,193,3
SPY190715P301,2019-07-12,2019-07-12 09:42:05,1.4,0.9655,7,1.37,0.9448,81,1.39,0.9586,3,1.385,0.9551,193,0
SPY190715P301,2019-07-12,2019-07-12 09:42:06,1.4,0.9655,1,1.37,0.9448,243,1.39,0.9586,3,1.385,0.9551,193,0
SPY190715P301,2019-07-12,2019-07-12 09:42:07,1.4,0.9655,1,1.37,0.9448,243,1.39,0.9586,3,1.385,0.9551,193,0
SPY190715P301,2019-07-12,2019-07-12 09:42:08,1.4,0.9655,1,1.37,0.9448,180,1.39,0.9586,3,1.385,0.9551,193,0
SPY190715P301,2019-07-12,2019-07-12 09:42:09,1.41,0.9724,7,1.38,0.9517,7,1.39,0.9586,3,1.395,0.962,193,0
SPY190715P301,2019-07-12,2019-07-12 09:42:09,1.41,0.9724,19,1.37,0.9448,180,1.39,0.9586,3,1.39,0.9586,193,0
SPY190715P301,2019-07-12,2019-07-12 09:42:10,1.41,0.9724,7,1.38,0.9517,100,1.39,0.9586,3,1.395,0.962,193,0
SPY190715P301,2019-07-12,2019-07-12 09:42:10,1.41,0.9724,7,1.39,0.9586,7,1.39,0.9586,3,1.4,0.9655,193,0
SPY190715P301,2019-07-12,2019-07-12 09:42:11,1.42,0.9793,10,1.39,0.9586,120,1.39,0.9586,3,1.405,0.9689,193,0
SPY190715P301,2019-07-12,2019-07-12 09:42:11,1.42,0.9793,7,1.39,0.9586,100,1.39,0.9586,3,1.405,0.9689,193,0
SPY190715P301,2019-07-12,2019-07-12 09:42:12,1.42,0.9793,9,1.39,0.9586,120,1.39,0.9586,3,1.405,0.9689,193,0
SPY190715P301,2019-07-12,2019-07-12 09:42:13,1.42,0.9793,12,1.39,0.9586,147,1.39,0.9586,3,1.405,0.9689,193,0
SPY190715P301,2019-07-12,2019-07-12 09:42:14,1.42,0.9793,9,1.39,0.9586,120,1.39,0.9586,3,1.405,0.9689,193,0
SPY190715P301,2019-07-12,2019-07-12 09:42:14,1.42,0.9793,9,1.39,0.9586,101,1.39,0.9586,3,1.405,0.9689,193,0
SPY190715P301,2019-07-12,2019-07-12 09:42:15,1.42,0.9793,9,1.39,0.9586,120,1.39,0.9586,3,1.405,0.9689,193,0
SPY190715P301,2019-07-12,2019-07-12 09:42:15,1.42,0.9793,7,1.39,0.9586,121,1.39,0.9586,3,1.405,0.9689,193,0
SPY190715P301,2019-07-12,2019-07-12 09:42:16,1.42,0.9793,11,1.39,0.9586,121,1.39,0.9586,3,1.405,0.9689,193,0
SPY190715P301,2019-07-12,2019-07-12 09:42:16,1.42,0.9793,7,1.39,0.9586,121,1.39,0.9586,3,1.405,0.9689,193,0
SPY190715P301,2019-07-12,2019-07-12 09:42:17,1.41,0.9724,10,1.38,0.9517,91,1.39,0.9586,3,1.395,0.962,193,0
SPY190715P301,2019-07-12,2019-07-12 09:42:18,1.42,0.9793,7,1.38,0.9517,82,1.39,0.9586,3,1.4,0.9655,193,0
SPY190715P301,2019-07-12,2019-07-12 09:42:19,1.41,0.9724,21,1.38,0.9517,91,1.39,0.9586,3,1.395,0.962,193,0
SPY190715P301,2019-07-12,2019-07-12 09:42:19,1.41,0.9724,7,1.38,0.9517,81,1.39,0.9586,3,1.395,0.962,193,0
SPY190715P301,2019-07-12,2019-07-12 09:42:20,1.42,0.9793,6,1.38,0.9517,7,1.39,0.9586,3,1.4,0.9655,193,0
SPY190715P301,2019-07-12,2019-07-12 09:42:20,1.41,0.9724,13,1.38,0.9517,91,1.39,0.9586,3,1.395,0.962,193,0
SPY190715P301,2019-07-12,2019-07-12 09:42:21,1.42,0.9793,19,1.39,0.9586,100,1.39,0.9586,3,1.405,0.9689,193,0
SPY190715P301,2019-07-12,2019-07-12 09:42:21,1.42,0.9793,12,1.39,0.9586,100,1.39,0.9586,3,1.405,0.9689,193,0
SPY190715P301,2019-07-12,2019-07-12 09:42:22,1.42,0.9793,20,1.39,0.9586,36,1.39,0.9586,3,1.405,0.9689,193,0
SPY190715P301,2019-07-12,2019-07-12 09:42:22,1.42,0.9793,20,1.39,0.9586,13,1.39,0.9586,3,1.405,0.9689,193,0
SPY190715P301,2019-07-12,2019-07-12 09:42:23,1.41,0.9724,7,1.38,0.9517,121,1.39,0.9586,3,1.395,0.962,193,0
SPY190715P301,2019-07-12,2019-07-12 09:42:24,1.41,0.9724,20,1.38,0.9517,121,1.39,0.9586,3,1.395,0.962,193,0
SPY190715P301,2019-07-12,2019-07-12 09:42:25,1.42,0.9793,7,1.39,0.9586,70,1.39,0.9586,3,1.405,0.9689,193,0
SPY190715P301,2019-07-12,2019-07-12 09:42:25,1.41,0.9724,20,1.38,0.9517,120,1.39,0.9586,3,1.395,0.962,193,0
SPY190715P301,2019-07-12,2019-07-12 09:42:26,1.42,0.9793,7,1.39,0.9586,105,1.39,0.9586,3,1.405,0.9689,193,0
SPY190715P301,2019-07-12,2019-07-12 09:42:27,1.42,0.9793,7,1.39,0.9586,104,1.39,0.9586,3,1.405,0.9689,193,0
SPY190715P301,2019-07-12,2019-07-12 09:42:28,1.42,0.9793,1,1.39,0.9586,199,1.39,0.9586,3,1.405,0.9689,193,0
SPY190715P301,2019-07-12,2019-07-12 09:42:28,1.42,0.9793,7,1.39,0.9586,74,1.39,0.9586,3,1.405,0.9689,193,0
SPY190715P301,2019-07-12,2019-07-12 09:42:29,1.42,0.9793,1,1.4,0.9655,41,1.39,0.9586,3,1.41,0.9724,193,0
SPY190715P301,2019-07-12,2019-07-12 09:42:29,1.42,0.9793,11,1.4,0.9655,56,1.39,0.9586,3,1.41,0.9724,193,0
SPY190715P301,2019-07-12,2019-07-12 09:42:30,1.42,0.9793,11,1.39,0.9586,100,1.39,0.9586,3,1.405,0.9689,193,0
SPY190715P301,2019-07-12,2019-07-12 09:42:31,1.42,0.9793,11,1.39,0.9586,121,1.39,0.9586,3,1.405,0.9689,193,0
SPY190715P301,2019-07-12,2019-07-12 09:42:32,1.42,0.9793,10,1.39,0.9586,195,1.39,0.9586,3,1.405,0.9689,193,0
SPY190715P301,2019-07-12,2019-07-12 09:42:32,1.42,0.9793,8,1.39,0.9586,195,1.39,0.9586,3,1.405,0.9689,193,0
SPY190715P301,2019-07-12,2019-07-12 09:42:33,1.42,0.9793,7,1.39,0.9586,121,1.39,0.9586,3,1.405,0.9689,193,0
SPY190715P301,2019-07-12,2019-07-12 09:42:33,1.42,0.9793,10,1.39,0.9586,120,1.39,0.9586,3,1.405,0.9689,193,0
SPY190715P301,2019-07-12,2019-07-12 09:42:34,1.41,0.9724,7,1.39,0.9586,40,1.39,0.9586,3,1.4,0.9655,193,0
SPY190715P301,2019-07-12,2019-07-12 09:42:34,1.41,0.9724,7,1.38,0.9517,106,1.39,0.9586,3,1.395,0.962,193,0
SPY190715P301,2019-07-12,2019-07-12 09:42:35,1.41,0.9724,10,1.38,0.9517,106,1.39,0.9586,3,1.395,0.962,193,0
SPY190715P301,2019-07-12,2019-07-12 09:42:36,1.43,0.9862,20,1.4,0.9655,57,1.39,0.9586,3,1.415,0.9758,193,0
SPY190715P301,2019-07-12,2019-07-12 09:42:36,1.43,0.9862,7,1.38,0.9517,100,1.39,0.9586,3,1.405,0.9689,193,0
SPY190715P301,2019-07-12,2019-07-12 09:42:37,1.43,0.9862,20,1.4,0.9655,73,1.39,0.9586,3,1.415,0.9758,193,0
SPY190715P301,2019-07-12,2019-07-12 09:42:37,1.43,0.9862,20,1.4,0.9655,83,1.39,0.9586,3,1.415,0.9758,193,0
SPY190715P301,2019-07-12,2019-07-12 09:42:38,1.43,0.9862,20,1.4,0.9655,104,1.39,0.9586,3,1.415,0.9758,193,0
SPY190715P301,2019-07-12,2019-07-12 09:42:38,1.43,0.9862,20,1.4,0.9655,73,1.39,0.9586,3,1.415,0.9758,193,0
SPY190715P301,2019-07-12,2019-07-12 09:42:39,1.43,0.9862,20,1.4,0.9655,73,1.39,0.9586,3,1.415,0.9758,193,0
SPY190715P301,2019-07-12,2019-07-12 09:42:39,1.43,0.9862,10,1.4,0.9655,73,1.39,0.9586,3,1.415,0.9758,193,0
SPY190715P301,2019-07-12,2019-07-12 09:42:40,1.43,0.9862,10,1.4,0.9655,132,1.39,0.9586,3,1.415,0.9758,193,0
SPY190715P301,2019-07-12,2019-07-12 09:42:41,1.43,0.9862,20,1.4,0.9655,132,1.39,0.9586,3,1.415,0.9758,193,0
SPY190715P301,2019-07-12,2019-07-12 09:42:41,1.43,0.9862,10,1.4,0.9655,102,1.39,0.9586,3,1.415,0.9758,193,0
SPY190715P301,2019-07-12,2019-07-12 09:42:42,1.43,0.9862,15,1.4,0.9655,73,1.39,0.9586,3,1.415,0.9758,193,0
SPY190715P301,2019-07-12,2019-07-12 09:42:42,1.43,0.9862,10,1.4,0.9655,102,1.39,0.9586,3,1.415,0.9758,193,0
SPY190715P301,2019-07-12,2019-07-12 09:42:43,1.43,0.9862,11,1.4,0.9655,76,1.39,0.9586,3,1.415,0.9758,193,0
SPY190715P301,2019-07-12,2019-07-12 09:42:43,1.43,0.9862,15,1.4,0.9655,7,1.39,0.9586,3,1.415,0.9758,193,0
SPY190715P301,2019-07-12,2019-07-12 09:42:44,1.43,0.9862,20,1.4,0.9655,76,1.39,0.9586,3,1.415,0.9758,193,0
SPY190715P301,2019-07-12,2019-07-12 09:42:45,1.43,0.9862,20,1.4,0.9655,76,1.39,0.9586,3,1.415,0.9758,193,0
SPY190715P301,2019-07-12,2019-07-12 09:42:45,1.41,0.9724,1,1.38,0.9517,104,1.39,0.9586,3,1.395,0.962,193,0
SPY190715P301,2019-07-12,2019-07-12 09:42:46,1.41,0.9724,20,1.38,0.9517,104,1.39,0.9586,3,1.395,0.962,193,0
SPY190715P301,2019-07-12,2019-07-12 09:42:46,1.41,0.9724,10,1.38,0.9517,104,1.39,0.9586,3,1.395,0.962,193,0
SPY190715P301,2019-07-12,2019-07-12 09:42:47,1.4,0.9655,1,1.37,0.9448,101,1.39,0.9586,3,1.385,0.9551,193,0
SPY190715P301,2019-07-12,2019-07-12 09:42:48,1.4,0.9655,1,1.37,0.9448,100,1.39,0.9586,3,1.385,0.9551,193,0
SPY190715P301,2019-07-12,2019-07-12 09:42:48,1.4,0.9655,7,1.37,0.9448,120,1.39,0.9586,3,1.385,0.9551,193,0
SPY190715P301,2019-07-12,2019-07-12 09:42:49,1.39,0.9586,7,1.37,0.9448,1,1.39,0.9586,3,1.38,0.9517,193,0
SPY190715P301,2019-07-12,2019-07-12 09:42:49,1.39,0.9586,7,1.37,0.9448,11,1.39,0.9586,3,1.38,0.9517,193,0
SPY190715P301,2019-07-12,2019-07-12 09:42:50,1.4,0.9655,11,1.37,0.9448,1,1.39,0.9586,3,1.385,0.9551,193,0
SPY190715P301,2019-07-12,2019-07-12 09:42:50,1.4,0.9655,7,1.37,0.9448,1,1.39,0.9586,3,1.385,0.9551,193,0
SPY190715P301,2019-07-12,2019-07-12 09:42:51,1.4,0.9655,1,1.38,0.9517,10,1.39,0.9586,3,1.39,0.9586,193,0
SPY190715P301,2019-07-12,2019-07-12 09:42:52,1.41,0.9724,10,1.38,0.9517,11,1.39,0.9586,3,1.395,0.962,193,0
SPY190715P301,2019-07-12,2019-07-12 09:42:52,1.41,0.9724,20,1.38,0.9517,81,1.39,0.9586,3,1.395,0.962,193,0
SPY190715P301,2019-07-12,2019-07-12 09:42:53,1.41,0.9724,16,1.38,0.9517,101,1.39,0.9586,3,1.395,0.962,193,0
SPY190715P301,2019-07-12,2019-07-12 09:42:54,1.41,0.9724,14,1.38,0.9517,101,1.39,0.9586,3,1.395,0.962,193,0
SPY190715P301,2019-07-12,2019-07-12 09:42:55,1.41,0.9724,14,1.38,0.9517,101,1.39,0.9586,3,1.395,0.962,193,0
SPY190715P301,2019-07-12,2019-07-12 09:42:56,1.42,0.9793,6,1.39,0.9586,20,1.39,0.9586,3,1.405,0.9689,193,0
SPY190715P301,2019-07-12,2019-07-12 09:42:56,1.41,0.9724,10,1.38,0.9517,82,1.39,0.9586,3,1.395,0.962,193,0
SPY190715P301,2019-07-12,2019-07-12 09:42:57,1.42,0.9793,6,1.39,0.9586,100,1.39,0.9586,3,1.405,0.9689,193,0
SPY190715P301,2019-07-12,2019-07-12 09:42:57,1.42,0.9793,9,1.39,0.9586,121,1.39,0.9586,3,1.405,0.9689,193,0
SPY190715P301,2019-07-12,2019-07-12 09:42:58,1.42,0.9793,20,1.38,0.9517,101,1.39,0.9586,3,1.4,0.9655,193,0
SPY190715P301,2019-07-12,2019-07-12 09:42:59,1.41,0.9724,1,1.38,0.9517,101,1.39,0.9586,3,1.395,0.962,193,0
SPY190715P301,2019-07-12,2019-07-12 09:43:00,1.41,0.9724,7,1.39,0.9586,12,1.39,0.9586,3,1.4,0.9655,193,0
SPY190715P301,2019-07-12,2019-07-12 09:43:00,1.42,0.9793,10,1.39,0.9586,89,1.39,0.9586,3,1.405,0.9689,193,0
SPY190715P301,2019-07-12,2019-07-12 09:43:01,1.42,0.9793,14,1.39,0.9586,15,1.39,0.9586,3,1.405,0.9689,193,0
SPY190715P301,2019-07-12,2019-07-12 09:43:02,1.42,0.9793,10,1.39,0.9586,100,1.39,0.9586,3,1.405,0.9689,193,0
SPY190715P301,2019-07-12,2019-07-12 09:43:02,1.42,0.9793,10,1.39,0.9586,51,1.39,0.9586,3,1.405,0.9689,193,0
SPY190715P301,2019-07-12,2019-07-12 09:43:03,1.41,0.9724,6,1.39,0.9586,29,1.39,0.9586,3,1.4,0.9655,193,0
SPY190715P301,2019-07-12,2019-07-12 09:43:03,1.42,0.9793,12,1.39,0.9586,73,1.39,0.9586,3,1.405,0.9689,193,0
SPY190715P301,2019-07-12,2019-07-12 09:43:04,1.42,0.9793,12,1.39,0.9586,20,1.39,0.9586,3,1.405,0.9689,193,0
SPY190715P301,2019-07-12,2019-07-12 09:43:05,1.42,0.9793,13,1.39,0.9586,71,1.39,0.9586,3,1.405,0.9689,193,0
SPY190715P301,2019-07-12,2019-07-12 09:43:05,1.42,0.9793,13,1.39,0.9586,51,1.39,0.9586,3,1.405,0.9689,193,0
SPY190715P301,2019-07-12,2019-07-12 09:43:06,1.42,0.9793,57,1.38,0.9517,101,1.39,0.9586,3,1.4,0.9655,193,0
SPY190715P301,2019-07-12,2019-07-12 09:43:06,1.41,0.9724,7,1.38,0.9517,101,1.39,0.9586,3,1.395,0.962,193,0
SPY190715P301,2019-07-12,2019-07-12 09:43:07,1.41,0.9724,7,1.38,0.9517,150,1.39,0.9586,3,1.395,0.962,193,0
SPY190715P301,2019-07-12,2019-07-12 09:43:08,1.42,0.9793,10,1.39,0.9586,6,1.39,0.9586,3,1.405,0.9689,193,0
SPY190715P301,2019-07-12,2019-07-12 09:43:08,1.42,0.9793,10,1.39,0.9586,30,1.39,0.9586,3,1.405,0.9689,193,0
SPY190715P301,2019-07-12,2019-07-12 09:43:09,1.42,0.9793,10,1.39,0.9586,120,1.41,0.9724,3,1.405,0.9689,196,3
SPY190715P301,2019-07-12,2019-07-12 09:43:10,1.42,0.9793,7,1.39,0.9586,195,1.41,0.9724,3,1.405,0.9689,196,0
SPY190715P301,2019-07-12,2019-07-12 09:43:10,1.42,0.9793,10,1.39,0.9586,234,1.41,0.9724,3,1.405,0.9689,196,0
SPY190715P301,2019-07-12,2019-07-12 09:43:11,1.42,0.9793,10,1.39,0.9586,81,1.41,0.9724,3,1.405,0.9689,196,0
SPY190715P301,2019-07-12,2019-07-12 09:43:12,1.42,0.9793,10,1.39,0.9586,37,1.41,0.9724,3,1.405,0.9689,196,0
SPY190715P301,2019-07-12,2019-07-12 09:43:12,1.42,0.9793,10,1.39,0.9586,101,1.41,0.9724,3,1.405,0.9689,196,0
SPY190715P301,2019-07-12,2019-07-12 09:43:13,1.42,0.9793,7,1.39,0.9586,120,1.41,0.9724,3,1.405,0.9689,196,0
SPY190715P301,2019-07-12,2019-07-12 09:43:13,1.42,0.9793,20,1.38,0.9517,101,1.41,0.9724,3,1.4,0.9655,196,0
SPY190715P301,2019-07-12,2019-07-12 09:43:14,1.42,0.9793,20,1.38,0.9517,121,1.41,0.9724,3,1.4,0.9655,196,0
SPY190715P301,2019-07-12,2019-07-12 09:43:15,1.41,0.9724,10,1.38,0.9517,101,1.41,0.9724,3,1.395,0.962,196,0
SPY190715P301,2019-07-12,2019-07-12 09:43:15,1.41,0.9724,12,1.38,0.9517,148,1.41,0.9724,3,1.395,0.962,196,0
SPY190715P301,2019-07-12,2019-07-12 09:43:16,1.42,0.9793,10,1.39,0.9586,7,1.41,0.9724,3,1.405,0.9689,196,0
SPY190715P301,2019-07-12,2019-07-12 09:43:16,1.42,0.9793,7,1.39,0.9586,120,1.41,0.9724,3,1.405,0.9689,196,0
SPY190715P301,2019-07-12,2019-07-12 09:43:17,1.42,0.9793,7,1.39,0.9586,121,1.41,0.9724,3,1.405,0.9689,196,0
SPY190715P301,2019-07-12,2019-07-12 09:43:17,1.42,0.9793,1,1.39,0.9586,150,1.41,0.9724,3,1.405,0.9689,196,0
SPY190715P301,2019-07-12,2019-07-12 09:43:18,1.42,0.9793,16,1.39,0.9586,42,1.41,0.9724,3,1.405,0.9689,196,0
SPY190715P301,2019-07-12,2019-07-12 09:43:18,1.42,0.9793,16,1.39,0.9586,37,1.41,0.9724,3,1.405,0.9689,196,0
SPY190715P301,2019-07-12,2019-07-12 09:43:19,1.42,0.9793,16,1.39,0.9586,29,1.41,0.9724,3,1.405,0.9689,196,0
SPY190715P301,2019-07-12,2019-07-12 09:43:20,1.42,0.9793,10,1.39,0.9586,112,1.41,0.9724,3,1.405,0.9689,196,0
