symbol,Date,quote_time,ask_price,norm_ask_price,ask_size,bid_price,norm_bid_price,bid_size,last_trade_price,norm_last_trade_price,last_trade_size,mark_price,norm_mark_price,volume,Volume
SPY190522P279,2019-05-20,2019-05-20 09:32:13,0.59,1.0,177,0.57,0.9661,1246,0.56,0.9491,48,0.58,0.983,168,168
SPY190522P279,2019-05-20,2019-05-20 09:32:14,0.59,1.0,120,0.57,0.9661,656,0.56,0.9491,48,0.58,0.983,168,0
SPY190522P279,2019-05-20,2019-05-20 09:32:15,0.59,1.0,231,0.57,0.9661,524,0.56,0.9491,48,0.58,0.983,168,0
SPY190522P279,2019-05-20,2019-05-20 09:32:16,0.59,1.0,346,0.58,0.983,226,0.56,0.9491,48,0.585,0.9915,168,0
SPY190522P279,2019-05-20,2019-05-20 09:32:17,0.59,1.0,100,0.57,0.9661,708,0.56,0.9491,48,0.58,0.983,168,0
SPY190522P279,2019-05-20,2019-05-20 09:32:18,0.59,1.0,295,0.57,0.9661,435,0.56,0.9491,48,0.58,0.983,169,1
SPY190522P279,2019-05-20,2019-05-20 09:32:19,0.59,1.0,400,0.57,0.9661,1060,0.57,0.9661,1,0.58,0.983,169,0
SPY190522P279,2019-05-20,2019-05-20 09:32:20,0.59,1.0,1547,0.57,0.9661,597,0.57,0.9661,1,0.58,0.983,169,0
SPY190522P279,2019-05-20,2019-05-20 09:32:21,0.6,1.0169,87,0.58,0.983,339,0.57,0.9661,1,0.59,1.0,169,0
SPY190522P279,2019-05-20,2019-05-20 09:32:22,0.6,1.0169,612,0.58,0.983,149,0.57,0.9661,1,0.59,1.0,169,0
SPY190522P279,2019-05-20,2019-05-20 09:32:23,0.59,1.0,513,0.58,0.983,226,0.57,0.9661,1,0.585,0.9915,169,0
SPY190522P279,2019-05-20,2019-05-20 09:32:23,0.59,1.0,1480,0.58,0.983,229,0.57,0.9661,1,0.585,0.9915,169,0
SPY190522P279,2019-05-20,2019-05-20 09:32:24,0.59,1.0,1006,0.58,0.983,226,0.57,0.9661,1,0.585,0.9915,169,0
SPY190522P279,2019-05-20,2019-05-20 09:32:25,0.59,1.0,80,0.58,0.983,355,0.57,0.9661,1,0.585,0.9915,169,0
SPY190522P279,2019-05-20,2019-05-20 09:32:27,0.59,1.0,100,0.58,0.983,636,0.57,0.9661,1,0.585,0.9915,169,0
SPY190522P279,2019-05-20,2019-05-20 09:32:27,0.59,1.0,50,0.58,0.983,636,0.58,0.983,4,0.585,0.9915,179,10
SPY190522P279,2019-05-20,2019-05-20 09:32:28,0.59,1.0,180,0.57,0.9661,999,0.58,0.983,4,0.58,0.983,179,0
SPY190522P279,2019-05-20,2019-05-20 09:32:29,0.59,1.0,231,0.57,0.9661,390,0.58,0.983,4,0.58,0.983,179,0
SPY190522P279,2019-05-20,2019-05-20 09:32:30,0.59,1.0,177,0.57,0.9661,692,0.58,0.983,4,0.58,0.983,179,0
SPY190522P279,2019-05-20,2019-05-20 09:32:31,0.59,1.0,177,0.57,0.9661,901,0.59,1.0,1,0.58,0.983,180,1
SPY190522P279,2019-05-20,2019-05-20 09:32:32,0.59,1.0,685,0.56,0.9491,1745,0.59,1.0,1,0.575,0.9745,180,0
SPY190522P279,2019-05-20,2019-05-20 09:32:33,0.59,1.0,1781,0.57,0.9661,348,0.59,1.0,1,0.58,0.983,180,0
SPY190522P279,2019-05-20,2019-05-20 09:32:34,0.58,0.983,185,0.56,0.9491,624,0.59,1.0,1,0.57,0.9661,180,0
SPY190522P279,2019-05-20,2019-05-20 09:32:36,0.58,0.983,778,0.56,0.9491,289,0.59,1.0,1,0.57,0.9661,180,0
SPY190522P279,2019-05-20,2019-05-20 09:32:37,0.58,0.983,1210,0.56,0.9491,405,0.59,1.0,1,0.57,0.9661,180,0
SPY190522P279,2019-05-20,2019-05-20 09:32:38,0.58,0.983,1405,0.56,0.9491,508,0.59,1.0,1,0.57,0.9661,180,0
SPY190522P279,2019-05-20,2019-05-20 09:32:39,0.58,0.983,104,0.57,0.9661,396,0.59,1.0,1,0.575,0.9745,180,0
SPY190522P279,2019-05-20,2019-05-20 09:32:40,0.58,0.983,101,0.57,0.9661,396,0.58,0.983,100,0.575,0.9745,280,100
SPY190522P279,2019-05-20,2019-05-20 09:32:42,0.59,1.0,1461,0.57,0.9661,590,0.58,0.983,100,0.58,0.983,280,0
SPY190522P279,2019-05-20,2019-05-20 09:32:43,0.59,1.0,1461,0.57,0.9661,588,0.58,0.983,100,0.58,0.983,280,0
SPY190522P279,2019-05-20,2019-05-20 09:32:44,0.59,1.0,1461,0.57,0.9661,686,0.58,0.983,100,0.58,0.983,280,0
SPY190522P279,2019-05-20,2019-05-20 09:32:45,0.59,1.0,1461,0.57,0.9661,773,0.58,0.983,100,0.58,0.983,280,0
SPY190522P279,2019-05-20,2019-05-20 09:32:46,0.59,1.0,1461,0.57,0.9661,773,0.58,0.983,100,0.58,0.983,280,0
SPY190522P279,2019-05-20,2019-05-20 09:32:47,0.59,1.0,194,0.58,0.983,237,0.59,1.0,6,0.585,0.9915,286,6
SPY190522P279,2019-05-20,2019-05-20 09:32:48,0.59,1.0,129,0.57,0.9661,1233,0.59,1.0,6,0.58,0.983,286,0
SPY190522P279,2019-05-20,2019-05-20 09:32:49,0.59,1.0,179,0.57,0.9661,249,0.59,1.0,6,0.58,0.983,286,0
SPY190522P279,2019-05-20,2019-05-20 09:32:50,0.59,1.0,1686,0.57,0.9661,226,0.59,1.0,6,0.58,0.983,286,0
SPY190522P279,2019-05-20,2019-05-20 09:32:51,0.59,1.0,1522,0.57,0.9661,291,0.59,1.0,6,0.58,0.983,286,0
SPY190522P279,2019-05-20,2019-05-20 09:32:52,0.59,1.0,1402,0.57,0.9661,453,0.59,1.0,6,0.58,0.983,286,0
SPY190522P279,2019-05-20,2019-05-20 09:32:53,0.58,0.983,513,0.56,0.9491,1259,0.59,1.0,6,0.57,0.9661,286,0
SPY190522P279,2019-05-20,2019-05-20 09:32:54,0.57,0.9661,231,0.55,0.9322,1333,0.59,1.0,6,0.56,0.9491,286,0
SPY190522P279,2019-05-20,2019-05-20 09:32:55,0.57,0.9661,84,0.55,0.9322,1956,0.59,1.0,6,0.56,0.9491,286,0
SPY190522P279,2019-05-20,2019-05-20 09:32:56,0.57,0.9661,110,0.56,0.9491,478,0.59,1.0,6,0.565,0.9576,286,0
SPY190522P279,2019-05-20,2019-05-20 09:32:57,0.58,0.983,1098,0.56,0.9491,573,0.59,1.0,6,0.57,0.9661,286,0
SPY190522P279,2019-05-20,2019-05-20 09:32:58,0.58,0.983,157,0.56,0.9491,795,0.59,1.0,6,0.57,0.9661,286,0
SPY190522P279,2019-05-20,2019-05-20 09:32:59,0.58,0.983,357,0.56,0.9491,551,0.56,0.9491,99,0.57,0.9661,506,220
SPY190522P279,2019-05-20,2019-05-20 09:33:00,0.58,0.983,357,0.56,0.9491,778,0.56,0.9491,99,0.57,0.9661,506,0
SPY190522P279,2019-05-20,2019-05-20 09:33:01,0.58,0.983,867,0.56,0.9491,1,0.56,0.9491,43,0.57,0.9661,549,43
SPY190522P279,2019-05-20,2019-05-20 09:33:02,0.58,0.983,687,0.56,0.9491,285,0.56,0.9491,43,0.57,0.9661,549,0
SPY190522P279,2019-05-20,2019-05-20 09:33:03,0.58,0.983,1282,0.56,0.9491,676,0.56,0.9491,43,0.57,0.9661,549,0
SPY190522P279,2019-05-20,2019-05-20 09:33:04,0.58,0.983,177,0.57,0.9661,309,0.56,0.9491,43,0.575,0.9745,549,0
SPY190522P279,2019-05-20,2019-05-20 09:33:05,0.58,0.983,180,0.57,0.9661,475,0.56,0.9491,43,0.575,0.9745,549,0
SPY190522P279,2019-05-20,2019-05-20 09:33:06,0.58,0.983,208,0.56,0.9491,2004,0.56,0.9491,43,0.57,0.9661,549,0
SPY190522P279,2019-05-20,2019-05-20 09:33:07,0.58,0.983,180,0.57,0.9661,439,0.56,0.9491,43,0.575,0.9745,549,0
SPY190522P279,2019-05-20,2019-05-20 09:33:08,0.58,0.983,236,0.56,0.9491,1112,0.56,0.9491,43,0.57,0.9661,549,0
SPY190522P279,2019-05-20,2019-05-20 09:33:09,0.58,0.983,363,0.57,0.9661,705,0.56,0.9491,43,0.575,0.9745,549,0
SPY190522P279,2019-05-20,2019-05-20 09:33:10,0.58,0.983,363,0.57,0.9661,420,0.56,0.9491,43,0.575,0.9745,549,0
SPY190522P279,2019-05-20,2019-05-20 09:33:11,0.58,0.983,363,0.57,0.9661,420,0.56,0.9491,43,0.575,0.9745,549,0
SPY190522P279,2019-05-20,2019-05-20 09:33:12,0.58,0.983,114,0.57,0.9661,420,0.56,0.9491,43,0.575,0.9745,549,0
SPY190522P279,2019-05-20,2019-05-20 09:33:14,0.58,0.983,180,0.57,0.9661,420,0.56,0.9491,43,0.575,0.9745,549,0
SPY190522P279,2019-05-20,2019-05-20 09:33:15,0.58,0.983,602,0.57,0.9661,100,0.56,0.9491,43,0.575,0.9745,549,0
SPY190522P279,2019-05-20,2019-05-20 09:33:16,0.58,0.983,150,0.57,0.9661,100,0.56,0.9491,43,0.575,0.9745,549,0
SPY190522P279,2019-05-20,2019-05-20 09:33:17,0.58,0.983,150,0.57,0.9661,379,0.56,0.9491,43,0.575,0.9745,549,0
SPY190522P279,2019-05-20,2019-05-20 09:33:18,0.58,0.983,180,0.57,0.9661,304,0.56,0.9491,43,0.575,0.9745,549,0
SPY190522P279,2019-05-20,2019-05-20 09:33:19,0.58,0.983,919,0.57,0.9661,100,0.56,0.9491,43,0.575,0.9745,549,0
SPY190522P279,2019-05-20,2019-05-20 09:33:19,0.58,0.983,602,0.57,0.9661,100,0.56,0.9491,43,0.575,0.9745,549,0
SPY190522P279,2019-05-20,2019-05-20 09:33:20,0.58,0.983,714,0.57,0.9661,100,0.56,0.9491,43,0.575,0.9745,549,0
SPY190522P279,2019-05-20,2019-05-20 09:33:21,0.58,0.983,1487,0.57,0.9661,100,0.56,0.9491,43,0.575,0.9745,549,0
SPY190522P279,2019-05-20,2019-05-20 09:33:22,0.58,0.983,760,0.57,0.9661,100,0.56,0.9491,43,0.575,0.9745,549,0
SPY190522P279,2019-05-20,2019-05-20 09:33:23,0.58,0.983,1916,0.57,0.9661,100,0.56,0.9491,43,0.575,0.9745,549,0
SPY190522P279,2019-05-20,2019-05-20 09:33:24,0.58,0.983,1165,0.55,0.9322,673,0.57,0.9661,1,0.565,0.9576,649,100
SPY190522P279,2019-05-20,2019-05-20 09:33:25,0.57,0.9661,368,0.55,0.9322,451,0.57,0.9661,1,0.56,0.9491,649,0
SPY190522P279,2019-05-20,2019-05-20 09:33:26,0.57,0.9661,530,0.54,0.9152,1289,0.57,0.9661,1,0.555,0.9406,649,0
SPY190522P279,2019-05-20,2019-05-20 09:33:27,0.57,0.9661,248,0.55,0.9322,285,0.57,0.9661,1,0.56,0.9491,649,0
SPY190522P279,2019-05-20,2019-05-20 09:33:28,0.57,0.9661,537,0.55,0.9322,802,0.57,0.9661,1,0.56,0.9491,649,0
SPY190522P279,2019-05-20,2019-05-20 09:33:29,0.57,0.9661,1789,0.55,0.9322,110,0.57,0.9661,1,0.56,0.9491,649,0
SPY190522P279,2019-05-20,2019-05-20 09:33:31,0.57,0.9661,1480,0.55,0.9322,1067,0.57,0.9661,1,0.56,0.9491,649,0
SPY190522P279,2019-05-20,2019-05-20 09:33:32,0.57,0.9661,163,0.56,0.9491,80,0.57,0.9661,1,0.565,0.9576,649,0
SPY190522P279,2019-05-20,2019-05-20 09:33:33,0.57,0.9661,88,0.55,0.9322,154,0.57,0.9661,1,0.56,0.9491,649,0
SPY190522P279,2019-05-20,2019-05-20 09:33:34,0.57,0.9661,2087,0.55,0.9322,160,0.57,0.9661,1,0.56,0.9491,649,0
SPY190522P279,2019-05-20,2019-05-20 09:33:35,0.57,0.9661,2087,0.54,0.9152,2121,0.57,0.9661,1,0.555,0.9406,649,0
SPY190522P279,2019-05-20,2019-05-20 09:33:36,0.56,0.9491,2088,0.54,0.9152,362,0.57,0.9661,1,0.55,0.9322,649,0
SPY190522P279,2019-05-20,2019-05-20 09:33:37,0.56,0.9491,2088,0.54,0.9152,231,0.57,0.9661,1,0.55,0.9322,649,0
SPY190522P279,2019-05-20,2019-05-20 09:33:39,0.56,0.9491,1696,0.54,0.9152,938,0.57,0.9661,1,0.55,0.9322,649,0
SPY190522P279,2019-05-20,2019-05-20 09:33:40,0.57,0.9661,281,0.55,0.9322,439,0.57,0.9661,1,0.56,0.9491,649,0
SPY190522P279,2019-05-20,2019-05-20 09:33:41,0.57,0.9661,249,0.55,0.9322,1757,0.56,0.9491,15,0.56,0.9491,664,15
SPY190522P279,2019-05-20,2019-05-20 09:33:42,0.57,0.9661,330,0.55,0.9322,1553,0.56,0.9491,15,0.56,0.9491,664,0
SPY190522P279,2019-05-20,2019-05-20 09:33:43,0.57,0.9661,1622,0.55,0.9322,947,0.56,0.9491,15,0.56,0.9491,664,0
SPY190522P279,2019-05-20,2019-05-20 09:33:44,0.57,0.9661,1622,0.55,0.9322,160,0.56,0.9491,15,0.56,0.9491,664,0
SPY190522P279,2019-05-20,2019-05-20 09:33:45,0.56,0.9491,96,0.55,0.9322,50,0.56,0.9491,15,0.555,0.9406,664,0
SPY190522P279,2019-05-20,2019-05-20 09:33:46,0.56,0.9491,260,0.54,0.9152,1254,0.56,0.9491,1,0.55,0.9322,665,1
SPY190522P279,2019-05-20,2019-05-20 09:33:47,0.56,0.9491,163,0.54,0.9152,1751,0.56,0.9491,1,0.55,0.9322,665,0
SPY190522P279,2019-05-20,2019-05-20 09:33:48,0.56,0.9491,180,0.54,0.9152,1309,0.56,0.9491,1,0.55,0.9322,665,0
SPY190522P279,2019-05-20,2019-05-20 09:33:49,0.56,0.9491,361,0.54,0.9152,1782,0.56,0.9491,1,0.55,0.9322,665,0
SPY190522P279,2019-05-20,2019-05-20 09:33:50,0.56,0.9491,50,0.55,0.9322,285,0.56,0.9491,1,0.555,0.9406,665,0
SPY190522P279,2019-05-20,2019-05-20 09:33:51,0.56,0.9491,110,0.55,0.9322,547,0.56,0.9491,1,0.555,0.9406,665,0
SPY190522P279,2019-05-20,2019-05-20 09:33:52,0.56,0.9491,133,0.54,0.9152,1141,0.56,0.9491,1,0.55,0.9322,665,0
SPY190522P279,2019-05-20,2019-05-20 09:33:53,0.56,0.9491,318,0.54,0.9152,1339,0.56,0.9491,1,0.55,0.9322,665,0
SPY190522P279,2019-05-20,2019-05-20 09:33:55,0.56,0.9491,318,0.54,0.9152,1879,0.56,0.9491,1,0.55,0.9322,665,0
SPY190522P279,2019-05-20,2019-05-20 09:33:56,0.56,0.9491,369,0.54,0.9152,1818,0.56,0.9491,1,0.55,0.9322,665,0
SPY190522P279,2019-05-20,2019-05-20 09:33:56,0.56,0.9491,163,0.54,0.9152,1123,0.56,0.9491,1,0.55,0.9322,665,0
SPY190522P279,2019-05-20,2019-05-20 09:33:57,0.56,0.9491,250,0.54,0.9152,1462,0.56,0.9491,1,0.55,0.9322,665,0
SPY190522P279,2019-05-20,2019-05-20 09:33:58,0.56,0.9491,126,0.55,0.9322,1049,0.56,0.9491,1,0.555,0.9406,665,0
SPY190522P279,2019-05-20,2019-05-20 09:34:00,0.56,0.9491,135,0.54,0.9152,1785,0.56,0.9491,1,0.55,0.9322,665,0
SPY190522P279,2019-05-20,2019-05-20 09:34:00,0.56,0.9491,70,0.54,0.9152,1863,0.56,0.9491,1,0.55,0.9322,665,0
SPY190522P279,2019-05-20,2019-05-20 09:34:01,0.56,0.9491,280,0.54,0.9152,1681,0.56,0.9491,1,0.55,0.9322,665,0
SPY190522P279,2019-05-20,2019-05-20 09:34:02,0.56,0.9491,108,0.54,0.9152,1871,0.56,0.9491,1,0.55,0.9322,665,0
SPY190522P279,2019-05-20,2019-05-20 09:34:03,0.56,0.9491,118,0.55,0.9322,868,0.56,0.9491,1,0.555,0.9406,665,0
SPY190522P279,2019-05-20,2019-05-20 09:34:04,0.57,0.9661,1704,0.54,0.9152,2084,0.56,0.9491,1,0.555,0.9406,665,0
SPY190522P279,2019-05-20,2019-05-20 09:34:06,0.56,0.9491,187,0.54,0.9152,1288,0.56,0.9491,1,0.55,0.9322,665,0
SPY190522P279,2019-05-20,2019-05-20 09:34:07,0.56,0.9491,469,0.54,0.9152,1247,0.56,0.9491,1,0.55,0.9322,665,0
SPY190522P279,2019-05-20,2019-05-20 09:34:08,0.56,0.9491,191,0.54,0.9152,1117,0.56,0.9491,1,0.55,0.9322,665,0
SPY190522P279,2019-05-20,2019-05-20 09:34:09,0.56,0.9491,160,0.54,0.9152,1841,0.56,0.9491,1,0.55,0.9322,665,0
SPY190522P279,2019-05-20,2019-05-20 09:34:10,0.56,0.9491,278,0.54,0.9152,1164,0.56,0.9491,1,0.55,0.9322,665,0
SPY190522P279,2019-05-20,2019-05-20 09:34:11,0.56,0.9491,171,0.54,0.9152,1406,0.56,0.9491,1,0.55,0.9322,665,0
SPY190522P279,2019-05-20,2019-05-20 09:34:12,0.56,0.9491,233,0.54,0.9152,1538,0.56,0.9491,1,0.55,0.9322,665,0
SPY190522P279,2019-05-20,2019-05-20 09:34:13,0.57,0.9661,794,0.55,0.9322,1337,0.56,0.9491,1,0.56,0.9491,665,0
SPY190522P279,2019-05-20,2019-05-20 09:34:14,0.57,0.9661,302,0.55,0.9322,1267,0.56,0.9491,1,0.56,0.9491,665,0
SPY190522P279,2019-05-20,2019-05-20 09:34:15,0.57,0.9661,247,0.55,0.9322,1944,0.56,0.9491,1,0.56,0.9491,665,0
SPY190522P279,2019-05-20,2019-05-20 09:34:16,0.57,0.9661,222,0.55,0.9322,2231,0.56,0.9491,1,0.56,0.9491,665,0
SPY190522P279,2019-05-20,2019-05-20 09:34:18,0.56,0.9491,163,0.55,0.9322,326,0.56,0.9491,1,0.555,0.9406,665,0
SPY190522P279,2019-05-20,2019-05-20 09:34:19,0.56,0.9491,235,0.55,0.9322,326,0.56,0.9491,1,0.555,0.9406,665,0
SPY190522P279,2019-05-20,2019-05-20 09:34:20,0.56,0.9491,163,0.55,0.9322,160,0.56,0.9491,1,0.555,0.9406,665,0
SPY190522P279,2019-05-20,2019-05-20 09:34:21,0.56,0.9491,529,0.54,0.9152,981,0.56,0.9491,1,0.55,0.9322,665,0
SPY190522P279,2019-05-20,2019-05-20 09:34:22,0.56,0.9491,133,0.55,0.9322,336,0.56,0.9491,1,0.555,0.9406,665,0
SPY190522P279,2019-05-20,2019-05-20 09:34:23,0.56,0.9491,358,0.54,0.9152,1263,0.56,0.9491,1,0.55,0.9322,665,0
SPY190522P279,2019-05-20,2019-05-20 09:34:25,0.56,0.9491,391,0.54,0.9152,1150,0.56,0.9491,1,0.55,0.9322,665,0
SPY190522P279,2019-05-20,2019-05-20 09:34:26,0.56,0.9491,192,0.54,0.9152,1183,0.56,0.9491,1,0.55,0.9322,665,0
SPY190522P279,2019-05-20,2019-05-20 09:34:27,0.56,0.9491,257,0.54,0.9152,1426,0.56,0.9491,1,0.55,0.9322,665,0
SPY190522P279,2019-05-20,2019-05-20 09:34:28,0.56,0.9491,150,0.55,0.9322,316,0.56,0.9491,1,0.555,0.9406,665,0
SPY190522P279,2019-05-20,2019-05-20 09:34:29,0.57,0.9661,890,0.55,0.9322,1255,0.56,0.9491,1,0.56,0.9491,665,0
SPY190522P279,2019-05-20,2019-05-20 09:34:30,0.57,0.9661,385,0.55,0.9322,1518,0.56,0.9491,1,0.56,0.9491,668,3
SPY190522P279,2019-05-20,2019-05-20 09:34:31,0.57,0.9661,303,0.55,0.9322,1291,0.56,0.9491,1,0.56,0.9491,668,0
SPY190522P279,2019-05-20,2019-05-20 09:34:33,0.57,0.9661,1297,0.55,0.9322,543,0.56,0.9491,1,0.56,0.9491,668,0
SPY190522P279,2019-05-20,2019-05-20 09:34:34,0.57,0.9661,1680,0.55,0.9322,502,0.56,0.9491,1,0.56,0.9491,668,0
SPY190522P279,2019-05-20,2019-05-20 09:34:35,0.56,0.9491,133,0.55,0.9322,305,0.56,0.9491,1,0.555,0.9406,668,0
SPY190522P279,2019-05-20,2019-05-20 09:34:37,0.56,0.9491,104,0.55,0.9322,707,0.56,0.9491,1,0.555,0.9406,668,0
SPY190522P279,2019-05-20,2019-05-20 09:34:38,0.56,0.9491,133,0.55,0.9322,587,0.56,0.9491,1,0.555,0.9406,668,0
SPY190522P279,2019-05-20,2019-05-20 09:34:39,0.56,0.9491,133,0.55,0.9322,865,0.56,0.9491,1,0.555,0.9406,668,0
SPY190522P279,2019-05-20,2019-05-20 09:34:40,0.57,0.9661,2018,0.55,0.9322,865,0.56,0.9491,1,0.56,0.9491,668,0
SPY190522P279,2019-05-20,2019-05-20 09:34:41,0.56,0.9491,884,0.54,0.9152,580,0.56,0.9491,1,0.55,0.9322,668,0
SPY190522P279,2019-05-20,2019-05-20 09:34:43,0.57,0.9661,1740,0.55,0.9322,377,0.56,0.9491,1,0.56,0.9491,668,0
SPY190522P279,2019-05-20,2019-05-20 09:34:44,0.56,0.9491,318,0.54,0.9152,1246,0.56,0.9491,1,0.55,0.9322,668,0
SPY190522P279,2019-05-20,2019-05-20 09:34:45,0.56,0.9491,133,0.55,0.9322,322,0.56,0.9491,1,0.555,0.9406,668,0
SPY190522P279,2019-05-20,2019-05-20 09:34:47,0.56,0.9491,80,0.55,0.9322,671,0.56,0.9491,1,0.555,0.9406,668,0
SPY190522P279,2019-05-20,2019-05-20 09:34:48,0.56,0.9491,43,0.55,0.9322,1901,0.56,0.9491,1,0.555,0.9406,668,0
SPY190522P279,2019-05-20,2019-05-20 09:34:49,0.57,0.9661,163,0.56,0.9491,403,0.56,0.9491,1,0.565,0.9576,668,0
SPY190522P279,2019-05-20,2019-05-20 09:34:51,0.57,0.9661,55,0.56,0.9491,2078,0.56,0.9491,1,0.565,0.9576,668,0
SPY190522P279,2019-05-20,2019-05-20 09:34:52,0.58,0.983,133,0.56,0.9491,2140,0.57,0.9661,20,0.57,0.9661,688,20
SPY190522P279,2019-05-20,2019-05-20 09:34:53,0.59,1.0,100,0.57,0.9661,755,0.57,0.9661,20,0.58,0.983,688,0
SPY190522P279,2019-05-20,2019-05-20 09:34:54,0.58,0.983,442,0.56,0.9491,1236,0.57,0.9661,20,0.57,0.9661,688,0
SPY190522P279,2019-05-20,2019-05-20 09:34:56,0.58,0.983,240,0.56,0.9491,464,0.57,0.9661,20,0.57,0.9661,688,0
SPY190522P279,2019-05-20,2019-05-20 09:34:57,0.58,0.983,1709,0.56,0.9491,871,0.57,0.9661,20,0.57,0.9661,688,0
SPY190522P279,2019-05-20,2019-05-20 09:34:58,0.58,0.983,50,0.57,0.9661,355,0.57,0.9661,20,0.575,0.9745,688,0
SPY190522P279,2019-05-20,2019-05-20 09:34:59,0.58,0.983,100,0.57,0.9661,355,0.57,0.9661,20,0.575,0.9745,688,0
SPY190522P279,2019-05-20,2019-05-20 09:35:00,0.58,0.983,25,0.57,0.9661,355,0.57,0.9661,20,0.575,0.9745,688,0
SPY190522P279,2019-05-20,2019-05-20 09:35:01,0.58,0.983,176,0.57,0.9661,443,0.57,0.9661,20,0.575,0.9745,688,0
SPY190522P279,2019-05-20,2019-05-20 09:35:02,0.58,0.983,325,0.57,0.9661,288,0.57,0.9661,20,0.575,0.9745,688,0
SPY190522P279,2019-05-20,2019-05-20 09:35:04,0.58,0.983,1534,0.56,0.9491,870,0.57,0.9661,1,0.57,0.9661,689,1
SPY190522P279,2019-05-20,2019-05-20 09:35:05,0.58,0.983,1471,0.56,0.9491,558,0.57,0.9661,1,0.57,0.9661,689,0
SPY190522P279,2019-05-20,2019-05-20 09:35:05,0.58,0.983,778,0.56,0.9491,559,0.57,0.9661,1,0.57,0.9661,689,0
SPY190522P279,2019-05-20,2019-05-20 09:35:06,0.58,0.983,525,0.56,0.9491,919,0.57,0.9661,1,0.57,0.9661,689,0
SPY190522P279,2019-05-20,2019-05-20 09:35:07,0.58,0.983,997,0.56,0.9491,2028,0.57,0.9661,1,0.57,0.9661,689,0
SPY190522P279,2019-05-20,2019-05-20 09:35:08,0.58,0.983,997,0.57,0.9661,607,0.57,0.9661,1,0.575,0.9745,689,0
SPY190522P279,2019-05-20,2019-05-20 09:35:09,0.58,0.983,599,0.56,0.9491,756,0.57,0.9661,1,0.57,0.9661,689,0
SPY190522P279,2019-05-20,2019-05-20 09:35:10,0.58,0.983,985,0.56,0.9491,1237,0.57,0.9661,1,0.57,0.9661,689,0
SPY190522P279,2019-05-20,2019-05-20 09:35:11,0.58,0.983,115,0.57,0.9661,507,0.57,0.9661,1,0.575,0.9745,689,0
SPY190522P279,2019-05-20,2019-05-20 09:35:13,0.6,1.0169,836,0.58,0.983,343,0.57,0.9661,1,0.59,1.0,689,0
SPY190522P279,2019-05-20,2019-05-20 09:35:14,0.6,1.0169,1020,0.58,0.983,983,0.59,1.0,3,0.59,1.0,692,3
SPY190522P279,2019-05-20,2019-05-20 09:35:15,0.59,1.0,210,0.58,0.983,1248,0.59,1.0,3,0.585,0.9915,692,0
SPY190522P279,2019-05-20,2019-05-20 09:35:16,0.59,1.0,150,0.58,0.983,730,0.59,1.0,3,0.585,0.9915,692,0
SPY190522P279,2019-05-20,2019-05-20 09:35:17,0.59,1.0,298,0.58,0.983,343,0.59,1.0,3,0.585,0.9915,692,0
SPY190522P279,2019-05-20,2019-05-20 09:35:18,0.59,1.0,702,0.58,0.983,37,0.59,1.0,3,0.585,0.9915,692,0
SPY190522P279,2019-05-20,2019-05-20 09:35:19,0.59,1.0,268,0.57,0.9661,671,0.59,1.0,3,0.58,0.983,692,0
SPY190522P279,2019-05-20,2019-05-20 09:35:20,0.59,1.0,697,0.58,0.983,50,0.59,1.0,3,0.585,0.9915,692,0
SPY190522P279,2019-05-20,2019-05-20 09:35:21,0.58,0.983,120,0.57,0.9661,293,0.59,1.0,3,0.575,0.9745,692,0
SPY190522P279,2019-05-20,2019-05-20 09:35:23,0.59,1.0,1569,0.57,0.9661,935,0.59,1.0,3,0.58,0.983,692,0
SPY190522P279,2019-05-20,2019-05-20 09:35:24,0.59,1.0,1870,0.57,0.9661,930,0.59,1.0,3,0.58,0.983,692,0
SPY190522P279,2019-05-20,2019-05-20 09:35:25,0.59,1.0,1360,0.57,0.9661,765,0.59,1.0,3,0.58,0.983,692,0
SPY190522P279,2019-05-20,2019-05-20 09:35:26,0.59,1.0,150,0.58,0.983,135,0.59,1.0,3,0.585,0.9915,692,0
SPY190522P279,2019-05-20,2019-05-20 09:35:27,0.59,1.0,150,0.58,0.983,391,0.59,1.0,3,0.585,0.9915,692,0
SPY190522P279,2019-05-20,2019-05-20 09:35:28,0.6,1.0169,1054,0.59,1.0,143,0.59,1.0,3,0.595,1.0084,692,0
SPY190522P279,2019-05-20,2019-05-20 09:35:29,0.6,1.0169,150,0.59,1.0,160,0.59,1.0,3,0.595,1.0084,692,0
SPY190522P279,2019-05-20,2019-05-20 09:35:31,0.6,1.0169,150,0.59,1.0,302,0.6,1.0169,1,0.595,1.0084,693,1
SPY190522P279,2019-05-20,2019-05-20 09:35:32,0.6,1.0169,135,0.59,1.0,423,0.6,1.0169,1,0.595,1.0084,693,0
SPY190522P279,2019-05-20,2019-05-20 09:35:33,0.6,1.0169,151,0.59,1.0,398,0.6,1.0169,1,0.595,1.0084,693,0
SPY190522P279,2019-05-20,2019-05-20 09:35:35,0.6,1.0169,100,0.58,0.983,1575,0.6,1.0169,1,0.59,1.0,693,0
SPY190522P279,2019-05-20,2019-05-20 09:35:36,0.6,1.0169,268,0.58,0.983,1255,0.6,1.0169,1,0.59,1.0,693,0
SPY190522P279,2019-05-20,2019-05-20 09:35:37,0.61,1.0338,1858,0.59,1.0,156,0.6,1.0169,1,0.6,1.0169,693,0
SPY190522P279,2019-05-20,2019-05-20 09:35:38,0.62,1.0508,773,0.6,1.0169,454,0.6,1.0169,1,0.61,1.0338,693,0
SPY190522P279,2019-05-20,2019-05-20 09:35:39,0.62,1.0508,1342,0.6,1.0169,474,0.6,1.0169,1,0.61,1.0338,693,0
SPY190522P279,2019-05-20,2019-05-20 09:35:40,0.62,1.0508,180,0.61,1.0338,280,0.6,1.0169,1,0.615,1.0423,693,0
SPY190522P279,2019-05-20,2019-05-20 09:35:41,0.62,1.0508,2632,0.59,1.0,1112,0.6,1.0169,1,0.605,1.0254,693,0
SPY190522P279,2019-05-20,2019-05-20 09:35:43,0.62,1.0508,784,0.59,1.0,566,0.6,1.0169,1,0.605,1.0254,693,0
SPY190522P279,2019-05-20,2019-05-20 09:35:44,0.61,1.0338,1140,0.59,1.0,510,0.6,1.0169,1,0.6,1.0169,693,0
SPY190522P279,2019-05-20,2019-05-20 09:35:45,0.61,1.0338,180,0.6,1.0169,278,0.6,1.0169,1,0.605,1.0254,693,0
SPY190522P279,2019-05-20,2019-05-20 09:35:46,0.62,1.0508,763,0.6,1.0169,508,0.6,1.0169,1,0.61,1.0338,693,0
SPY190522P279,2019-05-20,2019-05-20 09:35:47,0.62,1.0508,1791,0.59,1.0,1473,0.6,1.0169,1,0.605,1.0254,693,0
SPY190522P279,2019-05-20,2019-05-20 09:35:48,0.62,1.0508,972,0.6,1.0169,417,0.6,1.0169,1,0.61,1.0338,693,0
SPY190522P279,2019-05-20,2019-05-20 09:35:49,0.62,1.0508,293,0.6,1.0169,1312,0.6,1.0169,1,0.61,1.0338,693,0
SPY190522P279,2019-05-20,2019-05-20 09:35:50,0.62,1.0508,293,0.6,1.0169,1475,0.6,1.0169,1,0.61,1.0338,693,0
SPY190522P279,2019-05-20,2019-05-20 09:35:51,0.63,1.0677,170,0.61,1.0338,195,0.6,1.0169,1,0.62,1.0508,693,0
SPY190522P279,2019-05-20,2019-05-20 09:35:52,0.63,1.0677,572,0.61,1.0338,466,0.6,1.0169,1,0.62,1.0508,693,0
SPY190522P279,2019-05-20,2019-05-20 09:35:53,0.63,1.0677,1278,0.61,1.0338,466,0.6,1.0169,1,0.62,1.0508,693,0
SPY190522P279,2019-05-20,2019-05-20 09:35:55,0.63,1.0677,113,0.62,1.0508,227,0.6,1.0169,1,0.625,1.0593,693,0
SPY190522P279,2019-05-20,2019-05-20 09:35:56,0.64,1.0847,160,0.62,1.0508,949,0.64,1.0847,2,0.63,1.0677,695,2
SPY190522P279,2019-05-20,2019-05-20 09:35:57,0.64,1.0847,230,0.63,1.0677,130,0.64,1.0847,2,0.635,1.0762,695,0
SPY190522P279,2019-05-20,2019-05-20 09:35:58,0.64,1.0847,180,0.63,1.0677,277,0.64,1.0847,2,0.635,1.0762,695,0
SPY190522P279,2019-05-20,2019-05-20 09:35:59,0.65,1.1016,776,0.63,1.0677,377,0.64,1.0847,2,0.64,1.0847,695,0
SPY190522P279,2019-05-20,2019-05-20 09:36:00,0.65,1.1016,105,0.64,1.0847,130,0.64,1.0847,2,0.645,1.0932,695,0
SPY190522P279,2019-05-20,2019-05-20 09:36:01,0.65,1.1016,170,0.64,1.0847,131,0.64,1.0847,2,0.645,1.0932,695,0
SPY190522P279,2019-05-20,2019-05-20 09:36:02,0.65,1.1016,180,0.64,1.0847,131,0.64,1.0847,2,0.645,1.0932,695,0
SPY190522P279,2019-05-20,2019-05-20 09:36:03,0.66,1.1186,350,0.64,1.0847,491,0.64,1.0847,2,0.65,1.1016,695,0
SPY190522P279,2019-05-20,2019-05-20 09:36:04,0.66,1.1186,682,0.64,1.0847,816,0.64,1.0847,1,0.65,1.1016,696,1
SPY190522P279,2019-05-20,2019-05-20 09:36:05,0.66,1.1186,180,0.64,1.0847,1120,0.64,1.0847,1,0.65,1.1016,696,0
SPY190522P279,2019-05-20,2019-05-20 09:36:06,0.66,1.1186,180,0.64,1.0847,1497,0.66,1.1186,5,0.65,1.1016,701,5
SPY190522P279,2019-05-20,2019-05-20 09:36:07,0.66,1.1186,31,0.65,1.1016,431,0.66,1.1186,5,0.655,1.1101,701,0
SPY190522P279,2019-05-20,2019-05-20 09:36:08,0.66,1.1186,176,0.65,1.1016,155,0.66,1.1186,5,0.655,1.1101,701,0
SPY190522P279,2019-05-20,2019-05-20 09:36:09,0.66,1.1186,176,0.65,1.1016,50,0.66,1.1186,5,0.655,1.1101,701,0
SPY190522P279,2019-05-20,2019-05-20 09:36:10,0.66,1.1186,176,0.65,1.1016,50,0.66,1.1186,5,0.655,1.1101,701,0
SPY190522P279,2019-05-20,2019-05-20 09:36:11,0.66,1.1186,46,0.65,1.1016,400,0.66,1.1186,5,0.655,1.1101,701,0
SPY190522P279,2019-05-20,2019-05-20 09:36:12,0.67,1.1355,2175,0.65,1.1016,1,0.66,1.1186,5,0.66,1.1186,701,0
SPY190522P279,2019-05-20,2019-05-20 09:36:13,0.67,1.1355,1968,0.65,1.1016,150,0.67,1.1355,1,0.66,1.1186,702,1
SPY190522P279,2019-05-20,2019-05-20 09:36:14,0.67,1.1355,403,0.66,1.1186,2,0.67,1.1355,1,0.665,1.1271,702,0
SPY190522P279,2019-05-20,2019-05-20 09:36:15,0.67,1.1355,355,0.66,1.1186,2,0.67,1.1355,1,0.665,1.1271,702,0
SPY190522P279,2019-05-20,2019-05-20 09:36:16,0.67,1.1355,330,0.66,1.1186,237,0.67,1.1355,1,0.665,1.1271,702,0
SPY190522P279,2019-05-20,2019-05-20 09:36:17,0.67,1.1355,46,0.66,1.1186,150,0.67,1.1355,1,0.665,1.1271,702,0
SPY190522P279,2019-05-20,2019-05-20 09:36:18,0.68,1.1525,806,0.66,1.1186,498,0.67,1.1355,1,0.67,1.1355,702,0
SPY190522P279,2019-05-20,2019-05-20 09:36:19,0.68,1.1525,988,0.66,1.1186,727,0.67,1.1355,1,0.67,1.1355,702,0
SPY190522P279,2019-05-20,2019-05-20 09:36:20,0.68,1.1525,284,0.67,1.1355,2,0.67,1.1355,1,0.675,1.144,702,0
SPY190522P279,2019-05-20,2019-05-20 09:36:21,0.68,1.1525,962,0.67,1.1355,2,0.67,1.1355,1,0.675,1.144,702,0
SPY190522P279,2019-05-20,2019-05-20 09:36:22,0.68,1.1525,359,0.67,1.1355,2,0.67,1.1355,1,0.675,1.144,702,0
SPY190522P279,2019-05-20,2019-05-20 09:36:23,0.68,1.1525,710,0.67,1.1355,2,0.67,1.1355,1,0.675,1.144,702,0
SPY190522P279,2019-05-20,2019-05-20 09:36:24,0.68,1.1525,527,0.65,1.1016,526,0.67,1.1355,2,0.665,1.1271,704,2
SPY190522P279,2019-05-20,2019-05-20 09:36:25,0.67,1.1355,1040,0.65,1.1016,723,0.67,1.1355,2,0.66,1.1186,704,0
SPY190522P279,2019-05-20,2019-05-20 09:36:26,0.67,1.1355,1715,0.64,1.0847,816,0.67,1.1355,2,0.655,1.1101,704,0
SPY190522P279,2019-05-20,2019-05-20 09:36:27,0.67,1.1355,774,0.65,1.1016,211,0.67,1.1355,2,0.66,1.1186,704,0
SPY190522P279,2019-05-20,2019-05-20 09:36:28,0.67,1.1355,962,0.65,1.1016,663,0.67,1.1355,2,0.66,1.1186,704,0
SPY190522P279,2019-05-20,2019-05-20 09:36:29,0.67,1.1355,44,0.66,1.1186,300,0.67,1.1355,2,0.665,1.1271,704,0
SPY190522P279,2019-05-20,2019-05-20 09:36:30,0.67,1.1355,80,0.66,1.1186,222,0.67,1.1355,2,0.665,1.1271,704,0
SPY190522P279,2019-05-20,2019-05-20 09:36:31,0.68,1.1525,331,0.66,1.1186,968,0.67,1.1355,2,0.67,1.1355,704,0
SPY190522P279,2019-05-20,2019-05-20 09:36:33,0.68,1.1525,107,0.66,1.1186,1371,0.67,1.1355,2,0.67,1.1355,704,0
SPY190522P279,2019-05-20,2019-05-20 09:36:34,0.69,1.1694,721,0.67,1.1355,1,0.67,1.1355,2,0.68,1.1525,704,0
SPY190522P279,2019-05-20,2019-05-20 09:36:35,0.68,1.1525,89,0.67,1.1355,7,0.67,1.1355,2,0.675,1.144,704,0
SPY190522P279,2019-05-20,2019-05-20 09:36:36,0.68,1.1525,178,0.67,1.1355,1,0.67,1.1355,2,0.675,1.144,704,0
SPY190522P279,2019-05-20,2019-05-20 09:36:37,0.68,1.1525,80,0.67,1.1355,7,0.67,1.1355,2,0.675,1.144,704,0
SPY190522P279,2019-05-20,2019-05-20 09:36:38,0.69,1.1694,1198,0.67,1.1355,212,0.67,1.1355,2,0.68,1.1525,704,0
SPY190522P279,2019-05-20,2019-05-20 09:36:39,0.69,1.1694,275,0.67,1.1355,929,0.67,1.1355,2,0.68,1.1525,704,0
SPY190522P279,2019-05-20,2019-05-20 09:36:41,0.69,1.1694,682,0.67,1.1355,672,0.67,1.1355,2,0.68,1.1525,704,0
SPY190522P279,2019-05-20,2019-05-20 09:36:42,0.69,1.1694,499,0.67,1.1355,1220,0.67,1.1355,2,0.68,1.1525,704,0
SPY190522P279,2019-05-20,2019-05-20 09:36:43,0.69,1.1694,80,0.67,1.1355,876,0.67,1.1355,2,0.68,1.1525,704,0
SPY190522P279,2019-05-20,2019-05-20 09:36:44,0.69,1.1694,284,0.67,1.1355,290,0.67,1.1355,2,0.68,1.1525,704,0
SPY190522P279,2019-05-20,2019-05-20 09:36:45,0.69,1.1694,1247,0.67,1.1355,150,0.67,1.1355,2,0.68,1.1525,704,0
SPY190522P279,2019-05-20,2019-05-20 09:36:46,0.69,1.1694,837,0.67,1.1355,237,0.67,1.1355,2,0.68,1.1525,704,0
SPY190522P279,2019-05-20,2019-05-20 09:36:47,0.69,1.1694,1551,0.67,1.1355,237,0.67,1.1355,2,0.68,1.1525,704,0
SPY190522P279,2019-05-20,2019-05-20 09:36:48,0.68,1.1525,170,0.67,1.1355,50,0.67,1.1355,2,0.675,1.144,704,0
SPY190522P279,2019-05-20,2019-05-20 09:36:49,0.68,1.1525,1123,0.67,1.1355,7,0.67,1.1355,2,0.675,1.144,704,0
SPY190522P279,2019-05-20,2019-05-20 09:36:50,0.68,1.1525,489,0.67,1.1355,7,0.67,1.1355,2,0.675,1.144,704,0
SPY190522P279,2019-05-20,2019-05-20 09:36:51,0.68,1.1525,2083,0.67,1.1355,1,0.67,1.1355,2,0.675,1.144,704,0
SPY190522P279,2019-05-20,2019-05-20 09:36:52,0.68,1.1525,712,0.67,1.1355,7,0.67,1.1355,2,0.675,1.144,704,0
SPY190522P279,2019-05-20,2019-05-20 09:36:53,0.69,1.1694,357,0.67,1.1355,230,0.67,1.1355,2,0.68,1.1525,704,0
SPY190522P279,2019-05-20,2019-05-20 09:36:54,0.68,1.1525,1,0.67,1.1355,150,0.68,1.1525,1,0.675,1.144,705,1
SPY190522P279,2019-05-20,2019-05-20 09:36:55,0.69,1.1694,80,0.67,1.1355,724,0.68,1.1525,1,0.68,1.1525,706,1
SPY190522P279,2019-05-20,2019-05-20 09:36:56,0.69,1.1694,80,0.67,1.1355,1714,0.68,1.1525,1,0.68,1.1525,706,0
SPY190522P279,2019-05-20,2019-05-20 09:36:57,0.69,1.1694,80,0.67,1.1355,1937,0.68,1.1525,1,0.68,1.1525,706,0
SPY190522P279,2019-05-20,2019-05-20 09:36:58,0.69,1.1694,80,0.67,1.1355,1937,0.68,1.1525,1,0.68,1.1525,706,0
SPY190522P279,2019-05-20,2019-05-20 09:36:59,0.69,1.1694,80,0.67,1.1355,1691,0.69,1.1694,163,0.68,1.1525,869,163
SPY190522P279,2019-05-20,2019-05-20 09:37:00,0.69,1.1694,80,0.67,1.1355,1895,0.69,1.1694,163,0.68,1.1525,869,0
SPY190522P279,2019-05-20,2019-05-20 09:37:01,0.69,1.1694,80,0.67,1.1355,1724,0.69,1.1694,163,0.68,1.1525,869,0
SPY190522P279,2019-05-20,2019-05-20 09:37:02,0.69,1.1694,80,0.67,1.1355,1188,0.69,1.1694,163,0.68,1.1525,869,0
SPY190522P279,2019-05-20,2019-05-20 09:37:03,0.69,1.1694,50,0.68,1.1525,7,0.69,1.1694,163,0.685,1.161,869,0
SPY190522P279,2019-05-20,2019-05-20 09:37:05,0.69,1.1694,32,0.68,1.1525,7,0.69,1.1694,163,0.685,1.161,869,0
SPY190522P279,2019-05-20,2019-05-20 09:37:06,0.69,1.1694,65,0.68,1.1525,50,0.69,1.1694,4,0.685,1.161,878,9
SPY190522P279,2019-05-20,2019-05-20 09:37:07,0.69,1.1694,65,0.68,1.1525,1,0.68,1.1525,1,0.685,1.161,879,1
SPY190522P279,2019-05-20,2019-05-20 09:37:08,0.69,1.1694,236,0.67,1.1355,615,0.68,1.1525,1,0.68,1.1525,879,0
SPY190522P279,2019-05-20,2019-05-20 09:37:08,0.69,1.1694,193,0.67,1.1355,1145,0.68,1.1525,1,0.68,1.1525,879,0
SPY190522P279,2019-05-20,2019-05-20 09:37:09,0.68,1.1525,2,0.67,1.1355,257,0.68,1.1525,1,0.675,1.144,879,0
SPY190522P279,2019-05-20,2019-05-20 09:37:10,0.69,1.1694,227,0.67,1.1355,325,0.68,1.1525,1,0.68,1.1525,879,0
SPY190522P279,2019-05-20,2019-05-20 09:37:11,0.69,1.1694,80,0.67,1.1355,1941,0.68,1.1525,1,0.68,1.1525,879,0
SPY190522P279,2019-05-20,2019-05-20 09:37:12,0.69,1.1694,80,0.67,1.1355,1941,0.68,1.1525,1,0.68,1.1525,879,0
SPY190522P279,2019-05-20,2019-05-20 09:37:13,0.69,1.1694,80,0.67,1.1355,1565,0.68,1.1525,1,0.68,1.1525,879,0
SPY190522P279,2019-05-20,2019-05-20 09:37:14,0.69,1.1694,80,0.67,1.1355,1355,0.68,1.1525,1,0.68,1.1525,879,0
SPY190522P279,2019-05-20,2019-05-20 09:37:15,0.69,1.1694,1200,0.67,1.1355,1127,0.68,1.1525,1,0.68,1.1525,879,0
SPY190522P279,2019-05-20,2019-05-20 09:37:16,0.69,1.1694,185,0.67,1.1355,920,0.68,1.1525,1,0.68,1.1525,879,0
SPY190522P279,2019-05-20,2019-05-20 09:37:17,0.69,1.1694,379,0.67,1.1355,667,0.68,1.1525,1,0.68,1.1525,879,0
SPY190522P279,2019-05-20,2019-05-20 09:37:18,0.69,1.1694,988,0.67,1.1355,1158,0.68,1.1525,1,0.68,1.1525,879,0
SPY190522P279,2019-05-20,2019-05-20 09:37:19,0.69,1.1694,988,0.67,1.1355,1158,0.68,1.1525,1,0.68,1.1525,879,0
SPY190522P279,2019-05-20,2019-05-20 09:37:20,0.69,1.1694,988,0.67,1.1355,1024,0.68,1.1525,1,0.68,1.1525,879,0
SPY190522P279,2019-05-20,2019-05-20 09:37:21,0.69,1.1694,1970,0.66,1.1186,161,0.68,1.1525,1,0.675,1.144,879,0
SPY190522P279,2019-05-20,2019-05-20 09:37:23,0.68,1.1525,151,0.66,1.1186,1893,0.68,1.1525,1,0.67,1.1355,879,0
SPY190522P279,2019-05-20,2019-05-20 09:37:24,0.68,1.1525,1304,0.66,1.1186,984,0.68,1.1525,1,0.67,1.1355,879,0
SPY190522P279,2019-05-20,2019-05-20 09:37:25,0.68,1.1525,187,0.66,1.1186,430,0.68,1.1525,1,0.67,1.1355,879,0
SPY190522P279,2019-05-20,2019-05-20 09:37:26,0.69,1.1694,275,0.67,1.1355,485,0.68,1.1525,1,0.68,1.1525,879,0
SPY190522P279,2019-05-20,2019-05-20 09:37:27,0.69,1.1694,747,0.67,1.1355,6,0.68,1.1525,1,0.68,1.1525,879,0
SPY190522P279,2019-05-20,2019-05-20 09:37:29,0.68,1.1525,50,0.67,1.1355,665,0.68,1.1525,1,0.675,1.144,879,0
SPY190522P279,2019-05-20,2019-05-20 09:37:30,0.69,1.1694,161,0.68,1.1525,100,0.68,1.1525,1,0.685,1.161,879,0
SPY190522P279,2019-05-20,2019-05-20 09:37:31,0.69,1.1694,161,0.68,1.1525,140,0.68,1.1525,1,0.685,1.161,880,1
SPY190522P279,2019-05-20,2019-05-20 09:37:33,0.69,1.1694,51,0.67,1.1355,1137,0.68,1.1525,1,0.68,1.1525,880,0
SPY190522P279,2019-05-20,2019-05-20 09:37:34,0.69,1.1694,100,0.67,1.1355,1375,0.68,1.1525,1,0.68,1.1525,880,0
SPY190522P279,2019-05-20,2019-05-20 09:37:36,0.7,1.1864,1724,0.68,1.1525,180,0.68,1.1525,1,0.69,1.1694,880,0
SPY190522P279,2019-05-20,2019-05-20 09:37:37,0.7,1.1864,1450,0.68,1.1525,211,0.68,1.1525,1,0.69,1.1694,880,0
SPY190522P279,2019-05-20,2019-05-20 09:37:38,0.7,1.1864,1269,0.67,1.1355,1774,0.68,1.1525,1,0.685,1.161,880,0
SPY190522P279,2019-05-20,2019-05-20 09:37:39,0.7,1.1864,1324,0.68,1.1525,100,0.68,1.1525,1,0.69,1.1694,880,0
SPY190522P279,2019-05-20,2019-05-20 09:37:40,0.7,1.1864,892,0.69,1.1694,1,0.68,1.1525,1,0.695,1.1779,880,0
SPY190522P279,2019-05-20,2019-05-20 09:37:41,0.7,1.1864,1167,0.69,1.1694,1,0.68,1.1525,1,0.695,1.1779,880,0
SPY190522P279,2019-05-20,2019-05-20 09:37:43,0.7,1.1864,1192,0.69,1.1694,1,0.68,1.1525,1,0.695,1.1779,880,0
SPY190522P279,2019-05-20,2019-05-20 09:37:44,0.7,1.1864,101,0.69,1.1694,1,0.68,1.1525,1,0.695,1.1779,880,0
SPY190522P279,2019-05-20,2019-05-20 09:37:45,0.7,1.1864,50,0.69,1.1694,289,0.68,1.1525,1,0.695,1.1779,880,0
SPY190522P279,2019-05-20,2019-05-20 09:37:46,0.71,1.2033,169,0.69,1.1694,1114,0.71,1.2033,5,0.7,1.1864,895,15
SPY190522P279,2019-05-20,2019-05-20 09:37:47,0.71,1.2033,141,0.69,1.1694,1344,0.71,1.2033,9,0.7,1.1864,925,30
SPY190522P279,2019-05-20,2019-05-20 09:37:48,0.71,1.2033,192,0.7,1.1864,273,0.71,1.2033,9,0.705,1.1949,925,0
SPY190522P279,2019-05-20,2019-05-20 09:37:49,0.72,1.2203,2088,0.69,1.1694,1281,0.71,1.2033,9,0.705,1.1949,925,0
SPY190522P279,2019-05-20,2019-05-20 09:37:51,0.72,1.2203,2066,0.69,1.1694,1652,0.71,1.2033,9,0.705,1.1949,925,0
SPY190522P279,2019-05-20,2019-05-20 09:37:52,0.72,1.2203,161,0.7,1.1864,1771,0.71,1.2033,9,0.71,1.2033,925,0
SPY190522P279,2019-05-20,2019-05-20 09:37:53,0.72,1.2203,31,0.7,1.1864,403,0.71,1.2033,1,0.71,1.2033,927,2
SPY190522P279,2019-05-20,2019-05-20 09:37:55,0.72,1.2203,624,0.7,1.1864,1509,0.71,1.2033,1,0.71,1.2033,927,0
SPY190522P279,2019-05-20,2019-05-20 09:37:55,0.72,1.2203,624,0.7,1.1864,887,0.71,1.2033,1,0.71,1.2033,927,0
SPY190522P279,2019-05-20,2019-05-20 09:37:57,0.72,1.2203,468,0.7,1.1864,1554,0.71,1.2033,1,0.71,1.2033,927,0
SPY190522P279,2019-05-20,2019-05-20 09:37:58,0.72,1.2203,180,0.7,1.1864,1820,0.71,1.2033,1,0.71,1.2033,927,0
SPY190522P279,2019-05-20,2019-05-20 09:37:59,0.72,1.2203,889,0.7,1.1864,171,0.71,1.2033,1,0.71,1.2033,927,0
SPY190522P279,2019-05-20,2019-05-20 09:38:00,0.72,1.2203,870,0.69,1.1694,1668,0.71,1.2033,1,0.705,1.1949,927,0
SPY190522P279,2019-05-20,2019-05-20 09:38:01,0.71,1.2033,212,0.69,1.1694,954,0.71,1.2033,1,0.7,1.1864,927,0
SPY190522P279,2019-05-20,2019-05-20 09:38:02,0.72,1.2203,20,0.69,1.1694,885,0.71,1.2033,1,0.705,1.1949,927,0
SPY190522P279,2019-05-20,2019-05-20 09:38:04,0.74,1.2542,418,0.72,1.2203,170,0.72,1.2203,1,0.73,1.2372,928,1
SPY190522P279,2019-05-20,2019-05-20 09:38:05,0.74,1.2542,58,0.72,1.2203,170,0.72,1.2203,1,0.73,1.2372,928,0
SPY190522P279,2019-05-20,2019-05-20 09:38:06,0.74,1.2542,127,0.72,1.2203,1182,0.72,1.2203,1,0.73,1.2372,928,0
SPY190522P279,2019-05-20,2019-05-20 09:38:07,0.74,1.2542,183,0.72,1.2203,1448,0.72,1.2203,1,0.73,1.2372,928,0
SPY190522P279,2019-05-20,2019-05-20 09:38:08,0.74,1.2542,61,0.72,1.2203,1883,0.72,1.2203,1,0.73,1.2372,928,0
SPY190522P279,2019-05-20,2019-05-20 09:38:09,0.74,1.2542,128,0.72,1.2203,1883,0.72,1.2203,1,0.73,1.2372,928,0
SPY190522P279,2019-05-20,2019-05-20 09:38:10,0.74,1.2542,80,0.73,1.2372,6,0.72,1.2203,1,0.735,1.2457,928,0
SPY190522P279,2019-05-20,2019-05-20 09:38:11,0.77,1.305,75,0.74,1.2542,288,0.72,1.2203,1,0.755,1.2796,928,0
SPY190522P279,2019-05-20,2019-05-20 09:38:13,0.77,1.305,378,0.74,1.2542,1095,0.72,1.2203,1,0.755,1.2796,928,0
SPY190522P279,2019-05-20,2019-05-20 09:38:14,0.77,1.305,378,0.74,1.2542,1095,0.77,1.305,1,0.755,1.2796,929,1
SPY190522P279,2019-05-20,2019-05-20 09:38:15,0.77,1.305,378,0.74,1.2542,1095,0.77,1.305,1,0.755,1.2796,929,0
SPY190522P279,2019-05-20,2019-05-20 09:38:16,0.77,1.305,666,0.75,1.2711,170,0.77,1.305,1,0.76,1.2881,929,0
SPY190522P279,2019-05-20,2019-05-20 09:38:17,0.76,1.2881,230,0.74,1.2542,1048,0.77,1.305,1,0.75,1.2711,929,0
SPY190522P279,2019-05-20,2019-05-20 09:38:18,0.76,1.2881,1011,0.74,1.2542,323,0.77,1.305,1,0.75,1.2711,929,0
SPY190522P279,2019-05-20,2019-05-20 09:38:19,0.77,1.305,721,0.74,1.2542,1567,0.77,1.305,1,0.755,1.2796,929,0
SPY190522P279,2019-05-20,2019-05-20 09:38:20,0.77,1.305,108,0.76,1.2881,12,0.77,1.305,1,0.765,1.2966,929,0
SPY190522P279,2019-05-20,2019-05-20 09:38:22,0.77,1.305,700,0.76,1.2881,12,0.77,1.305,1,0.765,1.2966,929,0
SPY190522P279,2019-05-20,2019-05-20 09:38:23,0.78,1.322,230,0.76,1.2881,170,0.77,1.305,1,0.77,1.305,929,0
SPY190522P279,2019-05-20,2019-05-20 09:38:24,0.78,1.322,288,0.76,1.2881,12,0.77,1.305,1,0.77,1.305,929,0
SPY190522P279,2019-05-20,2019-05-20 09:38:25,0.78,1.322,143,0.76,1.2881,198,0.77,1.305,1,0.77,1.305,929,0
SPY190522P279,2019-05-20,2019-05-20 09:38:26,0.78,1.322,563,0.76,1.2881,170,0.77,1.305,1,0.77,1.305,929,0
SPY190522P279,2019-05-20,2019-05-20 09:38:27,0.78,1.322,819,0.76,1.2881,204,0.77,1.305,1,0.77,1.305,929,0
SPY190522P279,2019-05-20,2019-05-20 09:38:28,0.78,1.322,819,0.76,1.2881,204,0.77,1.305,1,0.77,1.305,929,0
SPY190522P279,2019-05-20,2019-05-20 09:38:29,0.78,1.322,819,0.76,1.2881,275,0.77,1.305,1,0.77,1.305,929,0
SPY190522P279,2019-05-20,2019-05-20 09:38:31,0.78,1.322,40,0.76,1.2881,691,0.77,1.305,1,0.77,1.305,929,0
SPY190522P279,2019-05-20,2019-05-20 09:38:33,0.79,1.3389,1524,0.76,1.2881,1707,0.77,1.305,1,0.775,1.3135,929,0
SPY190522P279,2019-05-20,2019-05-20 09:38:34,0.79,1.3389,197,0.77,1.305,140,0.77,1.305,1,0.78,1.322,929,0
SPY190522P279,2019-05-20,2019-05-20 09:38:35,0.79,1.3389,280,0.77,1.305,140,0.78,1.322,10,0.78,1.322,939,10
SPY190522P279,2019-05-20,2019-05-20 09:38:37,0.8,1.3559,966,0.78,1.322,230,0.78,1.322,10,0.79,1.3389,939,0
SPY190522P279,2019-05-20,2019-05-20 09:38:38,0.79,1.3389,141,0.77,1.305,1286,0.78,1.322,10,0.78,1.322,939,0
SPY190522P279,2019-05-20,2019-05-20 09:38:39,0.79,1.3389,181,0.77,1.305,160,0.78,1.322,10,0.78,1.322,939,0
SPY190522P279,2019-05-20,2019-05-20 09:38:40,0.8,1.3559,565,0.77,1.305,131,0.78,1.322,10,0.785,1.3305,939,0
SPY190522P279,2019-05-20,2019-05-20 09:38:41,0.8,1.3559,1369,0.77,1.305,703,0.78,1.322,10,0.785,1.3305,939,0
SPY190522P279,2019-05-20,2019-05-20 09:38:43,0.79,1.3389,1,0.77,1.305,1681,0.79,1.3389,1,0.78,1.322,943,4
SPY190522P279,2019-05-20,2019-05-20 09:38:44,0.79,1.3389,166,0.77,1.305,690,0.79,1.3389,1,0.78,1.322,943,0
SPY190522P279,2019-05-20,2019-05-20 09:38:45,0.79,1.3389,141,0.77,1.305,1083,0.79,1.3389,1,0.78,1.322,943,0
SPY190522P279,2019-05-20,2019-05-20 09:38:46,0.79,1.3389,387,0.77,1.305,577,0.79,1.3389,1,0.78,1.322,943,0
SPY190522P279,2019-05-20,2019-05-20 09:38:48,0.79,1.3389,736,0.77,1.305,50,0.79,1.3389,1,0.78,1.322,943,0
SPY190522P279,2019-05-20,2019-05-20 09:38:49,0.78,1.322,305,0.76,1.2881,80,0.79,1.3389,1,0.77,1.305,943,0
SPY190522P279,2019-05-20,2019-05-20 09:38:50,0.77,1.305,1871,0.76,1.2881,6,0.79,1.3389,1,0.765,1.2966,943,0
SPY190522P279,2019-05-20,2019-05-20 09:38:52,0.78,1.322,1018,0.76,1.2881,180,0.79,1.3389,1,0.77,1.305,943,0
SPY190522P279,2019-05-20,2019-05-20 09:38:53,0.77,1.305,802,0.76,1.2881,6,0.79,1.3389,1,0.765,1.2966,943,0
SPY190522P279,2019-05-20,2019-05-20 09:38:54,0.76,1.2881,71,0.74,1.2542,595,0.76,1.2881,6,0.75,1.2711,949,6
SPY190522P279,2019-05-20,2019-05-20 09:38:55,0.75,1.2711,350,0.73,1.2372,50,0.76,1.2881,6,0.74,1.2542,949,0
SPY190522P279,2019-05-20,2019-05-20 09:38:56,0.74,1.2542,306,0.71,1.2033,255,0.76,1.2881,6,0.725,1.2288,949,0
SPY190522P279,2019-05-20,2019-05-20 09:38:57,0.74,1.2542,1362,0.71,1.2033,400,0.71,1.2033,1,0.725,1.2288,951,2
SPY190522P279,2019-05-20,2019-05-20 09:38:58,0.73,1.2372,1250,0.71,1.2033,238,0.71,1.2033,1,0.72,1.2203,951,0
SPY190522P279,2019-05-20,2019-05-20 09:39:00,0.73,1.2372,128,0.71,1.2033,356,0.71,1.2033,1,0.72,1.2203,951,0
SPY190522P279,2019-05-20,2019-05-20 09:39:00,0.73,1.2372,409,0.71,1.2033,73,0.71,1.2033,1,0.72,1.2203,951,0
SPY190522P279,2019-05-20,2019-05-20 09:39:01,0.73,1.2372,1616,0.71,1.2033,43,0.71,1.2033,1,0.72,1.2203,951,0
SPY190522P279,2019-05-20,2019-05-20 09:39:03,0.73,1.2372,663,0.71,1.2033,140,0.71,1.2033,1,0.72,1.2203,951,0
SPY190522P279,2019-05-20,2019-05-20 09:39:04,0.72,1.2203,90,0.7,1.1864,672,0.71,1.2033,1,0.71,1.2033,951,0
SPY190522P279,2019-05-20,2019-05-20 09:39:06,0.73,1.2372,804,0.71,1.2033,141,0.72,1.2203,1,0.72,1.2203,953,2
SPY190522P279,2019-05-20,2019-05-20 09:39:08,0.75,1.2711,159,0.72,1.2203,810,0.72,1.2203,1,0.735,1.2457,953,0
SPY190522P279,2019-05-20,2019-05-20 09:39:09,0.74,1.2542,120,0.72,1.2203,1250,0.72,1.2203,1,0.73,1.2372,953,0
SPY190522P279,2019-05-20,2019-05-20 09:39:10,0.75,1.2711,1074,0.73,1.2372,50,0.72,1.2203,1,0.74,1.2542,953,0
SPY190522P279,2019-05-20,2019-05-20 09:39:12,0.75,1.2711,510,0.73,1.2372,141,0.72,1.2203,1,0.74,1.2542,953,0
SPY190522P279,2019-05-20,2019-05-20 09:39:13,0.75,1.2711,230,0.73,1.2372,961,0.72,1.2203,1,0.74,1.2542,953,0
SPY190522P279,2019-05-20,2019-05-20 09:39:14,0.74,1.2542,140,0.73,1.2372,36,0.72,1.2203,1,0.735,1.2457,953,0
SPY190522P279,2019-05-20,2019-05-20 09:39:16,0.74,1.2542,106,0.72,1.2203,1116,0.72,1.2203,1,0.73,1.2372,953,0
SPY190522P279,2019-05-20,2019-05-20 09:39:18,0.74,1.2542,971,0.72,1.2203,61,0.72,1.2203,1,0.73,1.2372,953,0
SPY190522P279,2019-05-20,2019-05-20 09:39:19,0.74,1.2542,1432,0.72,1.2203,141,0.72,1.2203,1,0.73,1.2372,953,0
SPY190522P279,2019-05-20,2019-05-20 09:39:21,0.73,1.2372,170,0.71,1.2033,1104,0.72,1.2203,1,0.72,1.2203,953,0
SPY190522P279,2019-05-20,2019-05-20 09:39:22,0.73,1.2372,140,0.71,1.2033,1033,0.72,1.2203,1,0.72,1.2203,953,0
SPY190522P279,2019-05-20,2019-05-20 09:39:24,0.73,1.2372,50,0.72,1.2203,1,0.72,1.2203,1,0.725,1.2288,953,0
SPY190522P279,2019-05-20,2019-05-20 09:39:25,0.73,1.2372,140,0.72,1.2203,1,0.72,1.2203,1,0.725,1.2288,953,0
SPY190522P279,2019-05-20,2019-05-20 09:39:27,0.74,1.2542,92,0.72,1.2203,1406,0.72,1.2203,1,0.73,1.2372,953,0
SPY190522P279,2019-05-20,2019-05-20 09:39:29,0.74,1.2542,140,0.72,1.2203,1385,0.72,1.2203,1,0.73,1.2372,953,0
SPY190522P279,2019-05-20,2019-05-20 09:39:30,0.75,1.2711,1,0.73,1.2372,631,0.72,1.2203,1,0.74,1.2542,953,0
SPY190522P279,2019-05-20,2019-05-20 09:39:31,0.75,1.2711,195,0.73,1.2372,962,0.72,1.2203,1,0.74,1.2542,953,0
SPY190522P279,2019-05-20,2019-05-20 09:39:33,0.75,1.2711,825,0.73,1.2372,1708,0.72,1.2203,1,0.74,1.2542,953,0
SPY190522P279,2019-05-20,2019-05-20 09:39:34,0.74,1.2542,140,0.72,1.2203,1148,0.72,1.2203,1,0.73,1.2372,953,0
SPY190522P279,2019-05-20,2019-05-20 09:39:36,0.74,1.2542,140,0.72,1.2203,898,0.72,1.2203,1,0.73,1.2372,953,0
SPY190522P279,2019-05-20,2019-05-20 09:39:37,0.74,1.2542,50,0.73,1.2372,61,0.72,1.2203,1,0.735,1.2457,953,0
SPY190522P279,2019-05-20,2019-05-20 09:39:38,0.74,1.2542,290,0.72,1.2203,745,0.72,1.2203,1,0.73,1.2372,953,0
SPY190522P279,2019-05-20,2019-05-20 09:39:40,0.73,1.2372,257,0.72,1.2203,19,0.72,1.2203,1,0.725,1.2288,953,0
SPY190522P279,2019-05-20,2019-05-20 09:39:41,0.73,1.2372,870,0.72,1.2203,1,0.72,1.2203,1,0.725,1.2288,953,0
SPY190522P279,2019-05-20,2019-05-20 09:39:43,0.71,1.2033,409,0.69,1.1694,184,0.72,1.2203,1,0.7,1.1864,954,1
SPY190522P279,2019-05-20,2019-05-20 09:39:44,0.71,1.2033,465,0.68,1.1525,2061,0.72,1.2203,1,0.695,1.1779,954,0
SPY190522P279,2019-05-20,2019-05-20 09:39:46,0.7,1.1864,108,0.68,1.1525,2101,0.72,1.2203,1,0.69,1.1694,954,0
SPY190522P279,2019-05-20,2019-05-20 09:39:48,0.69,1.1694,117,0.67,1.1355,141,0.72,1.2203,1,0.68,1.1525,954,0
SPY190522P279,2019-05-20,2019-05-20 09:39:49,0.71,1.2033,45,0.68,1.1525,283,0.72,1.2203,1,0.695,1.1779,954,0
SPY190522P279,2019-05-20,2019-05-20 09:39:50,0.72,1.2203,450,0.69,1.1694,50,0.72,1.2203,1,0.705,1.1949,954,0
SPY190522P279,2019-05-20,2019-05-20 09:39:52,0.72,1.2203,165,0.71,1.2033,451,0.7,1.1864,5,0.715,1.2118,965,11
SPY190522P279,2019-05-20,2019-05-20 09:39:53,0.73,1.2372,310,0.7,1.1864,1890,0.7,1.1864,5,0.715,1.2118,965,0
SPY190522P279,2019-05-20,2019-05-20 09:39:55,0.72,1.2203,465,0.7,1.1864,1388,0.7,1.1864,5,0.71,1.2033,965,0
SPY190522P279,2019-05-20,2019-05-20 09:39:56,0.72,1.2203,1145,0.7,1.1864,1070,0.7,1.1864,5,0.71,1.2033,965,0
SPY190522P279,2019-05-20,2019-05-20 09:39:57,0.73,1.2372,140,0.72,1.2203,295,0.7,1.1864,5,0.725,1.2288,965,0
SPY190522P279,2019-05-20,2019-05-20 09:39:59,0.74,1.2542,132,0.73,1.2372,264,0.7,1.1864,5,0.735,1.2457,965,0
SPY190522P279,2019-05-20,2019-05-20 09:40:00,0.74,1.2542,90,0.73,1.2372,338,0.7,1.1864,5,0.735,1.2457,965,0
SPY190522P279,2019-05-20,2019-05-20 09:40:01,0.73,1.2372,211,0.71,1.2033,435,0.7,1.1864,5,0.72,1.2203,965,0
SPY190522P279,2019-05-20,2019-05-20 09:40:02,0.73,1.2372,513,0.71,1.2033,545,0.7,1.1864,5,0.72,1.2203,965,0
SPY190522P279,2019-05-20,2019-05-20 09:40:04,0.73,1.2372,344,0.71,1.2033,868,0.7,1.1864,5,0.72,1.2203,965,0
SPY190522P279,2019-05-20,2019-05-20 09:40:05,0.72,1.2203,287,0.7,1.1864,637,0.7,1.1864,5,0.71,1.2033,965,0
SPY190522P279,2019-05-20,2019-05-20 09:40:06,0.72,1.2203,142,0.71,1.2033,306,0.7,1.1864,5,0.715,1.2118,965,0
SPY190522P279,2019-05-20,2019-05-20 09:40:06,0.73,1.2372,170,0.71,1.2033,760,0.7,1.1864,5,0.72,1.2203,965,0
SPY190522P279,2019-05-20,2019-05-20 09:40:08,0.73,1.2372,924,0.71,1.2033,420,0.7,1.1864,5,0.72,1.2203,965,0
SPY190522P279,2019-05-20,2019-05-20 09:40:09,0.72,1.2203,140,0.71,1.2033,85,0.7,1.1864,5,0.715,1.2118,965,0
SPY190522P279,2019-05-20,2019-05-20 09:40:10,0.72,1.2203,140,0.71,1.2033,80,0.71,1.2033,1,0.715,1.2118,966,1
SPY190522P279,2019-05-20,2019-05-20 09:40:11,0.73,1.2372,1217,0.71,1.2033,315,0.71,1.2033,1,0.72,1.2203,966,0
SPY190522P279,2019-05-20,2019-05-20 09:40:12,0.72,1.2203,25,0.71,1.2033,237,0.72,1.2203,1,0.715,1.2118,967,1
SPY190522P279,2019-05-20,2019-05-20 09:40:13,0.72,1.2203,170,0.71,1.2033,36,0.72,1.2203,1,0.715,1.2118,967,0
SPY190522P279,2019-05-20,2019-05-20 09:40:14,0.72,1.2203,822,0.7,1.1864,1090,0.72,1.2203,1,0.71,1.2033,967,0
SPY190522P279,2019-05-20,2019-05-20 09:40:15,0.73,1.2372,240,0.71,1.2033,129,0.72,1.2203,1,0.72,1.2203,967,0
SPY190522P279,2019-05-20,2019-05-20 09:40:16,0.72,1.2203,140,0.71,1.2033,63,0.72,1.2203,1,0.715,1.2118,967,0
SPY190522P279,2019-05-20,2019-05-20 09:40:17,0.72,1.2203,170,0.71,1.2033,50,0.72,1.2203,1,0.715,1.2118,967,0
SPY190522P279,2019-05-20,2019-05-20 09:40:18,0.73,1.2372,1735,0.71,1.2033,50,0.71,1.2033,1,0.72,1.2203,968,1
SPY190522P279,2019-05-20,2019-05-20 09:40:19,0.72,1.2203,1432,0.71,1.2033,50,0.71,1.2033,1,0.715,1.2118,968,0
SPY190522P279,2019-05-20,2019-05-20 09:40:20,0.71,1.2033,6,0.69,1.1694,798,0.71,1.2033,5,0.7,1.1864,1018,50
SPY190522P279,2019-05-20,2019-05-20 09:40:21,0.71,1.2033,410,0.69,1.1694,259,0.71,1.2033,5,0.7,1.1864,1018,0
SPY190522P279,2019-05-20,2019-05-20 09:40:22,0.7,1.1864,278,0.68,1.1525,589,0.71,1.2033,5,0.69,1.1694,1018,0
SPY190522P279,2019-05-20,2019-05-20 09:40:23,0.71,1.2033,465,0.69,1.1694,132,0.71,1.2033,5,0.7,1.1864,1018,0
SPY190522P279,2019-05-20,2019-05-20 09:40:24,0.7,1.1864,409,0.68,1.1525,695,0.71,1.2033,5,0.69,1.1694,1018,0
SPY190522P279,2019-05-20,2019-05-20 09:40:25,0.7,1.1864,1279,0.68,1.1525,394,0.71,1.2033,5,0.69,1.1694,1018,0
SPY190522P279,2019-05-20,2019-05-20 09:40:26,0.7,1.1864,80,0.68,1.1525,1515,0.71,1.2033,5,0.69,1.1694,1018,0
SPY190522P279,2019-05-20,2019-05-20 09:40:28,0.71,1.2033,303,0.69,1.1694,786,0.71,1.2033,5,0.7,1.1864,1018,0
SPY190522P279,2019-05-20,2019-05-20 09:40:28,0.71,1.2033,700,0.69,1.1694,195,0.71,1.2033,5,0.7,1.1864,1018,0
SPY190522P279,2019-05-20,2019-05-20 09:40:30,0.71,1.2033,30,0.7,1.1864,132,0.71,1.2033,5,0.705,1.1949,1018,0
SPY190522P279,2019-05-20,2019-05-20 09:40:31,0.71,1.2033,1571,0.69,1.1694,59,0.71,1.2033,5,0.7,1.1864,1018,0
SPY190522P279,2019-05-20,2019-05-20 09:40:31,0.71,1.2033,218,0.68,1.1525,436,0.71,1.2033,5,0.695,1.1779,1018,0
SPY190522P279,2019-05-20,2019-05-20 09:40:32,0.7,1.1864,465,0.68,1.1525,191,0.71,1.2033,5,0.69,1.1694,1018,0
SPY190522P279,2019-05-20,2019-05-20 09:40:33,0.7,1.1864,1360,0.68,1.1525,61,0.71,1.2033,5,0.69,1.1694,1018,0
SPY190522P279,2019-05-20,2019-05-20 09:40:34,0.7,1.1864,177,0.68,1.1525,318,0.71,1.2033,5,0.69,1.1694,1018,0
SPY190522P279,2019-05-20,2019-05-20 09:40:35,0.7,1.1864,31,0.69,1.1694,90,0.71,1.2033,5,0.695,1.1779,1018,0
SPY190522P279,2019-05-20,2019-05-20 09:40:37,0.7,1.1864,1491,0.68,1.1525,391,0.71,1.2033,5,0.69,1.1694,1018,0
SPY190522P279,2019-05-20,2019-05-20 09:40:38,0.7,1.1864,1145,0.68,1.1525,665,0.71,1.2033,5,0.69,1.1694,1018,0
SPY190522P279,2019-05-20,2019-05-20 09:40:39,0.7,1.1864,80,0.68,1.1525,359,0.71,1.2033,5,0.69,1.1694,1018,0
SPY190522P279,2019-05-20,2019-05-20 09:40:40,0.7,1.1864,1,0.69,1.1694,450,0.71,1.2033,5,0.695,1.1779,1018,0
SPY190522P279,2019-05-20,2019-05-20 09:40:41,0.7,1.1864,1,0.69,1.1694,816,0.71,1.2033,5,0.695,1.1779,1018,0
SPY190522P279,2019-05-20,2019-05-20 09:40:42,0.7,1.1864,1,0.69,1.1694,583,0.71,1.2033,5,0.695,1.1779,1018,0
SPY190522P279,2019-05-20,2019-05-20 09:40:43,0.71,1.2033,61,0.7,1.1864,1,0.7,1.1864,1,0.705,1.1949,1019,1
SPY190522P279,2019-05-20,2019-05-20 09:40:44,0.71,1.2033,100,0.69,1.1694,649,0.7,1.1864,1,0.7,1.1864,1019,0
SPY190522P279,2019-05-20,2019-05-20 09:40:45,0.7,1.1864,141,0.69,1.1694,38,0.7,1.1864,1,0.695,1.1779,1019,0
SPY190522P279,2019-05-20,2019-05-20 09:40:46,0.71,1.2033,180,0.69,1.1694,132,0.7,1.1864,1,0.7,1.1864,1019,0
SPY190522P279,2019-05-20,2019-05-20 09:40:47,0.71,1.2033,571,0.69,1.1694,483,0.7,1.1864,1,0.7,1.1864,1019,0
SPY190522P279,2019-05-20,2019-05-20 09:40:48,0.71,1.2033,140,0.7,1.1864,6,0.7,1.1864,1,0.705,1.1949,1019,0
SPY190522P279,2019-05-20,2019-05-20 09:40:49,0.71,1.2033,305,0.7,1.1864,1,0.7,1.1864,1,0.705,1.1949,1019,0
SPY190522P279,2019-05-20,2019-05-20 09:40:50,0.71,1.2033,1325,0.7,1.1864,1,0.7,1.1864,1,0.705,1.1949,1019,0
SPY190522P279,2019-05-20,2019-05-20 09:40:51,0.71,1.2033,140,0.7,1.1864,6,0.7,1.1864,1,0.705,1.1949,1019,0
SPY190522P279,2019-05-20,2019-05-20 09:40:52,0.71,1.2033,50,0.7,1.1864,6,0.7,1.1864,1,0.705,1.1949,1019,0
SPY190522P279,2019-05-20,2019-05-20 09:40:53,0.71,1.2033,140,0.7,1.1864,1,0.7,1.1864,1,0.705,1.1949,1019,0
SPY190522P279,2019-05-20,2019-05-20 09:40:54,0.72,1.2203,50,0.71,1.2033,459,0.7,1.1864,1,0.715,1.2118,1019,0
SPY190522P279,2019-05-20,2019-05-20 09:40:55,0.72,1.2203,80,0.71,1.2033,283,0.7,1.1864,1,0.715,1.2118,1019,0
SPY190522P279,2019-05-20,2019-05-20 09:40:56,0.72,1.2203,50,0.7,1.1864,1495,0.7,1.1864,1,0.71,1.2033,1019,0
SPY190522P279,2019-05-20,2019-05-20 09:40:57,0.72,1.2203,30,0.71,1.2033,6,0.7,1.1864,1,0.715,1.2118,1019,0
SPY190522P279,2019-05-20,2019-05-20 09:40:58,0.72,1.2203,472,0.7,1.1864,25,0.7,1.1864,1,0.71,1.2033,1019,0
SPY190522P279,2019-05-20,2019-05-20 09:40:59,0.71,1.2033,1571,0.7,1.1864,6,0.7,1.1864,1,0.705,1.1949,1021,2
SPY190522P279,2019-05-20,2019-05-20 09:41:00,0.7,1.1864,145,0.68,1.1525,682,0.7,1.1864,1,0.69,1.1694,1021,0
SPY190522P279,2019-05-20,2019-05-20 09:41:01,0.7,1.1864,204,0.68,1.1525,1315,0.7,1.1864,1,0.69,1.1694,1021,0
SPY190522P279,2019-05-20,2019-05-20 09:41:02,0.7,1.1864,863,0.68,1.1525,695,0.7,1.1864,1,0.69,1.1694,1021,0
SPY190522P279,2019-05-20,2019-05-20 09:41:03,0.7,1.1864,314,0.68,1.1525,526,0.7,1.1864,1,0.69,1.1694,1021,0
SPY190522P279,2019-05-20,2019-05-20 09:41:04,0.7,1.1864,314,0.68,1.1525,610,0.7,1.1864,1,0.69,1.1694,1021,0
SPY190522P279,2019-05-20,2019-05-20 09:41:05,0.7,1.1864,714,0.68,1.1525,456,0.7,1.1864,1,0.69,1.1694,1021,0
SPY190522P279,2019-05-20,2019-05-20 09:41:06,0.7,1.1864,314,0.68,1.1525,828,0.7,1.1864,1,0.69,1.1694,1021,0
SPY190522P279,2019-05-20,2019-05-20 09:41:07,0.7,1.1864,2516,0.68,1.1525,687,0.7,1.1864,1,0.69,1.1694,1021,0
SPY190522P279,2019-05-20,2019-05-20 09:41:08,0.7,1.1864,905,0.68,1.1525,1141,0.7,1.1864,1,0.69,1.1694,1021,0
SPY190522P279,2019-05-20,2019-05-20 09:41:09,0.7,1.1864,1076,0.68,1.1525,1140,0.7,1.1864,1,0.69,1.1694,1021,0
SPY190522P279,2019-05-20,2019-05-20 09:41:10,0.7,1.1864,1604,0.67,1.1355,1434,0.7,1.1864,1,0.685,1.161,1021,0
SPY190522P279,2019-05-20,2019-05-20 09:41:11,0.69,1.1694,1035,0.67,1.1355,170,0.7,1.1864,1,0.68,1.1525,1021,0
SPY190522P279,2019-05-20,2019-05-20 09:41:12,0.69,1.1694,1845,0.67,1.1355,6,0.7,1.1864,1,0.68,1.1525,1021,0
SPY190522P279,2019-05-20,2019-05-20 09:41:13,0.69,1.1694,2745,0.67,1.1355,10,0.67,1.1355,4,0.68,1.1525,1029,8
SPY190522P279,2019-05-20,2019-05-20 09:41:14,0.69,1.1694,2143,0.66,1.1186,1632,0.67,1.1355,14,0.675,1.144,1049,20
SPY190522P279,2019-05-20,2019-05-20 09:41:15,0.69,1.1694,2780,0.67,1.1355,139,0.67,1.1355,6,0.68,1.1525,1079,30
SPY190522P279,2019-05-20,2019-05-20 09:41:16,0.69,1.1694,2780,0.67,1.1355,101,0.67,1.1355,6,0.68,1.1525,1079,0
SPY190522P279,2019-05-20,2019-05-20 09:41:17,0.69,1.1694,2729,0.67,1.1355,235,0.67,1.1355,6,0.68,1.1525,1079,0
SPY190522P279,2019-05-20,2019-05-20 09:41:18,0.69,1.1694,2662,0.67,1.1355,130,0.67,1.1355,6,0.68,1.1525,1079,0
SPY190522P279,2019-05-20,2019-05-20 09:41:19,0.68,1.1525,171,0.66,1.1186,693,0.67,1.1355,6,0.67,1.1355,1079,0
SPY190522P279,2019-05-20,2019-05-20 09:41:20,0.68,1.1525,1080,0.66,1.1186,925,0.67,1.1355,6,0.67,1.1355,1079,0
SPY190522P279,2019-05-20,2019-05-20 09:41:21,0.68,1.1525,1845,0.66,1.1186,36,0.67,1.1355,6,0.67,1.1355,1079,0
SPY190522P279,2019-05-20,2019-05-20 09:41:22,0.68,1.1525,2823,0.66,1.1186,50,0.67,1.1355,6,0.67,1.1355,1079,0
SPY190522P279,2019-05-20,2019-05-20 09:41:23,0.68,1.1525,2520,0.66,1.1186,6,0.67,1.1355,6,0.67,1.1355,1079,0
SPY190522P279,2019-05-20,2019-05-20 09:41:24,0.67,1.1355,2399,0.66,1.1186,6,0.67,1.1355,6,0.665,1.1271,1079,0
SPY190522P279,2019-05-20,2019-05-20 09:41:25,0.67,1.1355,1437,0.64,1.0847,910,0.67,1.1355,6,0.655,1.1101,1079,0
SPY190522P279,2019-05-20,2019-05-20 09:41:26,0.67,1.1355,1736,0.64,1.0847,776,0.67,1.1355,6,0.655,1.1101,1079,0
SPY190522P279,2019-05-20,2019-05-20 09:41:27,0.67,1.1355,368,0.65,1.1016,515,0.67,1.1355,6,0.66,1.1186,1079,0
SPY190522P279,2019-05-20,2019-05-20 09:41:28,0.67,1.1355,215,0.66,1.1186,217,0.67,1.1355,6,0.665,1.1271,1079,0
SPY190522P279,2019-05-20,2019-05-20 09:41:29,0.67,1.1355,50,0.66,1.1186,532,0.67,1.1355,6,0.665,1.1271,1079,0
SPY190522P279,2019-05-20,2019-05-20 09:41:30,0.68,1.1525,1380,0.66,1.1186,151,0.67,1.1355,6,0.67,1.1355,1079,0
SPY190522P279,2019-05-20,2019-05-20 09:41:31,0.68,1.1525,1216,0.66,1.1186,101,0.67,1.1355,6,0.67,1.1355,1079,0
SPY190522P279,2019-05-20,2019-05-20 09:41:32,0.68,1.1525,1262,0.66,1.1186,707,0.67,1.1355,6,0.67,1.1355,1079,0
SPY190522P279,2019-05-20,2019-05-20 09:41:33,0.68,1.1525,737,0.66,1.1186,200,0.67,1.1355,6,0.67,1.1355,1079,0
SPY190522P279,2019-05-20,2019-05-20 09:41:34,0.68,1.1525,268,0.66,1.1186,550,0.67,1.1355,6,0.67,1.1355,1079,0
SPY190522P279,2019-05-20,2019-05-20 09:41:35,0.68,1.1525,1798,0.66,1.1186,80,0.67,1.1355,6,0.67,1.1355,1079,0
SPY190522P279,2019-05-20,2019-05-20 09:41:36,0.68,1.1525,1243,0.66,1.1186,165,0.67,1.1355,6,0.67,1.1355,1079,0
SPY190522P279,2019-05-20,2019-05-20 09:41:37,0.68,1.1525,346,0.66,1.1186,422,0.67,1.1355,6,0.67,1.1355,1079,0
SPY190522P279,2019-05-20,2019-05-20 09:41:37,0.68,1.1525,1274,0.66,1.1186,428,0.67,1.1355,6,0.67,1.1355,1079,0
SPY190522P279,2019-05-20,2019-05-20 09:41:38,0.67,1.1355,671,0.65,1.1016,788,0.67,1.1355,6,0.66,1.1186,1079,0
SPY190522P279,2019-05-20,2019-05-20 09:41:40,0.67,1.1355,1011,0.65,1.1016,1237,0.67,1.1355,6,0.66,1.1186,1079,0
SPY190522P279,2019-05-20,2019-05-20 09:41:41,0.67,1.1355,1161,0.65,1.1016,787,0.67,1.1355,6,0.66,1.1186,1079,0
SPY190522P279,2019-05-20,2019-05-20 09:41:42,0.66,1.1186,170,0.64,1.0847,751,0.67,1.1355,6,0.65,1.1016,1079,0
SPY190522P279,2019-05-20,2019-05-20 09:41:43,0.66,1.1186,745,0.64,1.0847,1172,0.67,1.1355,6,0.65,1.1016,1079,0
SPY190522P279,2019-05-20,2019-05-20 09:41:45,0.65,1.1016,1,0.64,1.0847,1300,0.65,1.1016,1,0.645,1.0932,1085,6
SPY190522P279,2019-05-20,2019-05-20 09:41:46,0.65,1.1016,100,0.64,1.0847,501,0.65,1.1016,1,0.645,1.0932,1085,0
SPY190522P279,2019-05-20,2019-05-20 09:41:47,0.65,1.1016,150,0.63,1.0677,816,0.65,1.1016,1,0.64,1.0847,1085,0
SPY190522P279,2019-05-20,2019-05-20 09:41:48,0.65,1.1016,100,0.64,1.0847,512,0.65,1.1016,1,0.645,1.0932,1085,0
SPY190522P279,2019-05-20,2019-05-20 09:41:49,0.65,1.1016,100,0.64,1.0847,616,0.65,1.1016,1,0.645,1.0932,1085,0
SPY190522P279,2019-05-20,2019-05-20 09:41:50,0.65,1.1016,100,0.64,1.0847,513,0.65,1.1016,1,0.645,1.0932,1085,0
SPY190522P279,2019-05-20,2019-05-20 09:41:51,0.65,1.1016,350,0.64,1.0847,57,0.65,1.1016,1,0.645,1.0932,1085,0
SPY190522P279,2019-05-20,2019-05-20 09:41:52,0.64,1.0847,690,0.63,1.0677,19,0.65,1.1016,1,0.635,1.0762,1085,0
SPY190522P279,2019-05-20,2019-05-20 09:41:53,0.64,1.0847,50,0.63,1.0677,186,0.65,1.1016,1,0.635,1.0762,1085,0
SPY190522P279,2019-05-20,2019-05-20 09:41:54,0.65,1.1016,100,0.63,1.0677,540,0.65,1.1016,1,0.64,1.0847,1085,0
SPY190522P279,2019-05-20,2019-05-20 09:41:55,0.65,1.1016,100,0.63,1.0677,1080,0.65,1.1016,1,0.64,1.0847,1085,0
SPY190522P279,2019-05-20,2019-05-20 09:41:56,0.65,1.1016,1,0.64,1.0847,695,0.65,1.1016,1,0.645,1.0932,1085,0
SPY190522P279,2019-05-20,2019-05-20 09:41:57,0.65,1.1016,6,0.63,1.0677,1166,0.65,1.1016,1,0.64,1.0847,1085,0
SPY190522P279,2019-05-20,2019-05-20 09:41:58,0.65,1.1016,100,0.63,1.0677,307,0.65,1.1016,1,0.64,1.0847,1085,0
SPY190522P279,2019-05-20,2019-05-20 09:41:59,0.65,1.1016,165,0.63,1.0677,521,0.65,1.1016,1,0.64,1.0847,1085,0
SPY190522P279,2019-05-20,2019-05-20 09:42:00,0.65,1.1016,845,0.63,1.0677,1092,0.65,1.1016,1,0.64,1.0847,1085,0
SPY190522P279,2019-05-20,2019-05-20 09:42:00,0.65,1.1016,165,0.63,1.0677,1194,0.65,1.1016,1,0.64,1.0847,1085,0
SPY190522P279,2019-05-20,2019-05-20 09:42:02,0.65,1.1016,1,0.64,1.0847,714,0.65,1.1016,1,0.645,1.0932,1085,0
SPY190522P279,2019-05-20,2019-05-20 09:42:03,0.66,1.1186,6,0.65,1.1016,6,0.65,1.1016,1,0.655,1.1101,1086,1
SPY190522P279,2019-05-20,2019-05-20 09:42:04,0.65,1.1016,448,0.63,1.0677,244,0.65,1.1016,1,0.64,1.0847,1086,0
SPY190522P279,2019-05-20,2019-05-20 09:42:05,0.65,1.1016,293,0.63,1.0677,996,0.65,1.1016,1,0.64,1.0847,1086,0
SPY190522P279,2019-05-20,2019-05-20 09:42:06,0.65,1.1016,50,0.64,1.0847,350,0.65,1.1016,1,0.645,1.0932,1086,0
SPY190522P279,2019-05-20,2019-05-20 09:42:07,0.65,1.1016,124,0.63,1.0677,801,0.65,1.1016,1,0.64,1.0847,1086,0
SPY190522P279,2019-05-20,2019-05-20 09:42:09,0.64,1.0847,11,0.63,1.0677,10,0.65,1.1016,1,0.635,1.0762,1086,0
SPY190522P279,2019-05-20,2019-05-20 09:42:10,0.65,1.1016,1214,0.63,1.0677,101,0.65,1.1016,1,0.64,1.0847,1086,0
SPY190522P279,2019-05-20,2019-05-20 09:42:11,0.65,1.1016,154,0.63,1.0677,1053,0.65,1.1016,1,0.64,1.0847,1086,0
SPY190522P279,2019-05-20,2019-05-20 09:42:12,0.66,1.1186,400,0.63,1.0677,649,0.65,1.1016,1,0.645,1.0932,1086,0
SPY190522P279,2019-05-20,2019-05-20 09:42:14,0.65,1.1016,100,0.63,1.0677,1053,0.65,1.1016,1,0.64,1.0847,1086,0
SPY190522P279,2019-05-20,2019-05-20 09:42:15,0.66,1.1186,2158,0.63,1.0677,1376,0.65,1.1016,1,0.645,1.0932,1086,0
SPY190522P279,2019-05-20,2019-05-20 09:42:16,0.65,1.1016,1396,0.63,1.0677,700,0.65,1.1016,1,0.64,1.0847,1086,0
SPY190522P279,2019-05-20,2019-05-20 09:42:17,0.66,1.1186,1419,0.64,1.0847,1,0.65,1.1016,1,0.65,1.1016,1086,0
SPY190522P279,2019-05-20,2019-05-20 09:42:18,0.66,1.1186,834,0.64,1.0847,121,0.65,1.1016,1,0.65,1.1016,1086,0
SPY190522P279,2019-05-20,2019-05-20 09:42:19,0.65,1.1016,524,0.64,1.0847,121,0.65,1.1016,1,0.645,1.0932,1086,0
SPY190522P279,2019-05-20,2019-05-20 09:42:20,0.65,1.1016,152,0.64,1.0847,120,0.65,1.1016,1,0.645,1.0932,1086,0
SPY190522P279,2019-05-20,2019-05-20 09:42:21,0.65,1.1016,110,0.64,1.0847,120,0.65,1.1016,1,0.645,1.0932,1086,0
SPY190522P279,2019-05-20,2019-05-20 09:42:22,0.65,1.1016,100,0.64,1.0847,120,0.65,1.1016,1,0.645,1.0932,1086,0
SPY190522P279,2019-05-20,2019-05-20 09:42:23,0.65,1.1016,454,0.64,1.0847,1,0.65,1.1016,1,0.645,1.0932,1086,0
SPY190522P279,2019-05-20,2019-05-20 09:42:24,0.64,1.0847,12,0.64,1.0847,1,0.64,1.0847,1,0.64,1.0847,1087,1
SPY190522P279,2019-05-20,2019-05-20 09:42:26,0.65,1.1016,307,0.63,1.0677,569,0.64,1.0847,1,0.64,1.0847,1087,0
SPY190522P279,2019-05-20,2019-05-20 09:42:27,0.64,1.0847,170,0.63,1.0677,925,0.64,1.0847,1,0.635,1.0762,1087,0
SPY190522P279,2019-05-20,2019-05-20 09:42:28,0.64,1.0847,1675,0.62,1.0508,205,0.64,1.0847,1,0.63,1.0677,1087,0
SPY190522P279,2019-05-20,2019-05-20 09:42:29,0.64,1.0847,1010,0.62,1.0508,201,0.64,1.0847,1,0.63,1.0677,1087,0
SPY190522P279,2019-05-20,2019-05-20 09:42:30,0.64,1.0847,640,0.62,1.0508,199,0.64,1.0847,1,0.63,1.0677,1087,0
SPY190522P279,2019-05-20,2019-05-20 09:42:31,0.64,1.0847,256,0.61,1.0338,922,0.64,1.0847,1,0.625,1.0593,1087,0
SPY190522P279,2019-05-20,2019-05-20 09:42:32,0.63,1.0677,165,0.61,1.0338,922,0.64,1.0847,1,0.62,1.0508,1087,0
SPY190522P279,2019-05-20,2019-05-20 09:42:33,0.63,1.0677,100,0.62,1.0508,101,0.64,1.0847,1,0.625,1.0593,1087,0
SPY190522P279,2019-05-20,2019-05-20 09:42:34,0.63,1.0677,165,0.61,1.0338,1328,0.64,1.0847,1,0.62,1.0508,1087,0
SPY190522P279,2019-05-20,2019-05-20 09:42:35,0.63,1.0677,197,0.61,1.0338,1184,0.64,1.0847,1,0.62,1.0508,1087,0
SPY190522P279,2019-05-20,2019-05-20 09:42:36,0.62,1.0508,150,0.61,1.0338,144,0.64,1.0847,1,0.615,1.0423,1087,0
SPY190522P279,2019-05-20,2019-05-20 09:42:37,0.63,1.0677,223,0.61,1.0338,1145,0.64,1.0847,1,0.62,1.0508,1087,0
SPY190522P279,2019-05-20,2019-05-20 09:42:39,0.63,1.0677,1676,0.61,1.0338,119,0.64,1.0847,1,0.62,1.0508,1087,0
SPY190522P279,2019-05-20,2019-05-20 09:42:40,0.62,1.0508,500,0.6,1.0169,206,0.64,1.0847,1,0.61,1.0338,1087,0
SPY190522P279,2019-05-20,2019-05-20 09:42:41,0.61,1.0338,1622,0.6,1.0169,1,0.64,1.0847,1,0.605,1.0254,1087,0
SPY190522P279,2019-05-20,2019-05-20 09:42:43,0.61,1.0338,3363,0.6,1.0169,1,0.64,1.0847,1,0.605,1.0254,1087,0
SPY190522P279,2019-05-20,2019-05-20 09:42:44,0.61,1.0338,2326,0.6,1.0169,1,0.64,1.0847,1,0.605,1.0254,1087,0
SPY190522P279,2019-05-20,2019-05-20 09:42:45,0.61,1.0338,1010,0.6,1.0169,1,0.64,1.0847,1,0.605,1.0254,1087,0
SPY190522P279,2019-05-20,2019-05-20 09:42:47,0.61,1.0338,1691,0.6,1.0169,1,0.64,1.0847,1,0.605,1.0254,1087,0
SPY190522P279,2019-05-20,2019-05-20 09:42:48,0.6,1.0169,602,0.58,0.983,242,0.6,1.0169,1,0.59,1.0,1088,1
SPY190522P279,2019-05-20,2019-05-20 09:42:49,0.59,1.0,150,0.58,0.983,70,0.6,1.0169,1,0.585,0.9915,1088,0
SPY190522P279,2019-05-20,2019-05-20 09:42:50,0.59,1.0,150,0.57,0.9661,1381,0.6,1.0169,1,0.58,0.983,1088,0
SPY190522P279,2019-05-20,2019-05-20 09:42:51,0.59,1.0,173,0.57,0.9661,1797,0.6,1.0169,1,0.58,0.983,1088,0
SPY190522P279,2019-05-20,2019-05-20 09:42:52,0.6,1.0169,173,0.58,0.983,1610,0.6,1.0169,1,0.59,1.0,1088,0
SPY190522P279,2019-05-20,2019-05-20 09:42:53,0.6,1.0169,79,0.59,1.0,160,0.6,1.0169,1,0.595,1.0084,1088,0
SPY190522P279,2019-05-20,2019-05-20 09:42:54,0.61,1.0338,305,0.59,1.0,328,0.6,1.0169,1,0.6,1.0169,1088,0
SPY190522P279,2019-05-20,2019-05-20 09:42:56,0.61,1.0338,1002,0.59,1.0,695,0.6,1.0169,1,0.6,1.0169,1088,0
SPY190522P279,2019-05-20,2019-05-20 09:42:57,0.61,1.0338,180,0.6,1.0169,150,0.6,1.0169,1,0.605,1.0254,1089,1
SPY190522P279,2019-05-20,2019-05-20 09:42:58,0.61,1.0338,1318,0.59,1.0,193,0.61,1.0338,1,0.6,1.0169,1090,1
SPY190522P279,2019-05-20,2019-05-20 09:42:59,0.62,1.0508,728,0.6,1.0169,302,0.61,1.0338,1,0.61,1.0338,1090,0
SPY190522P279,2019-05-20,2019-05-20 09:43:00,0.61,1.0338,50,0.6,1.0169,185,0.61,1.0338,1,0.605,1.0254,1090,0
SPY190522P279,2019-05-20,2019-05-20 09:43:01,0.61,1.0338,80,0.6,1.0169,691,0.61,1.0338,1,0.605,1.0254,1090,0
SPY190522P279,2019-05-20,2019-05-20 09:43:02,0.6,1.0169,430,0.58,0.983,708,0.61,1.0338,1,0.59,1.0,1090,0
SPY190522P279,2019-05-20,2019-05-20 09:43:03,0.59,1.0,180,0.58,0.983,76,0.61,1.0338,1,0.585,0.9915,1090,0
SPY190522P279,2019-05-20,2019-05-20 09:43:05,0.59,1.0,1208,0.57,0.9661,1274,0.61,1.0338,1,0.58,0.983,1090,0
SPY190522P279,2019-05-20,2019-05-20 09:43:06,0.59,1.0,150,0.58,0.983,157,0.61,1.0338,1,0.585,0.9915,1090,0
SPY190522P279,2019-05-20,2019-05-20 09:43:07,0.6,1.0169,317,0.58,0.983,901,0.61,1.0338,1,0.59,1.0,1090,0
SPY190522P279,2019-05-20,2019-05-20 09:43:09,0.61,1.0338,2397,0.58,0.983,1463,0.61,1.0338,1,0.595,1.0084,1090,0
SPY190522P279,2019-05-20,2019-05-20 09:43:10,0.6,1.0169,50,0.59,1.0,345,0.61,1.0338,1,0.595,1.0084,1090,0
SPY190522P279,2019-05-20,2019-05-20 09:43:12,0.61,1.0338,178,0.6,1.0169,21,0.61,1.0338,1,0.605,1.0254,1090,0
SPY190522P279,2019-05-20,2019-05-20 09:43:13,0.61,1.0338,824,0.59,1.0,355,0.61,1.0338,1,0.6,1.0169,1090,0
SPY190522P279,2019-05-20,2019-05-20 09:43:14,0.6,1.0169,987,0.58,0.983,303,0.61,1.0338,1,0.59,1.0,1090,0
SPY190522P279,2019-05-20,2019-05-20 09:43:16,0.6,1.0169,1080,0.58,0.983,1396,0.61,1.0338,1,0.59,1.0,1090,0
SPY190522P279,2019-05-20,2019-05-20 09:43:17,0.6,1.0169,50,0.59,1.0,342,0.61,1.0338,1,0.595,1.0084,1090,0
SPY190522P279,2019-05-20,2019-05-20 09:43:18,0.61,1.0338,1150,0.6,1.0169,36,0.61,1.0338,1,0.605,1.0254,1090,0
SPY190522P279,2019-05-20,2019-05-20 09:43:19,0.61,1.0338,437,0.59,1.0,16,0.61,1.0338,1,0.6,1.0169,1090,0
SPY190522P279,2019-05-20,2019-05-20 09:43:21,0.6,1.0169,80,0.59,1.0,185,0.61,1.0338,1,0.595,1.0084,1090,0
SPY190522P279,2019-05-20,2019-05-20 09:43:22,0.61,1.0338,150,0.59,1.0,1604,0.61,1.0338,1,0.6,1.0169,1090,0
SPY190522P279,2019-05-20,2019-05-20 09:43:23,0.61,1.0338,996,0.59,1.0,683,0.59,1.0,14,0.6,1.0169,1140,50
SPY190522P279,2019-05-20,2019-05-20 09:43:24,0.62,1.0508,285,0.59,1.0,878,0.59,1.0,14,0.605,1.0254,1140,0
SPY190522P279,2019-05-20,2019-05-20 09:43:25,0.61,1.0338,154,0.6,1.0169,117,0.59,1.0,14,0.605,1.0254,1140,0
SPY190522P279,2019-05-20,2019-05-20 09:43:26,0.61,1.0338,154,0.6,1.0169,117,0.59,1.0,14,0.605,1.0254,1140,0
SPY190522P279,2019-05-20,2019-05-20 09:43:28,0.61,1.0338,100,0.59,1.0,663,0.59,1.0,14,0.6,1.0169,1140,0
SPY190522P279,2019-05-20,2019-05-20 09:43:30,0.61,1.0338,1019,0.59,1.0,1306,0.59,1.0,14,0.6,1.0169,1140,0
SPY190522P279,2019-05-20,2019-05-20 09:43:31,0.61,1.0338,575,0.59,1.0,1306,0.59,1.0,14,0.6,1.0169,1140,0
SPY190522P279,2019-05-20,2019-05-20 09:43:32,0.61,1.0338,50,0.6,1.0169,356,0.59,1.0,14,0.605,1.0254,1140,0
SPY190522P279,2019-05-20,2019-05-20 09:43:33,0.61,1.0338,50,0.6,1.0169,687,0.59,1.0,14,0.605,1.0254,1140,0
SPY190522P279,2019-05-20,2019-05-20 09:43:35,0.61,1.0338,80,0.6,1.0169,1178,0.59,1.0,14,0.605,1.0254,1140,0
SPY190522P279,2019-05-20,2019-05-20 09:43:36,0.62,1.0508,1166,0.6,1.0169,1025,0.59,1.0,14,0.61,1.0338,1140,0
SPY190522P279,2019-05-20,2019-05-20 09:43:37,0.62,1.0508,58,0.61,1.0338,342,0.59,1.0,14,0.615,1.0423,1140,0
SPY190522P279,2019-05-20,2019-05-20 09:43:39,0.62,1.0508,26,0.61,1.0338,1094,0.59,1.0,14,0.615,1.0423,1140,0
SPY190522P279,2019-05-20,2019-05-20 09:43:40,0.63,1.0677,557,0.62,1.0508,50,0.59,1.0,14,0.625,1.0593,1140,0
SPY190522P279,2019-05-20,2019-05-20 09:43:41,0.64,1.0847,202,0.62,1.0508,1091,0.59,1.0,14,0.63,1.0677,1140,0
SPY190522P279,2019-05-20,2019-05-20 09:43:43,0.63,1.0677,68,0.62,1.0508,421,0.59,1.0,14,0.625,1.0593,1140,0
SPY190522P279,2019-05-20,2019-05-20 09:43:44,0.64,1.0847,1182,0.62,1.0508,1034,0.59,1.0,14,0.63,1.0677,1140,0
SPY190522P279,2019-05-20,2019-05-20 09:43:45,0.63,1.0677,12,0.62,1.0508,180,0.59,1.0,14,0.625,1.0593,1140,0
SPY190522P279,2019-05-20,2019-05-20 09:43:46,0.64,1.0847,80,0.62,1.0508,1888,0.59,1.0,14,0.63,1.0677,1140,0
SPY190522P279,2019-05-20,2019-05-20 09:43:48,0.64,1.0847,2160,0.62,1.0508,218,0.59,1.0,14,0.63,1.0677,1140,0
SPY190522P279,2019-05-20,2019-05-20 09:43:49,0.63,1.0677,917,0.62,1.0508,72,0.59,1.0,14,0.625,1.0593,1140,0
SPY190522P279,2019-05-20,2019-05-20 09:43:50,0.63,1.0677,183,0.62,1.0508,72,0.63,1.0677,1,0.625,1.0593,1142,2
SPY190522P279,2019-05-20,2019-05-20 09:43:52,0.63,1.0677,218,0.61,1.0338,789,0.63,1.0677,1,0.62,1.0508,1142,0
SPY190522P279,2019-05-20,2019-05-20 09:43:53,0.63,1.0677,1452,0.61,1.0338,642,0.63,1.0677,1,0.62,1.0508,1142,0
SPY190522P279,2019-05-20,2019-05-20 09:43:54,0.63,1.0677,1070,0.61,1.0338,949,0.63,1.0677,1,0.62,1.0508,1142,0
SPY190522P279,2019-05-20,2019-05-20 09:43:55,0.63,1.0677,25,0.63,1.0677,1,0.63,1.0677,1,0.63,1.0677,1149,7
SPY190522P279,2019-05-20,2019-05-20 09:43:57,0.63,1.0677,274,0.61,1.0338,473,0.63,1.0677,1,0.62,1.0508,1150,1
SPY190522P279,2019-05-20,2019-05-20 09:43:58,0.62,1.0508,23,0.61,1.0338,51,0.63,1.0677,1,0.615,1.0423,1150,0
SPY190522P279,2019-05-20,2019-05-20 09:43:59,0.62,1.0508,29,0.61,1.0338,961,0.63,1.0677,1,0.615,1.0423,1150,0
SPY190522P279,2019-05-20,2019-05-20 09:44:00,0.63,1.0677,16,0.61,1.0338,494,0.63,1.0677,1,0.62,1.0508,1150,0
SPY190522P279,2019-05-20,2019-05-20 09:44:02,0.63,1.0677,1382,0.61,1.0338,940,0.63,1.0677,1,0.62,1.0508,1150,0
SPY190522P279,2019-05-20,2019-05-20 09:44:03,0.63,1.0677,1321,0.61,1.0338,296,0.63,1.0677,1,0.62,1.0508,1150,0
SPY190522P279,2019-05-20,2019-05-20 09:44:04,0.63,1.0677,448,0.61,1.0338,1679,0.63,1.0677,1,0.62,1.0508,1150,0
SPY190522P279,2019-05-20,2019-05-20 09:44:05,0.63,1.0677,1328,0.61,1.0338,1017,0.63,1.0677,1,0.62,1.0508,1150,0
SPY190522P279,2019-05-20,2019-05-20 09:44:06,0.62,1.0508,84,0.61,1.0338,150,0.63,1.0677,1,0.615,1.0423,1150,0
SPY190522P279,2019-05-20,2019-05-20 09:44:08,0.62,1.0508,69,0.61,1.0338,150,0.63,1.0677,1,0.615,1.0423,1150,0
SPY190522P279,2019-05-20,2019-05-20 09:44:09,0.61,1.0338,16,0.6,1.0169,207,0.63,1.0677,1,0.605,1.0254,1150,0
SPY190522P279,2019-05-20,2019-05-20 09:44:10,0.61,1.0338,71,0.6,1.0169,264,0.63,1.0677,1,0.605,1.0254,1150,0
SPY190522P279,2019-05-20,2019-05-20 09:44:11,0.61,1.0338,23,0.6,1.0169,349,0.63,1.0677,1,0.605,1.0254,1150,0
SPY190522P279,2019-05-20,2019-05-20 09:44:13,0.61,1.0338,71,0.6,1.0169,807,0.63,1.0677,1,0.605,1.0254,1150,0
SPY190522P279,2019-05-20,2019-05-20 09:44:14,0.62,1.0508,50,0.61,1.0338,1195,0.63,1.0677,1,0.615,1.0423,1150,0
SPY190522P279,2019-05-20,2019-05-20 09:44:15,0.62,1.0508,39,0.61,1.0338,1140,0.63,1.0677,1,0.615,1.0423,1150,0
SPY190522P279,2019-05-20,2019-05-20 09:44:16,0.64,1.0847,186,0.62,1.0508,641,0.63,1.0677,1,0.63,1.0677,1150,0
SPY190522P279,2019-05-20,2019-05-20 09:44:17,0.64,1.0847,124,0.62,1.0508,1417,0.63,1.0677,1,0.63,1.0677,1150,0
SPY190522P279,2019-05-20,2019-05-20 09:44:19,0.64,1.0847,69,0.62,1.0508,1073,0.63,1.0677,1,0.63,1.0677,1150,0
SPY190522P279,2019-05-20,2019-05-20 09:44:22,0.63,1.0677,31,0.62,1.0508,893,0.63,1.0677,1,0.625,1.0593,1150,0
SPY190522P279,2019-05-20,2019-05-20 09:44:24,0.63,1.0677,31,0.61,1.0338,531,0.63,1.0677,1,0.62,1.0508,1150,0
SPY190522P279,2019-05-20,2019-05-20 09:44:25,0.63,1.0677,162,0.62,1.0508,150,0.63,1.0677,1,0.625,1.0593,1150,0
SPY190522P279,2019-05-20,2019-05-20 09:44:27,0.63,1.0677,162,0.62,1.0508,198,0.63,1.0677,1,0.625,1.0593,1150,0
SPY190522P279,2019-05-20,2019-05-20 09:44:28,0.64,1.0847,108,0.62,1.0508,112,0.63,1.0677,1,0.63,1.0677,1150,0
SPY190522P279,2019-05-20,2019-05-20 09:44:30,0.63,1.0677,19,0.62,1.0508,1322,0.63,1.0677,1,0.625,1.0593,1150,0
SPY190522P279,2019-05-20,2019-05-20 09:44:31,0.63,1.0677,80,0.62,1.0508,775,0.63,1.0677,1,0.625,1.0593,1150,0
SPY190522P279,2019-05-20,2019-05-20 09:44:32,0.63,1.0677,80,0.62,1.0508,16,0.63,1.0677,1,0.625,1.0593,1150,0
SPY190522P279,2019-05-20,2019-05-20 09:44:34,0.63,1.0677,1111,0.6,1.0169,312,0.63,1.0677,1,0.615,1.0423,1150,0
SPY190522P279,2019-05-20,2019-05-20 09:44:35,0.62,1.0508,185,0.6,1.0169,1414,0.63,1.0677,1,0.61,1.0338,1150,0
SPY190522P279,2019-05-20,2019-05-20 09:44:37,0.61,1.0338,67,0.6,1.0169,773,0.63,1.0677,1,0.605,1.0254,1150,0
SPY190522P279,2019-05-20,2019-05-20 09:44:39,0.62,1.0508,1281,0.6,1.0169,1292,0.6,1.0169,10,0.61,1.0338,1170,20
SPY190522P279,2019-05-20,2019-05-20 09:44:40,0.61,1.0338,19,0.6,1.0169,166,0.6,1.0169,10,0.605,1.0254,1170,0
SPY190522P279,2019-05-20,2019-05-20 09:44:42,0.61,1.0338,1155,0.59,1.0,749,0.6,1.0169,10,0.6,1.0169,1170,0
SPY190522P279,2019-05-20,2019-05-20 09:44:43,0.61,1.0338,1155,0.59,1.0,1269,0.6,1.0169,10,0.6,1.0169,1170,0
SPY190522P279,2019-05-20,2019-05-20 09:44:45,0.6,1.0169,170,0.58,0.983,735,0.6,1.0169,10,0.59,1.0,1170,0
SPY190522P279,2019-05-20,2019-05-20 09:44:46,0.59,1.0,65,0.58,0.983,818,0.6,1.0169,10,0.585,0.9915,1170,0
SPY190522P279,2019-05-20,2019-05-20 09:44:48,0.59,1.0,65,0.58,0.983,411,0.6,1.0169,10,0.585,0.9915,1170,0
SPY190522P279,2019-05-20,2019-05-20 09:44:50,0.59,1.0,17,0.58,0.983,920,0.6,1.0169,10,0.585,0.9915,1170,0
SPY190522P279,2019-05-20,2019-05-20 09:44:51,0.6,1.0169,597,0.58,0.983,339,0.6,1.0169,10,0.59,1.0,1170,0
SPY190522P279,2019-05-20,2019-05-20 09:44:53,0.59,1.0,230,0.57,0.9661,346,0.6,1.0169,10,0.58,0.983,1170,0
SPY190522P279,2019-05-20,2019-05-20 09:44:55,0.58,0.983,50,0.58,0.983,2,0.58,0.983,2,0.58,0.983,1179,9
SPY190522P279,2019-05-20,2019-05-20 09:44:56,0.6,1.0169,275,0.58,0.983,162,0.58,0.983,1,0.59,1.0,1183,4
SPY190522P279,2019-05-20,2019-05-20 09:44:57,0.59,1.0,80,0.58,0.983,366,0.58,0.983,1,0.585,0.9915,1183,0
SPY190522P279,2019-05-20,2019-05-20 09:44:59,0.6,1.0169,612,0.58,0.983,839,0.58,0.983,1,0.59,1.0,1183,0
SPY190522P279,2019-05-20,2019-05-20 09:45:00,0.59,1.0,67,0.58,0.983,944,0.58,0.983,1,0.585,0.9915,1183,0
SPY190522P279,2019-05-20,2019-05-20 09:45:01,0.59,1.0,80,0.58,0.983,419,0.58,0.983,1,0.585,0.9915,1183,0
SPY190522P279,2019-05-20,2019-05-20 09:45:02,0.59,1.0,450,0.57,0.9661,50,0.58,0.983,1,0.58,0.983,1183,0
SPY190522P279,2019-05-20,2019-05-20 09:45:04,0.58,0.983,1308,0.57,0.9661,1,0.58,0.983,1,0.575,0.9745,1183,0
SPY190522P279,2019-05-20,2019-05-20 09:45:05,0.58,0.983,1322,0.57,0.9661,1,0.58,0.983,1,0.575,0.9745,1183,0
SPY190522P279,2019-05-20,2019-05-20 09:45:06,0.55,0.9322,450,0.53,0.8983,130,0.57,0.9661,1,0.54,0.9152,1184,1
SPY190522P279,2019-05-20,2019-05-20 09:45:07,0.55,0.9322,180,0.53,0.8983,771,0.57,0.9661,1,0.54,0.9152,1184,0
SPY190522P279,2019-05-20,2019-05-20 09:45:09,0.54,0.9152,69,0.53,0.8983,252,0.54,0.9152,1,0.535,0.9067,1185,1
SPY190522P279,2019-05-20,2019-05-20 09:45:10,0.54,0.9152,183,0.53,0.8983,80,0.54,0.9152,1,0.535,0.9067,1185,0
SPY190522P279,2019-05-20,2019-05-20 09:45:11,0.54,0.9152,173,0.53,0.8983,44,0.54,0.9152,1,0.535,0.9067,1185,0
SPY190522P279,2019-05-20,2019-05-20 09:45:12,0.53,0.8983,612,0.51,0.8644,140,0.54,0.9152,1,0.52,0.8813,1185,0
SPY190522P279,2019-05-20,2019-05-20 09:45:13,0.53,0.8983,949,0.51,0.8644,1150,0.54,0.9152,1,0.52,0.8813,1185,0
SPY190522P279,2019-05-20,2019-05-20 09:45:15,0.52,0.8813,69,0.51,0.8644,241,0.54,0.9152,1,0.515,0.8728,1185,0
SPY190522P279,2019-05-20,2019-05-20 09:45:16,0.52,0.8813,160,0.5,0.8474,571,0.54,0.9152,1,0.51,0.8644,1185,0
SPY190522P279,2019-05-20,2019-05-20 09:45:17,0.53,0.8983,65,0.51,0.8644,1002,0.54,0.9152,1,0.52,0.8813,1185,0
SPY190522P279,2019-05-20,2019-05-20 09:45:18,0.53,0.8983,170,0.52,0.8813,122,0.54,0.9152,1,0.525,0.8898,1185,0
SPY190522P279,2019-05-20,2019-05-20 09:45:19,0.53,0.8983,738,0.52,0.8813,33,0.54,0.9152,1,0.525,0.8898,1185,0
SPY190522P279,2019-05-20,2019-05-20 09:45:20,0.53,0.8983,246,0.52,0.8813,127,0.54,0.9152,1,0.525,0.8898,1185,0
SPY190522P279,2019-05-20,2019-05-20 09:45:21,0.54,0.9152,10,0.53,0.8983,32,0.54,0.9152,1,0.535,0.9067,1185,0
SPY190522P279,2019-05-20,2019-05-20 09:45:23,0.54,0.9152,816,0.52,0.8813,186,0.54,0.9152,1,0.53,0.8983,1185,0
SPY190522P279,2019-05-20,2019-05-20 09:45:24,0.53,0.8983,51,0.52,0.8813,72,0.54,0.9152,1,0.525,0.8898,1185,0
SPY190522P279,2019-05-20,2019-05-20 09:45:25,0.53,0.8983,489,0.51,0.8644,640,0.54,0.9152,1,0.52,0.8813,1185,0
SPY190522P279,2019-05-20,2019-05-20 09:45:26,0.52,0.8813,50,0.51,0.8644,453,0.52,0.8813,3,0.515,0.8728,1188,3
SPY190522P279,2019-05-20,2019-05-20 09:45:27,0.53,0.8983,294,0.51,0.8644,561,0.52,0.8813,1,0.52,0.8813,1189,1
SPY190522P279,2019-05-20,2019-05-20 09:45:28,0.53,0.8983,308,0.51,0.8644,982,0.52,0.8813,1,0.52,0.8813,1189,0
SPY190522P279,2019-05-20,2019-05-20 09:45:30,0.53,0.8983,173,0.52,0.8813,200,0.52,0.8813,1,0.525,0.8898,1189,0
SPY190522P279,2019-05-20,2019-05-20 09:45:31,0.53,0.8983,420,0.51,0.8644,701,0.52,0.8813,1,0.52,0.8813,1189,0
SPY190522P279,2019-05-20,2019-05-20 09:45:32,0.53,0.8983,387,0.51,0.8644,1194,0.52,0.8813,1,0.52,0.8813,1189,0
SPY190522P279,2019-05-20,2019-05-20 09:45:34,0.53,0.8983,1487,0.51,0.8644,170,0.52,0.8813,1,0.52,0.8813,1189,0
SPY190522P279,2019-05-20,2019-05-20 09:45:35,0.53,0.8983,1100,0.51,0.8644,1276,0.52,0.8813,1,0.52,0.8813,1189,0
SPY190522P279,2019-05-20,2019-05-20 09:45:36,0.54,0.9152,450,0.51,0.8644,1276,0.52,0.8813,1,0.525,0.8898,1189,0
SPY190522P279,2019-05-20,2019-05-20 09:45:37,0.53,0.8983,1319,0.51,0.8644,1205,0.52,0.8813,1,0.52,0.8813,1189,0
SPY190522P279,2019-05-20,2019-05-20 09:45:38,0.53,0.8983,1730,0.51,0.8644,953,0.52,0.8813,1,0.52,0.8813,1189,0
SPY190522P279,2019-05-20,2019-05-20 09:45:40,0.53,0.8983,767,0.51,0.8644,751,0.52,0.8813,1,0.52,0.8813,1189,0
SPY190522P279,2019-05-20,2019-05-20 09:45:41,0.53,0.8983,1734,0.52,0.8813,1,0.52,0.8813,1,0.525,0.8898,1189,0
SPY190522P279,2019-05-20,2019-05-20 09:45:42,0.53,0.8983,2040,0.52,0.8813,1,0.52,0.8813,1,0.525,0.8898,1189,0
SPY190522P279,2019-05-20,2019-05-20 09:45:43,0.51,0.8644,918,0.5,0.8474,227,0.5,0.8474,2,0.505,0.8559,1192,3
SPY190522P279,2019-05-20,2019-05-20 09:45:44,0.51,0.8644,1361,0.48,0.8135,937,0.5,0.8474,10,0.495,0.8389,1202,10
SPY190522P279,2019-05-20,2019-05-20 09:45:45,0.5,0.8474,359,0.48,0.8135,622,0.49,0.8305,2,0.49,0.8305,1204,2
SPY190522P279,2019-05-20,2019-05-20 09:45:46,0.5,0.8474,170,0.49,0.8305,159,0.49,0.8305,2,0.495,0.8389,1204,0
SPY190522P279,2019-05-20,2019-05-20 09:45:48,0.5,0.8474,50,0.49,0.8305,631,0.5,0.8474,3,0.495,0.8389,1207,3
SPY190522P279,2019-05-20,2019-05-20 09:45:49,0.5,0.8474,198,0.48,0.8135,1307,0.5,0.8474,3,0.49,0.8305,1207,0
SPY190522P279,2019-05-20,2019-05-20 09:45:50,0.5,0.8474,1915,0.48,0.8135,230,0.5,0.8474,3,0.49,0.8305,1207,0
SPY190522P279,2019-05-20,2019-05-20 09:45:51,0.49,0.8305,69,0.48,0.8135,749,0.5,0.8474,3,0.485,0.822,1207,0
SPY190522P279,2019-05-20,2019-05-20 09:45:52,0.51,0.8644,520,0.48,0.8135,1179,0.49,0.8305,2,0.495,0.8389,1215,8
SPY190522P279,2019-05-20,2019-05-20 09:45:53,0.5,0.8474,100,0.48,0.8135,1451,0.49,0.8305,2,0.49,0.8305,1215,0
SPY190522P279,2019-05-20,2019-05-20 09:45:54,0.51,0.8644,1262,0.49,0.8305,616,0.49,0.8305,2,0.5,0.8474,1215,0
SPY190522P279,2019-05-20,2019-05-20 09:45:56,0.52,0.8813,732,0.5,0.8474,531,0.49,0.8305,2,0.51,0.8644,1215,0
SPY190522P279,2019-05-20,2019-05-20 09:45:57,0.52,0.8813,193,0.5,0.8474,230,0.49,0.8305,2,0.51,0.8644,1215,0
SPY190522P279,2019-05-20,2019-05-20 09:45:58,0.51,0.8644,50,0.5,0.8474,181,0.49,0.8305,2,0.505,0.8559,1215,0
SPY190522P279,2019-05-20,2019-05-20 09:45:59,0.51,0.8644,179,0.5,0.8474,61,0.49,0.8305,2,0.505,0.8559,1215,0
SPY190522P279,2019-05-20,2019-05-20 09:46:00,0.51,0.8644,69,0.5,0.8474,581,0.49,0.8305,2,0.505,0.8559,1215,0
SPY190522P279,2019-05-20,2019-05-20 09:46:02,0.52,0.8813,290,0.51,0.8644,60,0.49,0.8305,2,0.515,0.8728,1215,0
SPY190522P279,2019-05-20,2019-05-20 09:46:03,0.52,0.8813,50,0.51,0.8644,821,0.49,0.8305,2,0.515,0.8728,1215,0
SPY190522P279,2019-05-20,2019-05-20 09:46:04,0.52,0.8813,133,0.51,0.8644,49,0.49,0.8305,2,0.515,0.8728,1215,0
SPY190522P279,2019-05-20,2019-05-20 09:46:05,0.52,0.8813,294,0.51,0.8644,68,0.49,0.8305,2,0.515,0.8728,1215,0
SPY190522P279,2019-05-20,2019-05-20 09:46:07,0.52,0.8813,560,0.51,0.8644,34,0.49,0.8305,2,0.515,0.8728,1215,0
SPY190522P279,2019-05-20,2019-05-20 09:46:08,0.52,0.8813,541,0.5,0.8474,601,0.49,0.8305,2,0.51,0.8644,1215,0
SPY190522P279,2019-05-20,2019-05-20 09:46:09,0.51,0.8644,178,0.5,0.8474,500,0.49,0.8305,2,0.505,0.8559,1215,0
SPY190522P279,2019-05-20,2019-05-20 09:46:10,0.51,0.8644,1514,0.49,0.8305,639,0.49,0.8305,2,0.5,0.8474,1215,0
SPY190522P279,2019-05-20,2019-05-20 09:46:12,0.5,0.8474,801,0.49,0.8305,67,0.49,0.8305,2,0.495,0.8389,1215,0
SPY190522P279,2019-05-20,2019-05-20 09:46:13,0.49,0.8305,170,0.48,0.8135,509,0.49,0.8305,2,0.485,0.822,1215,0
SPY190522P279,2019-05-20,2019-05-20 09:46:14,0.49,0.8305,182,0.48,0.8135,68,0.49,0.8305,2,0.485,0.822,1215,0
SPY190522P279,2019-05-20,2019-05-20 09:46:15,0.48,0.8135,121,0.47,0.7966,500,0.49,0.8305,2,0.475,0.805,1215,0
SPY190522P279,2019-05-20,2019-05-20 09:46:17,0.48,0.8135,316,0.47,0.7966,505,0.49,0.8305,2,0.475,0.805,1215,0
SPY190522P279,2019-05-20,2019-05-20 09:46:18,0.48,0.8135,687,0.47,0.7966,486,0.49,0.8305,2,0.475,0.805,1215,0
SPY190522P279,2019-05-20,2019-05-20 09:46:19,0.48,0.8135,74,0.47,0.7966,450,0.49,0.8305,2,0.475,0.805,1215,0
SPY190522P279,2019-05-20,2019-05-20 09:46:20,0.49,0.8305,150,0.47,0.7966,716,0.49,0.8305,2,0.48,0.8135,1215,0
SPY190522P279,2019-05-20,2019-05-20 09:46:21,0.49,0.8305,230,0.47,0.7966,749,0.49,0.8305,2,0.48,0.8135,1215,0
SPY190522P279,2019-05-20,2019-05-20 09:46:22,0.49,0.8305,230,0.47,0.7966,749,0.49,0.8305,2,0.48,0.8135,1215,0
SPY190522P279,2019-05-20,2019-05-20 09:46:24,0.48,0.8135,50,0.47,0.7966,853,0.49,0.8305,2,0.475,0.805,1215,0
SPY190522P279,2019-05-20,2019-05-20 09:46:25,0.48,0.8135,133,0.47,0.7966,540,0.49,0.8305,2,0.475,0.805,1215,0
SPY190522P279,2019-05-20,2019-05-20 09:46:26,0.48,0.8135,177,0.47,0.7966,50,0.49,0.8305,2,0.475,0.805,1215,0
SPY190522P279,2019-05-20,2019-05-20 09:46:27,0.48,0.8135,254,0.47,0.7966,589,0.49,0.8305,2,0.475,0.805,1215,0
SPY190522P279,2019-05-20,2019-05-20 09:46:29,0.48,0.8135,334,0.46,0.7796,1050,0.49,0.8305,2,0.47,0.7966,1215,0
SPY190522P279,2019-05-20,2019-05-20 09:46:30,0.48,0.8135,1340,0.46,0.7796,999,0.49,0.8305,2,0.47,0.7966,1215,0
SPY190522P279,2019-05-20,2019-05-20 09:46:31,0.48,0.8135,208,0.46,0.7796,1032,0.49,0.8305,2,0.47,0.7966,1215,0
SPY190522P279,2019-05-20,2019-05-20 09:46:32,0.48,0.8135,1179,0.47,0.7966,500,0.49,0.8305,2,0.475,0.805,1215,0
SPY190522P279,2019-05-20,2019-05-20 09:46:33,0.48,0.8135,176,0.46,0.7796,783,0.49,0.8305,2,0.47,0.7966,1215,0
SPY190522P279,2019-05-20,2019-05-20 09:46:34,0.48,0.8135,1033,0.46,0.7796,716,0.49,0.8305,2,0.47,0.7966,1215,0
SPY190522P279,2019-05-20,2019-05-20 09:46:36,0.47,0.7966,170,0.46,0.7796,512,0.49,0.8305,2,0.465,0.7881,1215,0
SPY190522P279,2019-05-20,2019-05-20 09:46:37,0.47,0.7966,365,0.46,0.7796,512,0.49,0.8305,2,0.465,0.7881,1215,0
SPY190522P279,2019-05-20,2019-05-20 09:46:38,0.47,0.7966,1080,0.46,0.7796,512,0.49,0.8305,2,0.465,0.7881,1215,0
SPY190522P279,2019-05-20,2019-05-20 09:46:40,0.47,0.7966,1029,0.46,0.7796,475,0.49,0.8305,2,0.465,0.7881,1215,0
SPY190522P279,2019-05-20,2019-05-20 09:46:41,0.47,0.7966,628,0.45,0.7627,474,0.49,0.8305,2,0.46,0.7796,1215,0
SPY190522P279,2019-05-20,2019-05-20 09:46:42,0.47,0.7966,1034,0.46,0.7796,36,0.49,0.8305,2,0.465,0.7881,1215,0
SPY190522P279,2019-05-20,2019-05-20 09:46:44,0.46,0.7796,17,0.45,0.7627,792,0.49,0.8305,2,0.455,0.7711,1215,0
SPY190522P279,2019-05-20,2019-05-20 09:46:45,0.46,0.7796,170,0.45,0.7627,632,0.49,0.8305,2,0.455,0.7711,1215,0
SPY190522P279,2019-05-20,2019-05-20 09:46:46,0.46,0.7796,178,0.45,0.7627,732,0.49,0.8305,2,0.455,0.7711,1215,0
SPY190522P279,2019-05-20,2019-05-20 09:46:48,0.46,0.7796,178,0.45,0.7627,632,0.49,0.8305,2,0.455,0.7711,1215,0
SPY190522P279,2019-05-20,2019-05-20 09:46:49,0.47,0.7966,478,0.45,0.7627,802,0.49,0.8305,2,0.46,0.7796,1215,0
SPY190522P279,2019-05-20,2019-05-20 09:46:50,0.47,0.7966,765,0.45,0.7627,759,0.45,0.7627,1,0.46,0.7796,1216,1
SPY190522P279,2019-05-20,2019-05-20 09:46:51,0.46,0.7796,745,0.45,0.7627,531,0.45,0.7627,1,0.455,0.7711,1216,0
SPY190522P279,2019-05-20,2019-05-20 09:46:52,0.46,0.7796,170,0.45,0.7627,802,0.45,0.7627,1,0.455,0.7711,1216,0
SPY190522P279,2019-05-20,2019-05-20 09:46:54,0.47,0.7966,1037,0.46,0.7796,512,0.45,0.7627,1,0.465,0.7881,1216,0
SPY190522P279,2019-05-20,2019-05-20 09:46:55,0.47,0.7966,986,0.46,0.7796,500,0.45,0.7627,1,0.465,0.7881,1216,0
SPY190522P279,2019-05-20,2019-05-20 09:46:56,0.47,0.7966,1139,0.46,0.7796,500,0.45,0.7627,1,0.465,0.7881,1216,0
SPY190522P279,2019-05-20,2019-05-20 09:46:57,0.47,0.7966,1139,0.46,0.7796,500,0.45,0.7627,1,0.465,0.7881,1216,0
SPY190522P279,2019-05-20,2019-05-20 09:46:58,0.47,0.7966,1139,0.45,0.7627,1139,0.45,0.7627,1,0.46,0.7796,1216,0
SPY190522P279,2019-05-20,2019-05-20 09:46:59,0.47,0.7966,350,0.45,0.7627,1050,0.45,0.7627,1,0.46,0.7796,1216,0
SPY190522P279,2019-05-20,2019-05-20 09:47:00,0.47,0.7966,144,0.46,0.7796,29,0.45,0.7627,1,0.465,0.7881,1216,0
SPY190522P279,2019-05-20,2019-05-20 09:47:01,0.48,0.8135,132,0.46,0.7796,751,0.45,0.7627,1,0.47,0.7966,1216,0
SPY190522P279,2019-05-20,2019-05-20 09:47:03,0.47,0.7966,381,0.46,0.7796,43,0.45,0.7627,1,0.465,0.7881,1216,0
SPY190522P279,2019-05-20,2019-05-20 09:47:04,0.46,0.7796,546,0.45,0.7627,69,0.45,0.7627,1,0.455,0.7711,1216,0
SPY190522P279,2019-05-20,2019-05-20 09:47:05,0.46,0.7796,818,0.44,0.7457,1128,0.45,0.7627,1,0.45,0.7627,1216,0
SPY190522P279,2019-05-20,2019-05-20 09:47:06,0.46,0.7796,971,0.44,0.7457,920,0.45,0.7627,1,0.45,0.7627,1216,0
SPY190522P279,2019-05-20,2019-05-20 09:47:07,0.46,0.7796,1082,0.45,0.7627,512,0.45,0.7627,1,0.455,0.7711,1216,0
SPY190522P279,2019-05-20,2019-05-20 09:47:08,0.46,0.7796,540,0.45,0.7627,550,0.45,0.7627,1,0.455,0.7711,1216,0
SPY190522P279,2019-05-20,2019-05-20 09:47:10,0.46,0.7796,192,0.45,0.7627,682,0.45,0.7627,1,0.455,0.7711,1216,0
SPY190522P279,2019-05-20,2019-05-20 09:47:11,0.46,0.7796,50,0.45,0.7627,144,0.45,0.7627,1,0.455,0.7711,1216,0
SPY190522P279,2019-05-20,2019-05-20 09:47:12,0.47,0.7966,50,0.46,0.7796,812,0.45,0.7627,1,0.465,0.7881,1216,0
SPY190522P279,2019-05-20,2019-05-20 09:47:13,0.47,0.7966,290,0.46,0.7796,562,0.45,0.7627,1,0.465,0.7881,1216,0
SPY190522P279,2019-05-20,2019-05-20 09:47:14,0.47,0.7966,312,0.46,0.7796,550,0.45,0.7627,1,0.465,0.7881,1216,0
SPY190522P279,2019-05-20,2019-05-20 09:47:15,0.47,0.7966,312,0.46,0.7796,550,0.45,0.7627,1,0.465,0.7881,1216,0
SPY190522P279,2019-05-20,2019-05-20 09:47:17,0.47,0.7966,273,0.46,0.7796,62,0.45,0.7627,1,0.465,0.7881,1216,0
SPY190522P279,2019-05-20,2019-05-20 09:47:18,0.47,0.7966,138,0.46,0.7796,62,0.45,0.7627,1,0.465,0.7881,1216,0
SPY190522P279,2019-05-20,2019-05-20 09:47:19,0.47,0.7966,170,0.46,0.7796,670,0.45,0.7627,1,0.465,0.7881,1216,0
SPY190522P279,2019-05-20,2019-05-20 09:47:20,0.47,0.7966,58,0.46,0.7796,286,0.45,0.7627,1,0.465,0.7881,1216,0
SPY190522P279,2019-05-20,2019-05-20 09:47:21,0.47,0.7966,58,0.46,0.7796,561,0.45,0.7627,1,0.465,0.7881,1216,0
SPY190522P279,2019-05-20,2019-05-20 09:47:22,0.47,0.7966,2,0.46,0.7796,960,0.45,0.7627,1,0.465,0.7881,1216,0
SPY190522P279,2019-05-20,2019-05-20 09:47:23,0.47,0.7966,170,0.46,0.7796,632,0.45,0.7627,1,0.465,0.7881,1216,0
SPY190522P279,2019-05-20,2019-05-20 09:47:24,0.47,0.7966,170,0.46,0.7796,632,0.45,0.7627,1,0.465,0.7881,1216,0
SPY190522P279,2019-05-20,2019-05-20 09:47:25,0.47,0.7966,177,0.46,0.7796,638,0.45,0.7627,1,0.465,0.7881,1216,0
SPY190522P279,2019-05-20,2019-05-20 09:47:26,0.47,0.7966,177,0.46,0.7796,188,0.45,0.7627,1,0.465,0.7881,1216,0
SPY190522P279,2019-05-20,2019-05-20 09:47:27,0.47,0.7966,38,0.46,0.7796,981,0.45,0.7627,1,0.465,0.7881,1216,0
SPY190522P279,2019-05-20,2019-05-20 09:47:28,0.47,0.7966,2,0.46,0.7796,828,0.45,0.7627,1,0.465,0.7881,1216,0
SPY190522P279,2019-05-20,2019-05-20 09:47:29,0.47,0.7966,2,0.46,0.7796,981,0.45,0.7627,1,0.465,0.7881,1216,0
SPY190522P279,2019-05-20,2019-05-20 09:47:30,0.47,0.7966,2,0.46,0.7796,1007,0.47,0.7966,1,0.465,0.7881,1217,1
SPY190522P279,2019-05-20,2019-05-20 09:47:31,0.47,0.7966,2,0.46,0.7796,1058,0.47,0.7966,1,0.465,0.7881,1217,0
SPY190522P279,2019-05-20,2019-05-20 09:47:32,0.47,0.7966,2,0.46,0.7796,1058,0.47,0.7966,1,0.465,0.7881,1217,0
SPY190522P279,2019-05-20,2019-05-20 09:47:33,0.48,0.8135,69,0.47,0.7966,740,0.47,0.7966,2,0.475,0.805,1219,2
SPY190522P279,2019-05-20,2019-05-20 09:47:34,0.49,0.8305,1039,0.47,0.7966,1146,0.47,0.7966,2,0.48,0.8135,1219,0
SPY190522P279,2019-05-20,2019-05-20 09:47:36,0.49,0.8305,1243,0.47,0.7966,852,0.47,0.7966,2,0.48,0.8135,1219,0
SPY190522P279,2019-05-20,2019-05-20 09:47:38,0.49,0.8305,847,0.47,0.7966,1009,0.47,0.7966,2,0.48,0.8135,1219,0
SPY190522P279,2019-05-20,2019-05-20 09:47:39,0.49,0.8305,847,0.47,0.7966,1009,0.47,0.7966,2,0.48,0.8135,1219,0
SPY190522P279,2019-05-20,2019-05-20 09:47:40,0.49,0.8305,230,0.47,0.7966,992,0.49,0.8305,2,0.48,0.8135,1221,2
SPY190522P279,2019-05-20,2019-05-20 09:47:42,0.49,0.8305,256,0.47,0.7966,1276,0.49,0.8305,2,0.48,0.8135,1221,0
SPY190522P279,2019-05-20,2019-05-20 09:47:43,0.49,0.8305,147,0.48,0.8135,733,0.49,0.8305,2,0.485,0.822,1221,0
SPY190522P279,2019-05-20,2019-05-20 09:47:44,0.49,0.8305,65,0.48,0.8135,733,0.49,0.8305,2,0.485,0.822,1221,0
SPY190522P279,2019-05-20,2019-05-20 09:47:45,0.49,0.8305,170,0.47,0.7966,1445,0.49,0.8305,2,0.48,0.8135,1221,0
SPY190522P279,2019-05-20,2019-05-20 09:47:47,0.49,0.8305,150,0.47,0.7966,754,0.49,0.8305,2,0.48,0.8135,1221,0
SPY190522P279,2019-05-20,2019-05-20 09:47:48,0.49,0.8305,1131,0.47,0.7966,796,0.49,0.8305,2,0.48,0.8135,1221,0
SPY190522P279,2019-05-20,2019-05-20 09:47:49,0.48,0.8135,180,0.47,0.7966,110,0.49,0.8305,2,0.475,0.805,1221,0
SPY190522P279,2019-05-20,2019-05-20 09:47:50,0.48,0.8135,160,0.47,0.7966,260,0.49,0.8305,2,0.475,0.805,1221,0
SPY190522P279,2019-05-20,2019-05-20 09:47:51,0.49,0.8305,816,0.47,0.7966,740,0.49,0.8305,2,0.48,0.8135,1221,0
SPY190522P279,2019-05-20,2019-05-20 09:47:52,0.49,0.8305,847,0.47,0.7966,1197,0.49,0.8305,2,0.48,0.8135,1221,0
SPY190522P279,2019-05-20,2019-05-20 09:47:53,0.49,0.8305,847,0.47,0.7966,1044,0.49,0.8305,2,0.48,0.8135,1221,0
SPY190522P279,2019-05-20,2019-05-20 09:47:55,0.48,0.8135,120,0.47,0.7966,550,0.49,0.8305,2,0.475,0.805,1221,0
SPY190522P279,2019-05-20,2019-05-20 09:47:56,0.49,0.8305,135,0.47,0.7966,1582,0.49,0.8305,2,0.48,0.8135,1221,0
SPY190522P279,2019-05-20,2019-05-20 09:47:57,0.5,0.8474,180,0.48,0.8135,1030,0.49,0.8305,2,0.49,0.8305,1221,0
SPY190522P279,2019-05-20,2019-05-20 09:47:58,0.5,0.8474,170,0.49,0.8305,600,0.49,0.8305,2,0.495,0.8389,1221,0
SPY190522P279,2019-05-20,2019-05-20 09:47:59,0.51,0.8644,1091,0.49,0.8305,724,0.49,0.8305,2,0.5,0.8474,1221,0
SPY190522P279,2019-05-20,2019-05-20 09:48:00,0.51,0.8644,1091,0.49,0.8305,724,0.49,0.8305,2,0.5,0.8474,1221,0
SPY190522P279,2019-05-20,2019-05-20 09:48:01,0.51,0.8644,1033,0.49,0.8305,724,0.49,0.8305,2,0.5,0.8474,1221,0
SPY190522P279,2019-05-20,2019-05-20 09:48:02,0.51,0.8644,762,0.49,0.8305,772,0.49,0.8305,2,0.5,0.8474,1221,0
SPY190522P279,2019-05-20,2019-05-20 09:48:04,0.51,0.8644,459,0.49,0.8305,772,0.49,0.8305,2,0.5,0.8474,1221,0
SPY190522P279,2019-05-20,2019-05-20 09:48:05,0.52,0.8813,1559,0.5,0.8474,1047,0.49,0.8305,2,0.51,0.8644,1221,0
SPY190522P279,2019-05-20,2019-05-20 09:48:06,0.52,0.8813,707,0.5,0.8474,781,0.49,0.8305,2,0.51,0.8644,1221,0
SPY190522P279,2019-05-20,2019-05-20 09:48:07,0.53,0.8983,965,0.51,0.8644,801,0.49,0.8305,2,0.52,0.8813,1221,0
SPY190522P279,2019-05-20,2019-05-20 09:48:09,0.53,0.8983,1526,0.51,0.8644,762,0.49,0.8305,2,0.52,0.8813,1221,0
SPY190522P279,2019-05-20,2019-05-20 09:48:10,0.53,0.8983,1200,0.51,0.8644,1315,0.49,0.8305,2,0.52,0.8813,1221,0
SPY190522P279,2019-05-20,2019-05-20 09:48:11,0.53,0.8983,818,0.51,0.8644,783,0.49,0.8305,2,0.52,0.8813,1221,0
SPY190522P279,2019-05-20,2019-05-20 09:48:12,0.53,0.8983,230,0.51,0.8644,860,0.49,0.8305,2,0.52,0.8813,1221,0
SPY190522P279,2019-05-20,2019-05-20 09:48:13,0.53,0.8983,184,0.52,0.8813,50,0.49,0.8305,2,0.525,0.8898,1221,0
SPY190522P279,2019-05-20,2019-05-20 09:48:14,0.53,0.8983,1260,0.51,0.8644,1159,0.49,0.8305,2,0.52,0.8813,1221,0
SPY190522P279,2019-05-20,2019-05-20 09:48:15,0.53,0.8983,1425,0.51,0.8644,1357,0.49,0.8305,2,0.52,0.8813,1221,0
SPY190522P279,2019-05-20,2019-05-20 09:48:17,0.53,0.8983,2398,0.51,0.8644,754,0.49,0.8305,2,0.52,0.8813,1221,0
SPY190522P279,2019-05-20,2019-05-20 09:48:18,0.53,0.8983,1137,0.51,0.8644,1161,0.49,0.8305,2,0.52,0.8813,1221,0
SPY190522P279,2019-05-20,2019-05-20 09:48:19,0.55,0.9322,410,0.53,0.8983,300,0.49,0.8305,2,0.54,0.9152,1221,0
SPY190522P279,2019-05-20,2019-05-20 09:48:20,0.55,0.9322,410,0.53,0.8983,733,0.49,0.8305,2,0.54,0.9152,1221,0
SPY190522P279,2019-05-20,2019-05-20 09:48:21,0.55,0.9322,1861,0.53,0.8983,260,0.49,0.8305,2,0.54,0.9152,1221,0
SPY190522P279,2019-05-20,2019-05-20 09:48:23,0.55,0.9322,414,0.53,0.8983,115,0.49,0.8305,2,0.54,0.9152,1221,0
SPY190522P279,2019-05-20,2019-05-20 09:48:24,0.55,0.9322,2012,0.53,0.8983,330,0.49,0.8305,2,0.54,0.9152,1221,0
SPY190522P279,2019-05-20,2019-05-20 09:48:25,0.55,0.9322,1126,0.53,0.8983,1261,0.49,0.8305,2,0.54,0.9152,1221,0
SPY190522P279,2019-05-20,2019-05-20 09:48:26,0.55,0.9322,666,0.53,0.8983,754,0.49,0.8305,2,0.54,0.9152,1221,0
SPY190522P279,2019-05-20,2019-05-20 09:48:27,0.55,0.9322,527,0.53,0.8983,1147,0.49,0.8305,2,0.54,0.9152,1221,0
SPY190522P279,2019-05-20,2019-05-20 09:48:29,0.55,0.9322,1230,0.53,0.8983,1117,0.49,0.8305,2,0.54,0.9152,1221,0
SPY190522P279,2019-05-20,2019-05-20 09:48:30,0.55,0.9322,381,0.53,0.8983,1252,0.49,0.8305,2,0.54,0.9152,1221,0
SPY190522P279,2019-05-20,2019-05-20 09:48:31,0.55,0.9322,823,0.53,0.8983,2469,0.49,0.8305,2,0.54,0.9152,1221,0
SPY190522P279,2019-05-20,2019-05-20 09:48:32,0.55,0.9322,578,0.53,0.8983,1251,0.49,0.8305,2,0.54,0.9152,1221,0
SPY190522P279,2019-05-20,2019-05-20 09:48:33,0.55,0.9322,176,0.53,0.8983,1271,0.49,0.8305,2,0.54,0.9152,1221,0
SPY190522P279,2019-05-20,2019-05-20 09:48:34,0.55,0.9322,539,0.53,0.8983,2317,0.49,0.8305,2,0.54,0.9152,1221,0
SPY190522P279,2019-05-20,2019-05-20 09:48:35,0.55,0.9322,179,0.53,0.8983,851,0.49,0.8305,2,0.54,0.9152,1221,0
SPY190522P279,2019-05-20,2019-05-20 09:48:36,0.55,0.9322,160,0.54,0.9152,75,0.49,0.8305,2,0.545,0.9237,1221,0
SPY190522P279,2019-05-20,2019-05-20 09:48:38,0.55,0.9322,160,0.54,0.9152,186,0.49,0.8305,2,0.545,0.9237,1221,0
SPY190522P279,2019-05-20,2019-05-20 09:48:39,0.55,0.9322,1067,0.53,0.8983,1253,0.49,0.8305,2,0.54,0.9152,1221,0
SPY190522P279,2019-05-20,2019-05-20 09:48:41,0.55,0.9322,1670,0.53,0.8983,1168,0.49,0.8305,2,0.54,0.9152,1221,0
SPY190522P279,2019-05-20,2019-05-20 09:48:42,0.55,0.9322,50,0.54,0.9152,680,0.49,0.8305,2,0.545,0.9237,1221,0
SPY190522P279,2019-05-20,2019-05-20 09:48:43,0.55,0.9322,50,0.54,0.9152,601,0.49,0.8305,2,0.545,0.9237,1221,0
SPY190522P279,2019-05-20,2019-05-20 09:48:45,0.56,0.9491,185,0.54,0.9152,220,0.49,0.8305,2,0.55,0.9322,1221,0
SPY190522P279,2019-05-20,2019-05-20 09:48:46,0.54,0.9152,170,0.53,0.8983,500,0.49,0.8305,2,0.535,0.9067,1221,0
SPY190522P279,2019-05-20,2019-05-20 09:48:47,0.55,0.9322,50,0.53,0.8983,601,0.49,0.8305,2,0.54,0.9152,1221,0
SPY190522P279,2019-05-20,2019-05-20 09:48:48,0.55,0.9322,50,0.54,0.9152,50,0.49,0.8305,2,0.545,0.9237,1221,0
SPY190522P279,2019-05-20,2019-05-20 09:48:50,0.55,0.9322,80,0.54,0.9152,170,0.49,0.8305,2,0.545,0.9237,1221,0
SPY190522P279,2019-05-20,2019-05-20 09:48:51,0.55,0.9322,565,0.53,0.8983,911,0.49,0.8305,2,0.54,0.9152,1221,0
SPY190522P279,2019-05-20,2019-05-20 09:48:51,0.55,0.9322,80,0.54,0.9152,160,0.49,0.8305,2,0.545,0.9237,1221,0
SPY190522P279,2019-05-20,2019-05-20 09:48:53,0.55,0.9322,206,0.54,0.9152,50,0.49,0.8305,2,0.545,0.9237,1221,0
SPY190522P279,2019-05-20,2019-05-20 09:48:54,0.55,0.9322,1126,0.53,0.8983,1389,0.49,0.8305,2,0.54,0.9152,1221,0
SPY190522P279,2019-05-20,2019-05-20 09:48:55,0.55,0.9322,751,0.53,0.8983,1374,0.49,0.8305,2,0.54,0.9152,1221,0
SPY190522P279,2019-05-20,2019-05-20 09:48:56,0.55,0.9322,816,0.53,0.8983,160,0.49,0.8305,2,0.54,0.9152,1221,0
SPY190522P279,2019-05-20,2019-05-20 09:48:57,0.54,0.9152,1502,0.52,0.8813,1456,0.54,0.9152,1,0.53,0.8983,1222,1
SPY190522P279,2019-05-20,2019-05-20 09:48:58,0.54,0.9152,2211,0.52,0.8813,80,0.54,0.9152,1,0.53,0.8983,1222,0
SPY190522P279,2019-05-20,2019-05-20 09:49:00,0.53,0.8983,1735,0.51,0.8644,621,0.54,0.9152,1,0.52,0.8813,1222,0
SPY190522P279,2019-05-20,2019-05-20 09:49:00,0.53,0.8983,488,0.51,0.8644,185,0.54,0.9152,1,0.52,0.8813,1222,0
SPY190522P279,2019-05-20,2019-05-20 09:49:02,0.53,0.8983,179,0.51,0.8644,714,0.54,0.9152,1,0.52,0.8813,1222,0
SPY190522P279,2019-05-20,2019-05-20 09:49:03,0.53,0.8983,50,0.52,0.8813,676,0.54,0.9152,1,0.525,0.8898,1222,0
SPY190522P279,2019-05-20,2019-05-20 09:49:04,0.54,0.9152,724,0.52,0.8813,1384,0.54,0.9152,1,0.53,0.8983,1222,0
SPY190522P279,2019-05-20,2019-05-20 09:49:05,0.54,0.9152,177,0.52,0.8813,1133,0.54,0.9152,10,0.53,0.8983,1232,10
SPY190522P279,2019-05-20,2019-05-20 09:49:06,0.55,0.9322,170,0.53,0.8983,750,0.54,0.9152,10,0.54,0.9152,1232,0
SPY190522P279,2019-05-20,2019-05-20 09:49:07,0.56,0.9491,176,0.54,0.9152,225,0.54,0.9152,10,0.55,0.9322,1232,0
SPY190522P279,2019-05-20,2019-05-20 09:49:08,0.55,0.9322,31,0.54,0.9152,973,0.54,0.9152,10,0.545,0.9237,1232,0
SPY190522P279,2019-05-20,2019-05-20 09:49:09,0.55,0.9322,12,0.54,0.9152,363,0.54,0.9152,10,0.545,0.9237,1232,0
SPY190522P279,2019-05-20,2019-05-20 09:49:10,0.56,0.9491,30,0.54,0.9152,1411,0.54,0.9152,10,0.55,0.9322,1232,0
SPY190522P279,2019-05-20,2019-05-20 09:49:11,0.56,0.9491,1510,0.54,0.9152,1285,0.54,0.9152,10,0.55,0.9322,1232,0
SPY190522P279,2019-05-20,2019-05-20 09:49:12,0.56,0.9491,1126,0.54,0.9152,663,0.54,0.9152,10,0.55,0.9322,1232,0
SPY190522P279,2019-05-20,2019-05-20 09:49:13,0.56,0.9491,216,0.54,0.9152,1961,0.54,0.9152,10,0.55,0.9322,1232,0
SPY190522P279,2019-05-20,2019-05-20 09:49:14,0.56,0.9491,80,0.55,0.9322,231,0.54,0.9152,10,0.555,0.9406,1232,0
SPY190522P279,2019-05-20,2019-05-20 09:49:15,0.57,0.9661,625,0.54,0.9152,765,0.54,0.9152,10,0.555,0.9406,1232,0
SPY190522P279,2019-05-20,2019-05-20 09:49:16,0.57,0.9661,1275,0.54,0.9152,773,0.55,0.9322,1,0.555,0.9406,1233,1
SPY190522P279,2019-05-20,2019-05-20 09:49:17,0.56,0.9491,179,0.54,0.9152,1384,0.55,0.9322,1,0.55,0.9322,1233,0
SPY190522P279,2019-05-20,2019-05-20 09:49:18,0.56,0.9491,80,0.55,0.9322,160,0.55,0.9322,1,0.555,0.9406,1233,0
SPY190522P279,2019-05-20,2019-05-20 09:49:19,0.56,0.9491,161,0.55,0.9322,160,0.55,0.9322,1,0.555,0.9406,1233,0
SPY190522P279,2019-05-20,2019-05-20 09:49:20,0.57,0.9661,1500,0.55,0.9322,1110,0.55,0.9322,1,0.56,0.9491,1233,0
SPY190522P279,2019-05-20,2019-05-20 09:49:21,0.56,0.9491,12,0.55,0.9322,185,0.55,0.9322,1,0.555,0.9406,1233,0
SPY190522P279,2019-05-20,2019-05-20 09:49:22,0.56,0.9491,1283,0.54,0.9152,1091,0.55,0.9322,1,0.55,0.9322,1233,0
SPY190522P279,2019-05-20,2019-05-20 09:49:23,0.55,0.9322,120,0.54,0.9152,269,0.55,0.9322,1,0.545,0.9237,1233,0
SPY190522P279,2019-05-20,2019-05-20 09:49:24,0.55,0.9322,170,0.54,0.9152,161,0.55,0.9322,1,0.545,0.9237,1233,0
SPY190522P279,2019-05-20,2019-05-20 09:49:25,0.55,0.9322,490,0.53,0.8983,625,0.55,0.9322,1,0.54,0.9152,1233,0
SPY190522P279,2019-05-20,2019-05-20 09:49:26,0.54,0.9152,171,0.52,0.8813,1497,0.55,0.9322,1,0.53,0.8983,1233,0
SPY190522P279,2019-05-20,2019-05-20 09:49:27,0.55,0.9322,2691,0.53,0.8983,714,0.55,0.9322,1,0.54,0.9152,1233,0
SPY190522P279,2019-05-20,2019-05-20 09:49:28,0.55,0.9322,149,0.53,0.8983,1813,0.55,0.9322,1,0.54,0.9152,1233,0
SPY190522P279,2019-05-20,2019-05-20 09:49:30,0.55,0.9322,290,0.53,0.8983,798,0.55,0.9322,1,0.54,0.9152,1233,0
SPY190522P279,2019-05-20,2019-05-20 09:49:31,0.55,0.9322,1381,0.53,0.8983,1067,0.55,0.9322,1,0.54,0.9152,1233,0
SPY190522P279,2019-05-20,2019-05-20 09:49:32,0.54,0.9152,654,0.52,0.8813,270,0.55,0.9322,1,0.53,0.8983,1233,0
SPY190522P279,2019-05-20,2019-05-20 09:49:32,0.55,0.9322,171,0.53,0.8983,1960,0.55,0.9322,1,0.54,0.9152,1233,0
SPY190522P279,2019-05-20,2019-05-20 09:49:34,0.54,0.9152,1490,0.52,0.8813,1186,0.55,0.9322,1,0.53,0.8983,1233,0
