symbol,Date,quote_time,ask_price,norm_ask_price,ask_size,bid_price,norm_bid_price,bid_size,last_trade_price,norm_last_trade_price,last_trade_size,mark_price,norm_mark_price,volume,Volume
SPY190715C299,2019-07-12,2019-07-12 09:30:00,1.05,1.0,100,1.03,0.9809,65,1.06,1.0095,1,1.04,0.9904,10994,10994
SPY190715C299,2019-07-12,2019-07-12 09:30:05,1.3,1.238,3,1.15,1.0952,32,1.25,1.1904,1,1.225,1.1666,8,-10986
SPY190715C299,2019-07-12,2019-07-12 09:30:06,1.29,1.2285,5,1.16,1.1047,194,1.25,1.1904,4,1.225,1.1666,12,4
SPY190715C299,2019-07-12,2019-07-12 09:30:07,1.3,1.238,3,1.25,1.1904,20,1.26,1.2,1,1.275,1.2142,13,1
SPY190715C299,2019-07-12,2019-07-12 09:30:07,1.3,1.238,3,1.25,1.1904,32,1.26,1.2,1,1.275,1.2142,13,0
SPY190715C299,2019-07-12,2019-07-12 09:30:08,1.3,1.238,3,1.25,1.1904,120,1.26,1.2,1,1.275,1.2142,13,0
SPY190715C299,2019-07-12,2019-07-12 09:30:09,1.3,1.238,3,1.25,1.1904,120,1.26,1.2,1,1.275,1.2142,13,0
SPY190715C299,2019-07-12,2019-07-12 09:30:10,1.3,1.238,3,1.25,1.1904,120,1.26,1.2,1,1.275,1.2142,13,0
SPY190715C299,2019-07-12,2019-07-12 09:30:11,1.3,1.238,3,1.25,1.1904,120,1.26,1.2,1,1.275,1.2142,13,0
SPY190715C299,2019-07-12,2019-07-12 09:30:11,1.3,1.238,24,1.26,1.2,24,1.26,1.2,1,1.28,1.219,13,0
SPY190715C299,2019-07-12,2019-07-12 09:30:12,1.29,1.2285,5,1.26,1.2,24,1.26,1.2,1,1.275,1.2142,13,0
SPY190715C299,2019-07-12,2019-07-12 09:30:13,1.29,1.2285,5,1.26,1.2,24,1.26,1.2,1,1.275,1.2142,13,0
SPY190715C299,2019-07-12,2019-07-12 09:30:14,1.28,1.219,20,1.26,1.2,2,1.26,1.2,1,1.27,1.2095,13,0
SPY190715C299,2019-07-12,2019-07-12 09:30:15,1.28,1.219,98,1.25,1.1904,20,1.26,1.2,1,1.265,1.2047,13,0
SPY190715C299,2019-07-12,2019-07-12 09:30:15,1.27,1.2095,80,1.22,1.1619,52,1.26,1.2,1,1.245,1.1857,13,0
SPY190715C299,2019-07-12,2019-07-12 09:30:16,1.28,1.219,2,1.27,1.2095,20,1.26,1.2,1,1.275,1.2142,13,0
SPY190715C299,2019-07-12,2019-07-12 09:30:17,1.3,1.238,56,1.24,1.1809,24,1.28,1.219,2,1.27,1.2095,18,5
SPY190715C299,2019-07-12,2019-07-12 09:30:18,1.28,1.219,1,1.25,1.1904,50,1.25,1.1904,3,1.265,1.2047,21,3
SPY190715C299,2019-07-12,2019-07-12 09:30:18,1.28,1.219,5,1.25,1.1904,335,1.25,1.1904,3,1.265,1.2047,21,0
SPY190715C299,2019-07-12,2019-07-12 09:30:19,1.28,1.219,5,1.25,1.1904,75,1.25,1.1904,3,1.265,1.2047,21,0
SPY190715C299,2019-07-12,2019-07-12 09:30:20,1.28,1.219,5,1.25,1.1904,65,1.25,1.1904,3,1.265,1.2047,21,0
SPY190715C299,2019-07-12,2019-07-12 09:30:21,1.29,1.2285,131,1.25,1.1904,89,1.25,1.1904,3,1.27,1.2095,21,0
SPY190715C299,2019-07-12,2019-07-12 09:30:21,1.28,1.219,5,1.25,1.1904,89,1.25,1.1904,3,1.265,1.2047,21,0
SPY190715C299,2019-07-12,2019-07-12 09:30:22,1.29,1.2285,100,1.26,1.2,45,1.26,1.2,1,1.275,1.2142,22,0
SPY190715C299,2019-07-12,2019-07-12 09:30:22,1.29,1.2285,100,1.26,1.2,45,1.26,1.2,1,1.275,1.2142,22,1
SPY190715C299,2019-07-12,2019-07-12 09:30:23,1.3,1.238,128,1.26,1.2,45,1.26,1.2,1,1.28,1.219,22,0
SPY190715C299,2019-07-12,2019-07-12 09:30:24,1.3,1.238,100,1.26,1.2,45,1.26,1.2,1,1.28,1.219,22,0
SPY190715C299,2019-07-12,2019-07-12 09:30:25,1.3,1.238,100,1.26,1.2,45,1.26,1.2,1,1.28,1.219,22,0
SPY190715C299,2019-07-12,2019-07-12 09:30:26,1.3,1.238,115,1.26,1.2,77,1.26,1.2,1,1.28,1.219,22,0
SPY190715C299,2019-07-12,2019-07-12 09:30:27,1.3,1.238,115,1.26,1.2,133,1.26,1.2,1,1.28,1.219,22,0
SPY190715C299,2019-07-12,2019-07-12 09:30:28,1.3,1.238,109,1.26,1.2,133,1.26,1.2,1,1.28,1.219,22,0
SPY190715C299,2019-07-12,2019-07-12 09:30:29,1.3,1.238,120,1.26,1.2,133,1.26,1.2,1,1.28,1.219,22,0
SPY190715C299,2019-07-12,2019-07-12 09:30:30,1.3,1.238,109,1.26,1.2,133,1.26,1.2,1,1.28,1.219,22,0
SPY190715C299,2019-07-12,2019-07-12 09:30:31,1.3,1.238,100,1.26,1.2,468,1.26,1.2,5,1.28,1.219,27,0
SPY190715C299,2019-07-12,2019-07-12 09:30:31,1.3,1.238,109,1.26,1.2,468,1.26,1.2,5,1.28,1.219,27,5
SPY190715C299,2019-07-12,2019-07-12 09:30:32,1.28,1.219,1,1.26,1.2,468,1.26,1.2,5,1.27,1.2095,27,0
SPY190715C299,2019-07-12,2019-07-12 09:30:33,1.3,1.238,100,1.26,1.2,468,1.28,1.219,1,1.28,1.219,28,1
SPY190715C299,2019-07-12,2019-07-12 09:30:33,1.29,1.2285,99,1.26,1.2,24,1.28,1.219,1,1.275,1.2142,28,0
SPY190715C299,2019-07-12,2019-07-12 09:30:34,1.28,1.219,5,1.26,1.2,20,1.28,1.219,1,1.27,1.2095,28,0
SPY190715C299,2019-07-12,2019-07-12 09:30:34,1.29,1.2285,99,1.26,1.2,20,1.28,1.219,1,1.275,1.2142,28,0
SPY190715C299,2019-07-12,2019-07-12 09:30:35,1.28,1.219,1,1.26,1.2,20,1.28,1.219,1,1.27,1.2095,28,0
SPY190715C299,2019-07-12,2019-07-12 09:30:36,1.28,1.219,6,1.25,1.1904,37,1.28,1.219,1,1.265,1.2047,28,0
SPY190715C299,2019-07-12,2019-07-12 09:30:37,1.27,1.2095,5,1.25,1.1904,20,1.26,1.2,1,1.26,1.2,29,1
SPY190715C299,2019-07-12,2019-07-12 09:30:37,1.28,1.219,6,1.25,1.1904,37,1.28,1.219,1,1.265,1.2047,28,0
SPY190715C299,2019-07-12,2019-07-12 09:30:38,1.27,1.2095,5,1.25,1.1904,20,1.26,1.2,1,1.26,1.2,29,0
SPY190715C299,2019-07-12,2019-07-12 09:30:39,1.27,1.2095,24,1.24,1.1809,30,1.26,1.2,1,1.255,1.1952,29,0
SPY190715C299,2019-07-12,2019-07-12 09:30:39,1.27,1.2095,10,1.25,1.1904,20,1.26,1.2,1,1.26,1.2,29,0
SPY190715C299,2019-07-12,2019-07-12 09:30:40,1.27,1.2095,104,1.24,1.1809,30,1.26,1.2,1,1.255,1.1952,29,0
SPY190715C299,2019-07-12,2019-07-12 09:30:40,1.27,1.2095,24,1.24,1.1809,24,1.26,1.2,1,1.255,1.1952,29,0
SPY190715C299,2019-07-12,2019-07-12 09:30:41,1.27,1.2095,120,1.24,1.1809,30,1.26,1.2,1,1.255,1.1952,29,0
SPY190715C299,2019-07-12,2019-07-12 09:30:42,1.27,1.2095,104,1.24,1.1809,30,1.26,1.2,1,1.255,1.1952,29,0
SPY190715C299,2019-07-12,2019-07-12 09:30:43,1.27,1.2095,5,1.25,1.1904,30,1.26,1.2,1,1.26,1.2,29,0
SPY190715C299,2019-07-12,2019-07-12 09:30:43,1.26,1.2,5,1.24,1.1809,36,1.26,1.2,1,1.25,1.1904,29,0
SPY190715C299,2019-07-12,2019-07-12 09:30:45,1.26,1.2,5,1.23,1.1714,77,1.26,1.2,1,1.245,1.1857,29,0
SPY190715C299,2019-07-12,2019-07-12 09:30:46,1.26,1.2,5,1.24,1.1809,1,1.24,1.1809,5,1.25,1.1904,34,5
SPY190715C299,2019-07-12,2019-07-12 09:30:46,1.25,1.1904,1,1.24,1.1809,1,1.24,1.1809,5,1.245,1.1857,34,0
SPY190715C299,2019-07-12,2019-07-12 09:30:47,1.25,1.1904,1,1.23,1.1714,142,1.24,1.1809,5,1.24,1.1809,34,0
SPY190715C299,2019-07-12,2019-07-12 09:30:48,1.25,1.1904,1,1.23,1.1714,142,1.24,1.1809,5,1.24,1.1809,34,0
SPY190715C299,2019-07-12,2019-07-12 09:30:50,1.25,1.1904,1,1.24,1.1809,85,1.25,1.1904,1,1.245,1.1857,35,1
SPY190715C299,2019-07-12,2019-07-12 09:30:50,1.25,1.1904,1,1.24,1.1809,260,1.24,1.1809,20,1.245,1.1857,60,25
SPY190715C299,2019-07-12,2019-07-12 09:30:51,1.26,1.2,5,1.24,1.1809,58,1.24,1.1809,20,1.25,1.1904,60,0
SPY190715C299,2019-07-12,2019-07-12 09:30:52,1.26,1.2,5,1.24,1.1809,58,1.24,1.1809,20,1.25,1.1904,60,0
SPY190715C299,2019-07-12,2019-07-12 09:30:56,1.26,1.2,50,1.23,1.1714,36,1.25,1.1904,1,1.245,1.1857,62,2
SPY190715C299,2019-07-12,2019-07-12 09:30:57,1.26,1.2,110,1.23,1.1714,36,1.25,1.1904,1,1.245,1.1857,62,0
SPY190715C299,2019-07-12,2019-07-12 09:30:58,1.26,1.2,60,1.23,1.1714,120,1.23,1.1714,1,1.245,1.1857,63,1
SPY190715C299,2019-07-12,2019-07-12 09:30:59,1.26,1.2,100,1.23,1.1714,110,1.25,1.1904,1,1.245,1.1857,74,11
SPY190715C299,2019-07-12,2019-07-12 09:31:01,1.26,1.2,10,1.24,1.1809,20,1.25,1.1904,20,1.25,1.1904,94,20
SPY190715C299,2019-07-12,2019-07-12 09:31:01,1.26,1.2,55,1.24,1.1809,30,1.25,1.1904,20,1.25,1.1904,94,0
SPY190715C299,2019-07-12,2019-07-12 09:31:02,1.26,1.2,55,1.24,1.1809,20,1.25,1.1904,20,1.25,1.1904,94,0
SPY190715C299,2019-07-12,2019-07-12 09:31:03,1.26,1.2,55,1.23,1.1714,56,1.25,1.1904,1,1.245,1.1857,95,1
SPY190715C299,2019-07-12,2019-07-12 09:31:04,1.25,1.1904,5,1.23,1.1714,30,1.25,1.1904,1,1.24,1.1809,95,0
SPY190715C299,2019-07-12,2019-07-12 09:31:05,1.25,1.1904,1,1.23,1.1714,30,1.24,1.1809,3,1.24,1.1809,98,3
SPY190715C299,2019-07-12,2019-07-12 09:31:06,1.25,1.1904,1,1.23,1.1714,36,1.24,1.1809,3,1.24,1.1809,98,0
SPY190715C299,2019-07-12,2019-07-12 09:31:07,1.25,1.1904,59,1.23,1.1714,36,1.24,1.1809,3,1.24,1.1809,98,0
SPY190715C299,2019-07-12,2019-07-12 09:31:08,1.25,1.1904,100,1.23,1.1714,36,1.24,1.1809,3,1.24,1.1809,98,0
SPY190715C299,2019-07-12,2019-07-12 09:31:09,1.24,1.1809,5,1.21,1.1523,130,1.24,1.1809,3,1.225,1.1666,98,0
SPY190715C299,2019-07-12,2019-07-12 09:31:10,1.24,1.1809,5,1.21,1.1523,130,1.24,1.1809,3,1.225,1.1666,98,0
SPY190715C299,2019-07-12,2019-07-12 09:31:11,1.24,1.1809,43,1.21,1.1523,67,1.24,1.1809,3,1.225,1.1666,98,0
SPY190715C299,2019-07-12,2019-07-12 09:31:12,1.24,1.1809,101,1.21,1.1523,67,1.24,1.1809,3,1.225,1.1666,98,0
SPY190715C299,2019-07-12,2019-07-12 09:31:14,1.23,1.1714,1,1.21,1.1523,67,1.22,1.1619,9,1.22,1.1619,107,9
SPY190715C299,2019-07-12,2019-07-12 09:31:15,1.23,1.1714,1,1.21,1.1523,108,1.22,1.1619,9,1.22,1.1619,107,0
SPY190715C299,2019-07-12,2019-07-12 09:31:26,1.24,1.1809,9,1.23,1.1714,46,1.23,1.1714,2,1.235,1.1761,112,5
SPY190715C299,2019-07-12,2019-07-12 09:31:31,1.26,1.2,5,1.25,1.1904,27,1.26,1.2,7,1.255,1.1952,133,21
SPY190715C299,2019-07-12,2019-07-12 09:31:32,1.28,1.219,56,1.25,1.1904,20,1.26,1.2,5,1.265,1.2047,138,5
SPY190715C299,2019-07-12,2019-07-12 09:31:32,1.26,1.2,5,1.25,1.1904,20,1.26,1.2,7,1.255,1.1952,133,0
SPY190715C299,2019-07-12,2019-07-12 09:31:33,1.29,1.2285,100,1.26,1.2,36,1.27,1.2095,30,1.275,1.2142,168,30
SPY190715C299,2019-07-12,2019-07-12 09:31:34,1.29,1.2285,100,1.26,1.2,30,1.27,1.2095,30,1.275,1.2142,168,0
SPY190715C299,2019-07-12,2019-07-12 09:31:34,1.29,1.2285,100,1.26,1.2,36,1.27,1.2095,30,1.275,1.2142,168,0
SPY190715C299,2019-07-12,2019-07-12 09:31:35,1.29,1.2285,100,1.26,1.2,30,1.27,1.2095,30,1.275,1.2142,168,0
SPY190715C299,2019-07-12,2019-07-12 09:31:36,1.29,1.2285,100,1.26,1.2,30,1.27,1.2095,30,1.275,1.2142,168,0
SPY190715C299,2019-07-12,2019-07-12 09:31:37,1.28,1.219,5,1.25,1.1904,30,1.27,1.2095,30,1.265,1.2047,168,0
SPY190715C299,2019-07-12,2019-07-12 09:31:37,1.29,1.2285,100,1.26,1.2,30,1.27,1.2095,30,1.275,1.2142,168,0
SPY190715C299,2019-07-12,2019-07-12 09:31:38,1.28,1.219,100,1.25,1.1904,36,1.27,1.2095,30,1.265,1.2047,168,0
SPY190715C299,2019-07-12,2019-07-12 09:31:39,1.28,1.219,101,1.25,1.1904,36,1.27,1.2095,30,1.265,1.2047,168,0
SPY190715C299,2019-07-12,2019-07-12 09:31:39,1.28,1.219,100,1.25,1.1904,36,1.27,1.2095,30,1.265,1.2047,168,0
SPY190715C299,2019-07-12,2019-07-12 09:31:40,1.28,1.219,60,1.25,1.1904,36,1.27,1.2095,30,1.265,1.2047,168,0
SPY190715C299,2019-07-12,2019-07-12 09:31:41,1.27,1.2095,10,1.25,1.1904,36,1.27,1.2095,30,1.26,1.2,168,0
SPY190715C299,2019-07-12,2019-07-12 09:31:41,1.28,1.219,100,1.25,1.1904,36,1.27,1.2095,30,1.265,1.2047,168,0
SPY190715C299,2019-07-12,2019-07-12 09:31:42,1.27,1.2095,10,1.24,1.1809,60,1.27,1.2095,30,1.255,1.1952,168,0
SPY190715C299,2019-07-12,2019-07-12 09:31:43,1.27,1.2095,101,1.24,1.1809,36,1.27,1.2095,30,1.255,1.1952,168,0
SPY190715C299,2019-07-12,2019-07-12 09:31:43,1.26,1.2,10,1.23,1.1714,6,1.27,1.2095,30,1.245,1.1857,168,0
SPY190715C299,2019-07-12,2019-07-12 09:31:44,1.26,1.2,6,1.23,1.1714,33,1.27,1.2095,30,1.245,1.1857,168,0
SPY190715C299,2019-07-12,2019-07-12 09:31:45,1.26,1.2,6,1.23,1.1714,33,1.27,1.2095,30,1.245,1.1857,168,0
SPY190715C299,2019-07-12,2019-07-12 09:31:45,1.26,1.2,100,1.23,1.1714,33,1.27,1.2095,30,1.245,1.1857,168,0
SPY190715C299,2019-07-12,2019-07-12 09:31:46,1.26,1.2,100,1.23,1.1714,43,1.27,1.2095,30,1.245,1.1857,168,0
SPY190715C299,2019-07-12,2019-07-12 09:31:47,1.26,1.2,100,1.23,1.1714,43,1.27,1.2095,30,1.245,1.1857,168,0
SPY190715C299,2019-07-12,2019-07-12 09:31:47,1.26,1.2,101,1.23,1.1714,43,1.27,1.2095,30,1.245,1.1857,168,0
SPY190715C299,2019-07-12,2019-07-12 09:31:49,1.25,1.1904,6,1.23,1.1714,43,1.27,1.2095,30,1.24,1.1809,168,0
SPY190715C299,2019-07-12,2019-07-12 09:31:50,1.25,1.1904,6,1.23,1.1714,49,1.27,1.2095,30,1.24,1.1809,168,0
SPY190715C299,2019-07-12,2019-07-12 09:31:50,1.25,1.1904,6,1.23,1.1714,43,1.27,1.2095,30,1.24,1.1809,168,0
SPY190715C299,2019-07-12,2019-07-12 09:31:51,1.25,1.1904,1,1.24,1.1809,1,1.24,1.1809,1,1.245,1.1857,169,1
SPY190715C299,2019-07-12,2019-07-12 09:31:51,1.25,1.1904,6,1.23,1.1714,33,1.24,1.1809,4,1.24,1.1809,173,4
SPY190715C299,2019-07-12,2019-07-12 09:31:52,1.25,1.1904,1,1.23,1.1714,43,1.24,1.1809,4,1.24,1.1809,173,0
SPY190715C299,2019-07-12,2019-07-12 09:31:53,1.25,1.1904,1,1.23,1.1714,43,1.24,1.1809,4,1.24,1.1809,173,0
SPY190715C299,2019-07-12,2019-07-12 09:31:53,1.25,1.1904,1,1.23,1.1714,73,1.24,1.1809,4,1.24,1.1809,173,0
SPY190715C299,2019-07-12,2019-07-12 09:31:54,1.25,1.1904,1,1.23,1.1714,55,1.24,1.1809,4,1.24,1.1809,173,0
SPY190715C299,2019-07-12,2019-07-12 09:31:54,1.25,1.1904,1,1.23,1.1714,61,1.24,1.1809,4,1.24,1.1809,173,0
SPY190715C299,2019-07-12,2019-07-12 09:31:55,1.25,1.1904,1,1.23,1.1714,51,1.24,1.1809,4,1.24,1.1809,173,0
SPY190715C299,2019-07-12,2019-07-12 09:31:56,1.25,1.1904,1,1.23,1.1714,37,1.24,1.1809,4,1.24,1.1809,173,0
SPY190715C299,2019-07-12,2019-07-12 09:31:57,1.25,1.1904,6,1.23,1.1714,60,1.24,1.1809,4,1.24,1.1809,173,0
SPY190715C299,2019-07-12,2019-07-12 09:31:57,1.24,1.1809,1,1.23,1.1714,46,1.24,1.1809,4,1.235,1.1761,173,0
SPY190715C299,2019-07-12,2019-07-12 09:31:58,1.24,1.1809,1,1.23,1.1714,46,1.24,1.1809,4,1.235,1.1761,173,0
SPY190715C299,2019-07-12,2019-07-12 09:31:59,1.24,1.1809,1,1.23,1.1714,46,1.24,1.1809,4,1.235,1.1761,173,0
SPY190715C299,2019-07-12,2019-07-12 09:31:59,1.24,1.1809,1,1.23,1.1714,55,1.24,1.1809,4,1.235,1.1761,173,0
SPY190715C299,2019-07-12,2019-07-12 09:32:00,1.24,1.1809,1,1.23,1.1714,46,1.24,1.1809,4,1.235,1.1761,173,0
SPY190715C299,2019-07-12,2019-07-12 09:32:01,1.24,1.1809,1,1.23,1.1714,46,1.24,1.1809,4,1.235,1.1761,173,0
SPY190715C299,2019-07-12,2019-07-12 09:32:02,1.24,1.1809,1,1.23,1.1714,46,1.24,1.1809,4,1.235,1.1761,173,0
SPY190715C299,2019-07-12,2019-07-12 09:32:02,1.24,1.1809,1,1.23,1.1714,53,1.24,1.1809,4,1.235,1.1761,173,0
SPY190715C299,2019-07-12,2019-07-12 09:32:03,1.24,1.1809,3,1.23,1.1714,46,1.24,1.1809,2,1.235,1.1761,176,3
SPY190715C299,2019-07-12,2019-07-12 09:32:03,1.25,1.1904,10,1.23,1.1714,36,1.24,1.1809,2,1.24,1.1809,176,0
SPY190715C299,2019-07-12,2019-07-12 09:32:04,1.25,1.1904,10,1.23,1.1714,46,1.24,1.1809,2,1.24,1.1809,176,0
SPY190715C299,2019-07-12,2019-07-12 09:32:05,1.25,1.1904,10,1.23,1.1714,46,1.24,1.1809,2,1.24,1.1809,176,0
SPY190715C299,2019-07-12,2019-07-12 09:32:06,1.25,1.1904,3,1.24,1.1809,46,1.24,1.1809,2,1.245,1.1857,176,0
SPY190715C299,2019-07-12,2019-07-12 09:32:07,1.27,1.2095,72,1.25,1.1904,1,1.25,1.1904,2,1.26,1.2,179,3
SPY190715C299,2019-07-12,2019-07-12 09:32:07,1.27,1.2095,72,1.25,1.1904,1,1.25,1.1904,2,1.26,1.2,179,0
SPY190715C299,2019-07-12,2019-07-12 09:32:08,1.27,1.2095,72,1.24,1.1809,36,1.26,1.2,1,1.255,1.1952,187,0
SPY190715C299,2019-07-12,2019-07-12 09:32:08,1.27,1.2095,72,1.25,1.1904,6,1.26,1.2,1,1.26,1.2,187,8
SPY190715C299,2019-07-12,2019-07-12 09:32:09,1.27,1.2095,81,1.24,1.1809,26,1.25,1.1904,10,1.255,1.1952,197,10
SPY190715C299,2019-07-12,2019-07-12 09:32:10,1.28,1.219,107,1.25,1.1904,26,1.25,1.1904,10,1.265,1.2047,197,0
SPY190715C299,2019-07-12,2019-07-12 09:32:10,1.27,1.2095,81,1.24,1.1809,69,1.25,1.1904,10,1.255,1.1952,197,0
SPY190715C299,2019-07-12,2019-07-12 09:32:11,1.27,1.2095,13,1.25,1.1904,36,1.25,1.1904,1,1.26,1.2,198,0
SPY190715C299,2019-07-12,2019-07-12 09:32:11,1.27,1.2095,110,1.25,1.1904,30,1.25,1.1904,1,1.26,1.2,198,1
SPY190715C299,2019-07-12,2019-07-12 09:32:12,1.27,1.2095,100,1.25,1.1904,36,1.25,1.1904,1,1.26,1.2,198,0
SPY190715C299,2019-07-12,2019-07-12 09:32:13,1.27,1.2095,100,1.25,1.1904,36,1.25,1.1904,1,1.26,1.2,198,0
SPY190715C299,2019-07-12,2019-07-12 09:32:14,1.27,1.2095,100,1.25,1.1904,36,1.25,1.1904,1,1.26,1.2,198,0
SPY190715C299,2019-07-12,2019-07-12 09:32:15,1.27,1.2095,100,1.25,1.1904,36,1.25,1.1904,1,1.26,1.2,198,0
SPY190715C299,2019-07-12,2019-07-12 09:32:16,1.27,1.2095,100,1.25,1.1904,30,1.25,1.1904,1,1.26,1.2,198,0
SPY190715C299,2019-07-12,2019-07-12 09:32:17,1.27,1.2095,100,1.25,1.1904,30,1.25,1.1904,1,1.26,1.2,198,0
SPY190715C299,2019-07-12,2019-07-12 09:32:18,1.25,1.1904,10,1.24,1.1809,6,1.25,1.1904,1,1.245,1.1857,199,1
SPY190715C299,2019-07-12,2019-07-12 09:32:19,1.27,1.2095,106,1.24,1.1809,26,1.25,1.1904,1,1.255,1.1952,199,0
SPY190715C299,2019-07-12,2019-07-12 09:32:19,1.28,1.219,76,1.26,1.2,26,1.25,1.1904,1,1.27,1.2095,199,0
SPY190715C299,2019-07-12,2019-07-12 09:32:20,1.29,1.2285,152,1.26,1.2,36,1.25,1.1904,1,1.275,1.2142,199,0
SPY190715C299,2019-07-12,2019-07-12 09:32:20,1.28,1.219,76,1.26,1.2,36,1.25,1.1904,1,1.27,1.2095,199,0
SPY190715C299,2019-07-12,2019-07-12 09:32:21,1.29,1.2285,100,1.26,1.2,36,1.25,1.1904,1,1.275,1.2142,199,0
SPY190715C299,2019-07-12,2019-07-12 09:32:21,1.3,1.238,81,1.28,1.219,20,1.25,1.1904,1,1.29,1.2285,199,0
SPY190715C299,2019-07-12,2019-07-12 09:32:22,1.29,1.2285,10,1.26,1.2,26,1.25,1.1904,1,1.275,1.2142,199,0
SPY190715C299,2019-07-12,2019-07-12 09:32:22,1.3,1.238,81,1.26,1.2,26,1.25,1.1904,1,1.28,1.219,199,0
SPY190715C299,2019-07-12,2019-07-12 09:32:23,1.29,1.2285,110,1.26,1.2,34,1.25,1.1904,1,1.275,1.2142,199,0
SPY190715C299,2019-07-12,2019-07-12 09:32:23,1.29,1.2285,110,1.26,1.2,26,1.25,1.1904,1,1.275,1.2142,199,0
SPY190715C299,2019-07-12,2019-07-12 09:32:24,1.29,1.2285,110,1.26,1.2,30,1.25,1.1904,1,1.275,1.2142,199,0
SPY190715C299,2019-07-12,2019-07-12 09:32:25,1.29,1.2285,110,1.26,1.2,30,1.25,1.1904,1,1.275,1.2142,199,0
SPY190715C299,2019-07-12,2019-07-12 09:32:25,1.28,1.219,6,1.25,1.1904,26,1.25,1.1904,1,1.265,1.2047,199,0
SPY190715C299,2019-07-12,2019-07-12 09:32:26,1.28,1.219,130,1.24,1.1809,176,1.25,1.1904,1,1.26,1.2,199,0
SPY190715C299,2019-07-12,2019-07-12 09:32:26,1.28,1.219,109,1.24,1.1809,176,1.25,1.1904,1,1.26,1.2,199,0
SPY190715C299,2019-07-12,2019-07-12 09:32:27,1.27,1.2095,35,1.24,1.1809,60,1.25,1.1904,1,1.255,1.1952,199,0
SPY190715C299,2019-07-12,2019-07-12 09:32:27,1.27,1.2095,5,1.25,1.1904,30,1.25,1.1904,1,1.26,1.2,199,0
SPY190715C299,2019-07-12,2019-07-12 09:32:28,1.27,1.2095,100,1.24,1.1809,103,1.25,1.1904,1,1.255,1.1952,199,0
SPY190715C299,2019-07-12,2019-07-12 09:32:28,1.27,1.2095,100,1.24,1.1809,92,1.25,1.1904,1,1.255,1.1952,199,0
SPY190715C299,2019-07-12,2019-07-12 09:32:29,1.27,1.2095,100,1.24,1.1809,92,1.25,1.1904,1,1.255,1.1952,199,0
SPY190715C299,2019-07-12,2019-07-12 09:32:29,1.27,1.2095,100,1.24,1.1809,113,1.25,1.1904,1,1.255,1.1952,199,0
SPY190715C299,2019-07-12,2019-07-12 09:32:30,1.27,1.2095,100,1.24,1.1809,113,1.25,1.1904,1,1.255,1.1952,199,0
SPY190715C299,2019-07-12,2019-07-12 09:32:31,1.27,1.2095,66,1.24,1.1809,100,1.25,1.1904,1,1.255,1.1952,199,0
SPY190715C299,2019-07-12,2019-07-12 09:32:31,1.27,1.2095,110,1.24,1.1809,140,1.25,1.1904,1,1.255,1.1952,199,0
SPY190715C299,2019-07-12,2019-07-12 09:32:32,1.29,1.2285,99,1.26,1.2,36,1.25,1.1904,1,1.275,1.2142,199,0
SPY190715C299,2019-07-12,2019-07-12 09:32:32,1.29,1.2285,99,1.26,1.2,35,1.25,1.1904,1,1.275,1.2142,199,0
SPY190715C299,2019-07-12,2019-07-12 09:32:33,1.28,1.219,110,1.24,1.1809,104,1.25,1.1904,1,1.26,1.2,199,0
SPY190715C299,2019-07-12,2019-07-12 09:32:33,1.28,1.219,5,1.25,1.1904,6,1.25,1.1904,1,1.265,1.2047,199,0
SPY190715C299,2019-07-12,2019-07-12 09:32:34,1.28,1.219,110,1.24,1.1809,30,1.25,1.1904,1,1.26,1.2,199,0
SPY190715C299,2019-07-12,2019-07-12 09:32:34,1.27,1.2095,100,1.24,1.1809,36,1.25,1.1904,1,1.255,1.1952,199,0
SPY190715C299,2019-07-12,2019-07-12 09:32:35,1.27,1.2095,100,1.24,1.1809,36,1.25,1.1904,1,1.255,1.1952,199,0
SPY190715C299,2019-07-12,2019-07-12 09:32:36,1.27,1.2095,100,1.24,1.1809,67,1.25,1.1904,1,1.255,1.1952,199,0
SPY190715C299,2019-07-12,2019-07-12 09:32:37,1.27,1.2095,100,1.24,1.1809,26,1.25,1.1904,1,1.255,1.1952,199,0
SPY190715C299,2019-07-12,2019-07-12 09:32:37,1.27,1.2095,100,1.24,1.1809,37,1.25,1.1904,1,1.255,1.1952,199,0
SPY190715C299,2019-07-12,2019-07-12 09:32:38,1.26,1.2,1,1.24,1.1809,26,1.25,1.1904,1,1.25,1.1904,199,0
SPY190715C299,2019-07-12,2019-07-12 09:32:38,1.26,1.2,1,1.24,1.1809,37,1.25,1.1904,1,1.25,1.1904,199,0
SPY190715C299,2019-07-12,2019-07-12 09:32:39,1.26,1.2,1,1.24,1.1809,37,1.25,1.1904,1,1.25,1.1904,199,0
SPY190715C299,2019-07-12,2019-07-12 09:32:40,1.26,1.2,1,1.24,1.1809,36,1.25,1.1904,1,1.25,1.1904,199,0
SPY190715C299,2019-07-12,2019-07-12 09:32:41,1.26,1.2,6,1.24,1.1809,20,1.25,1.1904,1,1.25,1.1904,199,0
SPY190715C299,2019-07-12,2019-07-12 09:32:41,1.26,1.2,110,1.24,1.1809,20,1.25,1.1904,1,1.25,1.1904,199,0
SPY190715C299,2019-07-12,2019-07-12 09:32:42,1.26,1.2,99,1.23,1.1714,36,1.25,1.1904,1,1.245,1.1857,199,0
SPY190715C299,2019-07-12,2019-07-12 09:32:42,1.26,1.2,110,1.23,1.1714,26,1.25,1.1904,1,1.245,1.1857,199,0
SPY190715C299,2019-07-12,2019-07-12 09:32:43,1.26,1.2,99,1.23,1.1714,36,1.25,1.1904,1,1.245,1.1857,199,0
SPY190715C299,2019-07-12,2019-07-12 09:32:44,1.26,1.2,99,1.23,1.1714,36,1.25,1.1904,1,1.245,1.1857,199,0
SPY190715C299,2019-07-12,2019-07-12 09:32:44,1.26,1.2,111,1.23,1.1714,36,1.25,1.1904,1,1.245,1.1857,199,0
SPY190715C299,2019-07-12,2019-07-12 09:32:45,1.26,1.2,111,1.23,1.1714,40,1.25,1.1904,1,1.245,1.1857,199,0
SPY190715C299,2019-07-12,2019-07-12 09:32:46,1.26,1.2,76,1.24,1.1809,36,1.25,1.1904,1,1.25,1.1904,199,0
SPY190715C299,2019-07-12,2019-07-12 09:32:46,1.26,1.2,111,1.24,1.1809,36,1.25,1.1904,1,1.25,1.1904,199,0
SPY190715C299,2019-07-12,2019-07-12 09:32:47,1.26,1.2,67,1.23,1.1714,46,1.25,1.1904,1,1.245,1.1857,199,0
SPY190715C299,2019-07-12,2019-07-12 09:32:47,1.26,1.2,68,1.24,1.1809,36,1.25,1.1904,1,1.25,1.1904,199,0
SPY190715C299,2019-07-12,2019-07-12 09:32:48,1.26,1.2,1,1.24,1.1809,120,1.24,1.1809,1,1.25,1.1904,200,0
SPY190715C299,2019-07-12,2019-07-12 09:32:48,1.26,1.2,1,1.24,1.1809,132,1.24,1.1809,1,1.25,1.1904,200,1
SPY190715C299,2019-07-12,2019-07-12 09:32:49,1.26,1.2,1,1.24,1.1809,117,1.24,1.1809,1,1.25,1.1904,201,0
SPY190715C299,2019-07-12,2019-07-12 09:32:49,1.26,1.2,1,1.24,1.1809,230,1.24,1.1809,1,1.25,1.1904,201,1
SPY190715C299,2019-07-12,2019-07-12 09:32:50,1.26,1.2,52,1.24,1.1809,117,1.24,1.1809,1,1.25,1.1904,201,0
SPY190715C299,2019-07-12,2019-07-12 09:32:51,1.26,1.2,106,1.23,1.1714,206,1.24,1.1809,1,1.245,1.1857,201,0
SPY190715C299,2019-07-12,2019-07-12 09:32:51,1.26,1.2,112,1.23,1.1714,73,1.24,1.1809,1,1.245,1.1857,201,0
SPY190715C299,2019-07-12,2019-07-12 09:32:52,1.26,1.2,46,1.23,1.1714,101,1.24,1.1809,1,1.245,1.1857,201,0
SPY190715C299,2019-07-12,2019-07-12 09:32:52,1.26,1.2,85,1.23,1.1714,101,1.24,1.1809,1,1.245,1.1857,201,0
SPY190715C299,2019-07-12,2019-07-12 09:32:53,1.26,1.2,101,1.23,1.1714,101,1.24,1.1809,1,1.245,1.1857,201,0
SPY190715C299,2019-07-12,2019-07-12 09:32:53,1.26,1.2,95,1.23,1.1714,101,1.24,1.1809,1,1.245,1.1857,201,0
SPY190715C299,2019-07-12,2019-07-12 09:32:54,1.26,1.2,63,1.23,1.1714,101,1.24,1.1809,1,1.245,1.1857,201,0
SPY190715C299,2019-07-12,2019-07-12 09:32:54,1.26,1.2,46,1.23,1.1714,101,1.24,1.1809,1,1.245,1.1857,201,0
SPY190715C299,2019-07-12,2019-07-12 09:32:55,1.26,1.2,98,1.23,1.1714,101,1.24,1.1809,1,1.245,1.1857,201,0
SPY190715C299,2019-07-12,2019-07-12 09:32:55,1.26,1.2,46,1.23,1.1714,101,1.24,1.1809,1,1.245,1.1857,201,0
SPY190715C299,2019-07-12,2019-07-12 09:32:56,1.26,1.2,108,1.23,1.1714,101,1.24,1.1809,1,1.245,1.1857,201,0
SPY190715C299,2019-07-12,2019-07-12 09:32:57,1.26,1.2,78,1.23,1.1714,101,1.24,1.1809,1,1.245,1.1857,201,0
SPY190715C299,2019-07-12,2019-07-12 09:32:57,1.26,1.2,92,1.23,1.1714,101,1.24,1.1809,1,1.245,1.1857,201,0
SPY190715C299,2019-07-12,2019-07-12 09:32:58,1.26,1.2,36,1.24,1.1809,180,1.26,1.2,10,1.25,1.1904,212,11
SPY190715C299,2019-07-12,2019-07-12 09:32:58,1.26,1.2,36,1.25,1.1904,26,1.26,1.2,10,1.255,1.1952,212,0
SPY190715C299,2019-07-12,2019-07-12 09:32:59,1.26,1.2,36,1.24,1.1809,26,1.26,1.2,10,1.25,1.1904,212,0
SPY190715C299,2019-07-12,2019-07-12 09:33:00,1.26,1.2,36,1.24,1.1809,165,1.26,1.2,10,1.25,1.1904,212,0
SPY190715C299,2019-07-12,2019-07-12 09:33:01,1.26,1.2,36,1.24,1.1809,6,1.26,1.2,10,1.25,1.1904,212,0
SPY190715C299,2019-07-12,2019-07-12 09:33:01,1.26,1.2,72,1.23,1.1714,199,1.25,1.1904,2,1.245,1.1857,214,2
SPY190715C299,2019-07-12,2019-07-12 09:33:02,1.26,1.2,72,1.23,1.1714,199,1.25,1.1904,2,1.245,1.1857,214,0
SPY190715C299,2019-07-12,2019-07-12 09:33:02,1.26,1.2,72,1.24,1.1809,28,1.25,1.1904,2,1.25,1.1904,214,0
SPY190715C299,2019-07-12,2019-07-12 09:33:03,1.26,1.2,36,1.25,1.1904,20,1.25,1.1904,4,1.255,1.1952,218,4
SPY190715C299,2019-07-12,2019-07-12 09:33:04,1.26,1.2,36,1.25,1.1904,30,1.25,1.1904,4,1.255,1.1952,218,0
SPY190715C299,2019-07-12,2019-07-12 09:33:04,1.26,1.2,36,1.25,1.1904,36,1.25,1.1904,4,1.255,1.1952,218,0
SPY190715C299,2019-07-12,2019-07-12 09:33:05,1.26,1.2,36,1.25,1.1904,36,1.25,1.1904,4,1.255,1.1952,218,0
SPY190715C299,2019-07-12,2019-07-12 09:33:06,1.26,1.2,36,1.25,1.1904,36,1.25,1.1904,4,1.255,1.1952,218,0
SPY190715C299,2019-07-12,2019-07-12 09:33:07,1.26,1.2,36,1.25,1.1904,36,1.25,1.1904,4,1.255,1.1952,218,0
SPY190715C299,2019-07-12,2019-07-12 09:33:08,1.26,1.2,36,1.25,1.1904,56,1.25,1.1904,4,1.255,1.1952,218,0
SPY190715C299,2019-07-12,2019-07-12 09:33:08,1.26,1.2,36,1.25,1.1904,36,1.25,1.1904,4,1.255,1.1952,218,0
SPY190715C299,2019-07-12,2019-07-12 09:33:09,1.26,1.2,36,1.24,1.1809,16,1.25,1.1904,4,1.25,1.1904,218,0
SPY190715C299,2019-07-12,2019-07-12 09:33:09,1.26,1.2,42,1.24,1.1809,26,1.25,1.1904,4,1.25,1.1904,218,0
SPY190715C299,2019-07-12,2019-07-12 09:33:10,1.26,1.2,42,1.24,1.1809,36,1.25,1.1904,4,1.25,1.1904,218,0
SPY190715C299,2019-07-12,2019-07-12 09:33:10,1.26,1.2,36,1.24,1.1809,36,1.25,1.1904,4,1.25,1.1904,218,0
SPY190715C299,2019-07-12,2019-07-12 09:33:11,1.26,1.2,76,1.24,1.1809,30,1.25,1.1904,4,1.25,1.1904,218,0
SPY190715C299,2019-07-12,2019-07-12 09:33:11,1.26,1.2,92,1.24,1.1809,36,1.25,1.1904,4,1.25,1.1904,218,0
SPY190715C299,2019-07-12,2019-07-12 09:33:12,1.26,1.2,82,1.24,1.1809,30,1.25,1.1904,4,1.25,1.1904,218,0
SPY190715C299,2019-07-12,2019-07-12 09:33:13,1.26,1.2,36,1.24,1.1809,36,1.25,1.1904,1,1.25,1.1904,219,1
SPY190715C299,2019-07-12,2019-07-12 09:33:13,1.26,1.2,36,1.24,1.1809,36,1.25,1.1904,1,1.25,1.1904,219,0
SPY190715C299,2019-07-12,2019-07-12 09:33:14,1.26,1.2,36,1.24,1.1809,37,1.25,1.1904,1,1.25,1.1904,219,0
SPY190715C299,2019-07-12,2019-07-12 09:33:14,1.26,1.2,36,1.24,1.1809,36,1.25,1.1904,1,1.25,1.1904,219,0
SPY190715C299,2019-07-12,2019-07-12 09:33:15,1.26,1.2,36,1.24,1.1809,37,1.25,1.1904,1,1.25,1.1904,219,0
SPY190715C299,2019-07-12,2019-07-12 09:33:15,1.26,1.2,36,1.24,1.1809,36,1.25,1.1904,9,1.25,1.1904,228,9
SPY190715C299,2019-07-12,2019-07-12 09:33:16,1.26,1.2,36,1.24,1.1809,30,1.25,1.1904,9,1.25,1.1904,228,0
SPY190715C299,2019-07-12,2019-07-12 09:33:17,1.26,1.2,36,1.24,1.1809,30,1.25,1.1904,9,1.25,1.1904,228,0
SPY190715C299,2019-07-12,2019-07-12 09:33:18,1.26,1.2,90,1.24,1.1809,30,1.25,1.1904,9,1.25,1.1904,228,0
SPY190715C299,2019-07-12,2019-07-12 09:33:18,1.26,1.2,36,1.24,1.1809,30,1.25,1.1904,9,1.25,1.1904,228,0
SPY190715C299,2019-07-12,2019-07-12 09:33:19,1.26,1.2,42,1.24,1.1809,30,1.25,1.1904,9,1.25,1.1904,228,0
SPY190715C299,2019-07-12,2019-07-12 09:33:19,1.26,1.2,36,1.24,1.1809,30,1.25,1.1904,9,1.25,1.1904,228,0
SPY190715C299,2019-07-12,2019-07-12 09:33:20,1.25,1.1904,5,1.22,1.1619,26,1.25,1.1904,9,1.235,1.1761,228,0
SPY190715C299,2019-07-12,2019-07-12 09:33:20,1.26,1.2,52,1.24,1.1809,36,1.25,1.1904,9,1.25,1.1904,228,0
SPY190715C299,2019-07-12,2019-07-12 09:33:21,1.25,1.1904,6,1.22,1.1619,26,1.25,1.1904,9,1.235,1.1761,228,0
SPY190715C299,2019-07-12,2019-07-12 09:33:21,1.25,1.1904,102,1.22,1.1619,26,1.25,1.1904,9,1.235,1.1761,228,0
SPY190715C299,2019-07-12,2019-07-12 09:33:22,1.25,1.1904,102,1.22,1.1619,36,1.25,1.1904,9,1.235,1.1761,228,0
SPY190715C299,2019-07-12,2019-07-12 09:33:23,1.24,1.1809,5,1.22,1.1619,36,1.25,1.1904,9,1.23,1.1714,228,0
SPY190715C299,2019-07-12,2019-07-12 09:33:24,1.24,1.1809,100,1.21,1.1523,100,1.25,1.1904,9,1.225,1.1666,228,0
SPY190715C299,2019-07-12,2019-07-12 09:33:24,1.24,1.1809,110,1.21,1.1523,191,1.25,1.1904,9,1.225,1.1666,228,0
SPY190715C299,2019-07-12,2019-07-12 09:33:25,1.24,1.1809,111,1.21,1.1523,24,1.23,1.1714,2,1.225,1.1666,230,2
SPY190715C299,2019-07-12,2019-07-12 09:33:25,1.24,1.1809,181,1.21,1.1523,24,1.25,1.1904,9,1.225,1.1666,228,0
SPY190715C299,2019-07-12,2019-07-12 09:33:26,1.24,1.1809,111,1.21,1.1523,24,1.23,1.1714,2,1.225,1.1666,230,0
SPY190715C299,2019-07-12,2019-07-12 09:33:26,1.24,1.1809,211,1.21,1.1523,24,1.23,1.1714,2,1.225,1.1666,230,0
SPY190715C299,2019-07-12,2019-07-12 09:33:27,1.24,1.1809,111,1.21,1.1523,30,1.23,1.1714,2,1.225,1.1666,230,0
SPY190715C299,2019-07-12,2019-07-12 09:33:28,1.24,1.1809,10,1.22,1.1619,46,1.23,1.1714,2,1.23,1.1714,230,0
SPY190715C299,2019-07-12,2019-07-12 09:33:28,1.24,1.1809,1,1.22,1.1619,36,1.23,1.1714,2,1.23,1.1714,230,0
SPY190715C299,2019-07-12,2019-07-12 09:33:29,1.24,1.1809,20,1.23,1.1714,30,1.23,1.1714,2,1.235,1.1761,230,0
SPY190715C299,2019-07-12,2019-07-12 09:33:29,1.24,1.1809,10,1.23,1.1714,20,1.23,1.1714,2,1.235,1.1761,230,0
SPY190715C299,2019-07-12,2019-07-12 09:33:30,1.24,1.1809,20,1.23,1.1714,20,1.23,1.1714,2,1.235,1.1761,230,0
SPY190715C299,2019-07-12,2019-07-12 09:33:31,1.24,1.1809,20,1.24,1.1809,1,1.24,1.1809,20,1.24,1.1809,260,30
SPY190715C299,2019-07-12,2019-07-12 09:33:31,1.24,1.1809,20,1.23,1.1714,67,1.23,1.1714,2,1.235,1.1761,230,0
SPY190715C299,2019-07-12,2019-07-12 09:33:32,1.26,1.2,69,1.24,1.1809,26,1.24,1.1809,20,1.25,1.1904,260,0
SPY190715C299,2019-07-12,2019-07-12 09:33:33,1.26,1.2,69,1.24,1.1809,36,1.24,1.1809,20,1.25,1.1904,260,0
SPY190715C299,2019-07-12,2019-07-12 09:33:33,1.26,1.2,46,1.24,1.1809,36,1.24,1.1809,20,1.25,1.1904,260,0
SPY190715C299,2019-07-12,2019-07-12 09:33:34,1.26,1.2,42,1.25,1.1904,1,1.25,1.1904,50,1.255,1.1952,310,50
SPY190715C299,2019-07-12,2019-07-12 09:33:34,1.26,1.2,42,1.24,1.1809,26,1.25,1.1904,50,1.25,1.1904,310,0
SPY190715C299,2019-07-12,2019-07-12 09:33:35,1.26,1.2,87,1.24,1.1809,26,1.25,1.1904,50,1.25,1.1904,310,0
SPY190715C299,2019-07-12,2019-07-12 09:33:36,1.26,1.2,77,1.22,1.1619,100,1.25,1.1904,50,1.24,1.1809,310,0
SPY190715C299,2019-07-12,2019-07-12 09:33:36,1.26,1.2,77,1.24,1.1809,26,1.25,1.1904,50,1.25,1.1904,310,0
SPY190715C299,2019-07-12,2019-07-12 09:33:37,1.26,1.2,102,1.23,1.1714,30,1.25,1.1904,50,1.245,1.1857,310,0
SPY190715C299,2019-07-12,2019-07-12 09:33:38,1.25,1.1904,1,1.24,1.1809,26,1.25,1.1904,1,1.245,1.1857,311,1
SPY190715C299,2019-07-12,2019-07-12 09:33:38,1.26,1.2,110,1.24,1.1809,20,1.25,1.1904,50,1.25,1.1904,310,0
SPY190715C299,2019-07-12,2019-07-12 09:33:39,1.25,1.1904,5,1.23,1.1714,7,1.24,1.1809,1,1.24,1.1809,312,1
SPY190715C299,2019-07-12,2019-07-12 09:33:39,1.25,1.1904,5,1.23,1.1714,6,1.25,1.1904,1,1.24,1.1809,311,0
SPY190715C299,2019-07-12,2019-07-12 09:33:40,1.25,1.1904,5,1.23,1.1714,9,1.24,1.1809,1,1.24,1.1809,312,0
SPY190715C299,2019-07-12,2019-07-12 09:33:41,1.25,1.1904,1,1.23,1.1714,22,1.24,1.1809,1,1.24,1.1809,312,0
SPY190715C299,2019-07-12,2019-07-12 09:33:42,1.25,1.1904,101,1.23,1.1714,6,1.24,1.1809,1,1.24,1.1809,312,0
SPY190715C299,2019-07-12,2019-07-12 09:33:43,1.25,1.1904,101,1.23,1.1714,6,1.24,1.1809,1,1.24,1.1809,312,0
SPY190715C299,2019-07-12,2019-07-12 09:33:44,1.25,1.1904,100,1.23,1.1714,20,1.24,1.1809,1,1.24,1.1809,312,0
SPY190715C299,2019-07-12,2019-07-12 09:33:44,1.25,1.1904,101,1.22,1.1619,171,1.24,1.1809,1,1.235,1.1761,312,0
SPY190715C299,2019-07-12,2019-07-12 09:33:45,1.25,1.1904,76,1.23,1.1714,10,1.24,1.1809,1,1.24,1.1809,312,0
SPY190715C299,2019-07-12,2019-07-12 09:33:45,1.25,1.1904,55,1.23,1.1714,36,1.24,1.1809,1,1.24,1.1809,312,0
SPY190715C299,2019-07-12,2019-07-12 09:33:46,1.25,1.1904,55,1.23,1.1714,29,1.24,1.1809,1,1.24,1.1809,312,0
SPY190715C299,2019-07-12,2019-07-12 09:33:46,1.26,1.2,139,1.23,1.1714,21,1.24,1.1809,1,1.245,1.1857,312,0
SPY190715C299,2019-07-12,2019-07-12 09:33:47,1.25,1.1904,16,1.23,1.1714,7,1.24,1.1809,1,1.24,1.1809,312,0
SPY190715C299,2019-07-12,2019-07-12 09:33:48,1.25,1.1904,16,1.23,1.1714,6,1.24,1.1809,1,1.24,1.1809,312,0
SPY190715C299,2019-07-12,2019-07-12 09:33:49,1.25,1.1904,110,1.22,1.1619,91,1.24,1.1809,1,1.235,1.1761,312,0
SPY190715C299,2019-07-12,2019-07-12 09:33:49,1.25,1.1904,16,1.23,1.1714,15,1.24,1.1809,1,1.24,1.1809,312,0
SPY190715C299,2019-07-12,2019-07-12 09:33:50,1.26,1.2,92,1.22,1.1619,91,1.24,1.1809,1,1.24,1.1809,312,0
SPY190715C299,2019-07-12,2019-07-12 09:33:50,1.26,1.2,36,1.24,1.1809,26,1.24,1.1809,1,1.25,1.1904,312,0
SPY190715C299,2019-07-12,2019-07-12 09:33:51,1.26,1.2,36,1.24,1.1809,36,1.24,1.1809,1,1.25,1.1904,312,0
SPY190715C299,2019-07-12,2019-07-12 09:33:51,1.26,1.2,118,1.23,1.1714,26,1.24,1.1809,1,1.245,1.1857,312,0
SPY190715C299,2019-07-12,2019-07-12 09:33:52,1.26,1.2,62,1.23,1.1714,181,1.24,1.1809,1,1.245,1.1857,312,0
SPY190715C299,2019-07-12,2019-07-12 09:33:52,1.26,1.2,42,1.24,1.1809,35,1.24,1.1809,1,1.25,1.1904,312,0
SPY190715C299,2019-07-12,2019-07-12 09:33:53,1.26,1.2,36,1.24,1.1809,35,1.24,1.1809,1,1.25,1.1904,312,0
SPY190715C299,2019-07-12,2019-07-12 09:33:53,1.26,1.2,42,1.24,1.1809,35,1.24,1.1809,1,1.25,1.1904,312,0
SPY190715C299,2019-07-12,2019-07-12 09:33:54,1.26,1.2,76,1.24,1.1809,36,1.24,1.1809,1,1.25,1.1904,312,0
SPY190715C299,2019-07-12,2019-07-12 09:33:55,1.26,1.2,76,1.24,1.1809,36,1.24,1.1809,1,1.25,1.1904,312,0
SPY190715C299,2019-07-12,2019-07-12 09:33:56,1.26,1.2,36,1.25,1.1904,26,1.24,1.1809,1,1.255,1.1952,312,0
SPY190715C299,2019-07-12,2019-07-12 09:33:56,1.26,1.2,36,1.24,1.1809,36,1.24,1.1809,1,1.25,1.1904,312,0
SPY190715C299,2019-07-12,2019-07-12 09:33:57,1.26,1.2,36,1.24,1.1809,57,1.24,1.1809,1,1.25,1.1904,312,0
SPY190715C299,2019-07-12,2019-07-12 09:33:57,1.26,1.2,36,1.25,1.1904,26,1.24,1.1809,1,1.255,1.1952,312,0
SPY190715C299,2019-07-12,2019-07-12 09:33:58,1.26,1.2,36,1.25,1.1904,15,1.24,1.1809,1,1.255,1.1952,312,0
SPY190715C299,2019-07-12,2019-07-12 09:33:59,1.26,1.2,36,1.24,1.1809,57,1.24,1.1809,1,1.25,1.1904,312,0
SPY190715C299,2019-07-12,2019-07-12 09:33:59,1.26,1.2,36,1.24,1.1809,83,1.24,1.1809,1,1.25,1.1904,312,0
SPY190715C299,2019-07-12,2019-07-12 09:34:00,1.26,1.2,36,1.24,1.1809,66,1.24,1.1809,1,1.25,1.1904,312,0
SPY190715C299,2019-07-12,2019-07-12 09:34:01,1.26,1.2,46,1.24,1.1809,28,1.24,1.1809,1,1.25,1.1904,312,0
SPY190715C299,2019-07-12,2019-07-12 09:34:02,1.26,1.2,36,1.24,1.1809,28,1.24,1.1809,1,1.25,1.1904,312,0
SPY190715C299,2019-07-12,2019-07-12 09:34:03,1.26,1.2,36,1.24,1.1809,28,1.24,1.1809,1,1.25,1.1904,312,0
SPY190715C299,2019-07-12,2019-07-12 09:34:03,1.26,1.2,36,1.24,1.1809,36,1.24,1.1809,1,1.25,1.1904,312,0
SPY190715C299,2019-07-12,2019-07-12 09:34:04,1.26,1.2,36,1.25,1.1904,1,1.25,1.1904,3,1.255,1.1952,315,3
SPY190715C299,2019-07-12,2019-07-12 09:34:04,1.26,1.2,36,1.24,1.1809,81,1.25,1.1904,3,1.25,1.1904,315,0
SPY190715C299,2019-07-12,2019-07-12 09:34:05,1.26,1.2,36,1.24,1.1809,36,1.25,1.1904,3,1.25,1.1904,315,0
SPY190715C299,2019-07-12,2019-07-12 09:34:05,1.26,1.2,42,1.24,1.1809,36,1.25,1.1904,3,1.25,1.1904,315,0
SPY190715C299,2019-07-12,2019-07-12 09:34:06,1.26,1.2,36,1.24,1.1809,37,1.25,1.1904,3,1.25,1.1904,315,0
SPY190715C299,2019-07-12,2019-07-12 09:34:07,1.26,1.2,42,1.24,1.1809,46,1.25,1.1904,3,1.25,1.1904,315,0
SPY190715C299,2019-07-12,2019-07-12 09:34:08,1.26,1.2,42,1.24,1.1809,46,1.25,1.1904,3,1.25,1.1904,315,0
SPY190715C299,2019-07-12,2019-07-12 09:34:08,1.26,1.2,42,1.25,1.1904,1,1.25,1.1904,1,1.255,1.1952,316,1
SPY190715C299,2019-07-12,2019-07-12 09:34:09,1.26,1.2,84,1.24,1.1809,26,1.25,1.1904,1,1.25,1.1904,316,0
SPY190715C299,2019-07-12,2019-07-12 09:34:09,1.26,1.2,118,1.22,1.1619,189,1.25,1.1904,1,1.24,1.1809,316,0
SPY190715C299,2019-07-12,2019-07-12 09:34:10,1.26,1.2,162,1.22,1.1619,146,1.25,1.1904,1,1.24,1.1809,316,0
SPY190715C299,2019-07-12,2019-07-12 09:34:10,1.26,1.2,152,1.22,1.1619,189,1.25,1.1904,1,1.24,1.1809,316,0
SPY190715C299,2019-07-12,2019-07-12 09:34:11,1.26,1.2,152,1.22,1.1619,212,1.25,1.1904,1,1.24,1.1809,316,0
SPY190715C299,2019-07-12,2019-07-12 09:34:12,1.26,1.2,162,1.22,1.1619,99,1.25,1.1904,1,1.24,1.1809,316,0
SPY190715C299,2019-07-12,2019-07-12 09:34:12,1.26,1.2,152,1.22,1.1619,99,1.25,1.1904,1,1.24,1.1809,316,0
SPY190715C299,2019-07-12,2019-07-12 09:34:13,1.24,1.1809,26,1.2,1.1428,201,1.25,1.1904,1,1.22,1.1619,316,0
SPY190715C299,2019-07-12,2019-07-12 09:34:13,1.26,1.2,152,1.22,1.1619,30,1.25,1.1904,1,1.24,1.1809,316,0
SPY190715C299,2019-07-12,2019-07-12 09:34:14,1.24,1.1809,124,1.21,1.1523,36,1.25,1.1904,1,1.225,1.1666,316,0
SPY190715C299,2019-07-12,2019-07-12 09:34:15,1.24,1.1809,124,1.21,1.1523,36,1.25,1.1904,1,1.225,1.1666,316,0
SPY190715C299,2019-07-12,2019-07-12 09:34:16,1.23,1.1714,13,1.21,1.1523,36,1.25,1.1904,1,1.22,1.1619,316,0
SPY190715C299,2019-07-12,2019-07-12 09:34:16,1.23,1.1714,10,1.21,1.1523,30,1.25,1.1904,1,1.22,1.1619,316,0
SPY190715C299,2019-07-12,2019-07-12 09:34:17,1.23,1.1714,8,1.22,1.1619,62,1.25,1.1904,1,1.225,1.1666,316,0
SPY190715C299,2019-07-12,2019-07-12 09:34:17,1.23,1.1714,8,1.21,1.1523,30,1.25,1.1904,1,1.22,1.1619,316,0
SPY190715C299,2019-07-12,2019-07-12 09:34:18,1.23,1.1714,8,1.22,1.1619,20,1.25,1.1904,1,1.225,1.1666,316,0
SPY190715C299,2019-07-12,2019-07-12 09:34:18,1.23,1.1714,8,1.22,1.1619,56,1.25,1.1904,1,1.225,1.1666,316,0
SPY190715C299,2019-07-12,2019-07-12 09:34:19,1.23,1.1714,8,1.22,1.1619,20,1.25,1.1904,1,1.225,1.1666,316,0
SPY190715C299,2019-07-12,2019-07-12 09:34:19,1.23,1.1714,8,1.21,1.1523,26,1.25,1.1904,1,1.22,1.1619,316,0
SPY190715C299,2019-07-12,2019-07-12 09:34:20,1.23,1.1714,8,1.21,1.1523,24,1.25,1.1904,1,1.22,1.1619,316,0
SPY190715C299,2019-07-12,2019-07-12 09:34:21,1.23,1.1714,8,1.21,1.1523,67,1.25,1.1904,1,1.22,1.1619,316,0
SPY190715C299,2019-07-12,2019-07-12 09:34:21,1.23,1.1714,56,1.21,1.1523,36,1.25,1.1904,1,1.22,1.1619,316,0
SPY190715C299,2019-07-12,2019-07-12 09:34:22,1.23,1.1714,8,1.21,1.1523,36,1.25,1.1904,1,1.22,1.1619,316,0
SPY190715C299,2019-07-12,2019-07-12 09:34:22,1.23,1.1714,49,1.21,1.1523,8,1.25,1.1904,1,1.22,1.1619,316,0
SPY190715C299,2019-07-12,2019-07-12 09:34:23,1.23,1.1714,48,1.21,1.1523,38,1.25,1.1904,1,1.22,1.1619,316,0
SPY190715C299,2019-07-12,2019-07-12 09:34:24,1.23,1.1714,27,1.21,1.1523,46,1.25,1.1904,1,1.22,1.1619,316,0
SPY190715C299,2019-07-12,2019-07-12 09:34:24,1.23,1.1714,55,1.21,1.1523,46,1.25,1.1904,1,1.22,1.1619,316,0
SPY190715C299,2019-07-12,2019-07-12 09:34:25,1.23,1.1714,38,1.21,1.1523,40,1.25,1.1904,1,1.22,1.1619,316,0
SPY190715C299,2019-07-12,2019-07-12 09:34:26,1.23,1.1714,38,1.21,1.1523,46,1.25,1.1904,1,1.22,1.1619,316,0
SPY190715C299,2019-07-12,2019-07-12 09:34:27,1.23,1.1714,38,1.21,1.1523,46,1.25,1.1904,1,1.22,1.1619,316,0
SPY190715C299,2019-07-12,2019-07-12 09:34:27,1.23,1.1714,82,1.21,1.1523,40,1.25,1.1904,1,1.22,1.1619,316,0
SPY190715C299,2019-07-12,2019-07-12 09:34:28,1.23,1.1714,82,1.21,1.1523,40,1.25,1.1904,1,1.22,1.1619,316,0
SPY190715C299,2019-07-12,2019-07-12 09:34:28,1.23,1.1714,82,1.21,1.1523,46,1.25,1.1904,1,1.22,1.1619,316,0
SPY190715C299,2019-07-12,2019-07-12 09:34:29,1.23,1.1714,72,1.21,1.1523,40,1.25,1.1904,1,1.22,1.1619,316,0
SPY190715C299,2019-07-12,2019-07-12 09:34:30,1.23,1.1714,72,1.21,1.1523,40,1.25,1.1904,1,1.22,1.1619,316,0
SPY190715C299,2019-07-12,2019-07-12 09:34:31,1.23,1.1714,82,1.21,1.1523,46,1.25,1.1904,1,1.22,1.1619,316,0
SPY190715C299,2019-07-12,2019-07-12 09:34:31,1.23,1.1714,82,1.21,1.1523,40,1.25,1.1904,1,1.22,1.1619,316,0
SPY190715C299,2019-07-12,2019-07-12 09:34:32,1.23,1.1714,82,1.21,1.1523,40,1.25,1.1904,1,1.22,1.1619,316,0
SPY190715C299,2019-07-12,2019-07-12 09:34:32,1.22,1.1619,1,1.21,1.1523,40,1.25,1.1904,1,1.215,1.1571,316,0
SPY190715C299,2019-07-12,2019-07-12 09:34:33,1.22,1.1619,1,1.21,1.1523,40,1.25,1.1904,1,1.215,1.1571,316,0
SPY190715C299,2019-07-12,2019-07-12 09:34:34,1.22,1.1619,1,1.21,1.1523,40,1.25,1.1904,1,1.215,1.1571,316,0
SPY190715C299,2019-07-12,2019-07-12 09:34:34,1.25,1.1904,111,1.21,1.1523,40,1.22,1.1619,17,1.23,1.1714,342,26
SPY190715C299,2019-07-12,2019-07-12 09:34:35,1.25,1.1904,151,1.21,1.1523,117,1.22,1.1619,1,1.23,1.1714,343,1
SPY190715C299,2019-07-12,2019-07-12 09:34:36,1.25,1.1904,151,1.22,1.1619,30,1.22,1.1619,1,1.235,1.1761,343,0
SPY190715C299,2019-07-12,2019-07-12 09:34:36,1.25,1.1904,172,1.22,1.1619,30,1.22,1.1619,1,1.235,1.1761,343,0
SPY190715C299,2019-07-12,2019-07-12 09:34:37,1.24,1.1809,26,1.21,1.1523,30,1.22,1.1619,1,1.225,1.1666,343,0
SPY190715C299,2019-07-12,2019-07-12 09:34:38,1.24,1.1809,26,1.21,1.1523,64,1.22,1.1619,1,1.225,1.1666,343,0
SPY190715C299,2019-07-12,2019-07-12 09:34:38,1.24,1.1809,26,1.21,1.1523,76,1.22,1.1619,1,1.225,1.1666,343,0
SPY190715C299,2019-07-12,2019-07-12 09:34:39,1.24,1.1809,110,1.21,1.1523,75,1.22,1.1619,1,1.225,1.1666,343,0
SPY190715C299,2019-07-12,2019-07-12 09:34:40,1.24,1.1809,53,1.21,1.1523,87,1.22,1.1619,1,1.225,1.1666,343,0
SPY190715C299,2019-07-12,2019-07-12 09:34:40,1.24,1.1809,110,1.21,1.1523,75,1.22,1.1619,1,1.225,1.1666,343,0
SPY190715C299,2019-07-12,2019-07-12 09:34:41,1.24,1.1809,121,1.21,1.1523,43,1.22,1.1619,1,1.225,1.1666,343,0
SPY190715C299,2019-07-12,2019-07-12 09:34:42,1.24,1.1809,121,1.21,1.1523,49,1.22,1.1619,1,1.225,1.1666,343,0
SPY190715C299,2019-07-12,2019-07-12 09:34:43,1.24,1.1809,170,1.21,1.1523,43,1.22,1.1619,1,1.225,1.1666,343,0
SPY190715C299,2019-07-12,2019-07-12 09:34:43,1.24,1.1809,250,1.21,1.1523,49,1.22,1.1619,1,1.225,1.1666,343,0
SPY190715C299,2019-07-12,2019-07-12 09:34:44,1.24,1.1809,136,1.21,1.1523,30,1.22,1.1619,1,1.225,1.1666,343,0
SPY190715C299,2019-07-12,2019-07-12 09:34:44,1.24,1.1809,136,1.21,1.1523,36,1.22,1.1619,1,1.225,1.1666,343,0
SPY190715C299,2019-07-12,2019-07-12 09:34:45,1.24,1.1809,136,1.21,1.1523,30,1.22,1.1619,1,1.225,1.1666,343,0
SPY190715C299,2019-07-12,2019-07-12 09:34:46,1.24,1.1809,136,1.21,1.1523,26,1.22,1.1619,1,1.225,1.1666,343,0
SPY190715C299,2019-07-12,2019-07-12 09:34:47,1.24,1.1809,148,1.21,1.1523,26,1.22,1.1619,1,1.225,1.1666,343,0
SPY190715C299,2019-07-12,2019-07-12 09:34:47,1.24,1.1809,358,1.21,1.1523,26,1.22,1.1619,1,1.225,1.1666,343,0
SPY190715C299,2019-07-12,2019-07-12 09:34:48,1.24,1.1809,358,1.21,1.1523,26,1.22,1.1619,1,1.225,1.1666,343,0
SPY190715C299,2019-07-12,2019-07-12 09:34:48,1.24,1.1809,184,1.21,1.1523,26,1.22,1.1619,1,1.225,1.1666,343,0
SPY190715C299,2019-07-12,2019-07-12 09:34:49,1.24,1.1809,148,1.21,1.1523,36,1.22,1.1619,1,1.225,1.1666,343,0
SPY190715C299,2019-07-12,2019-07-12 09:34:49,1.24,1.1809,218,1.21,1.1523,30,1.22,1.1619,1,1.225,1.1666,343,0
SPY190715C299,2019-07-12,2019-07-12 09:34:50,1.24,1.1809,210,1.21,1.1523,30,1.22,1.1619,1,1.225,1.1666,343,0
SPY190715C299,2019-07-12,2019-07-12 09:34:51,1.24,1.1809,210,1.21,1.1523,26,1.22,1.1619,1,1.225,1.1666,343,0
SPY190715C299,2019-07-12,2019-07-12 09:34:51,1.24,1.1809,222,1.21,1.1523,26,1.22,1.1619,1,1.225,1.1666,343,0
SPY190715C299,2019-07-12,2019-07-12 09:34:52,1.24,1.1809,287,1.21,1.1523,26,1.22,1.1619,1,1.225,1.1666,343,0
SPY190715C299,2019-07-12,2019-07-12 09:34:53,1.24,1.1809,353,1.21,1.1523,26,1.21,1.1523,1,1.225,1.1666,344,1
SPY190715C299,2019-07-12,2019-07-12 09:34:53,1.24,1.1809,353,1.21,1.1523,26,1.22,1.1619,1,1.225,1.1666,343,0
SPY190715C299,2019-07-12,2019-07-12 09:34:54,1.24,1.1809,412,1.21,1.1523,26,1.21,1.1523,1,1.225,1.1666,344,0
SPY190715C299,2019-07-12,2019-07-12 09:34:54,1.24,1.1809,353,1.21,1.1523,26,1.21,1.1523,1,1.225,1.1666,344,0
SPY190715C299,2019-07-12,2019-07-12 09:34:55,1.24,1.1809,301,1.21,1.1523,26,1.21,1.1523,1,1.225,1.1666,344,0
SPY190715C299,2019-07-12,2019-07-12 09:34:56,1.22,1.1619,1,1.21,1.1523,36,1.21,1.1523,1,1.215,1.1571,344,0
SPY190715C299,2019-07-12,2019-07-12 09:34:56,1.22,1.1619,1,1.21,1.1523,30,1.21,1.1523,1,1.215,1.1571,344,0
SPY190715C299,2019-07-12,2019-07-12 09:34:57,1.22,1.1619,1,1.21,1.1523,36,1.21,1.1523,1,1.215,1.1571,344,0
SPY190715C299,2019-07-12,2019-07-12 09:34:58,1.22,1.1619,1,1.21,1.1523,36,1.21,1.1523,1,1.215,1.1571,344,0
SPY190715C299,2019-07-12,2019-07-12 09:34:59,1.22,1.1619,1,1.21,1.1523,36,1.21,1.1523,1,1.215,1.1571,344,0
SPY190715C299,2019-07-12,2019-07-12 09:34:59,1.24,1.1809,168,1.21,1.1523,153,1.21,1.1523,1,1.225,1.1666,345,1
SPY190715C299,2019-07-12,2019-07-12 09:35:00,1.24,1.1809,168,1.21,1.1523,36,1.21,1.1523,1,1.225,1.1666,345,0
SPY190715C299,2019-07-12,2019-07-12 09:35:00,1.24,1.1809,253,1.21,1.1523,36,1.21,1.1523,1,1.225,1.1666,345,0
SPY190715C299,2019-07-12,2019-07-12 09:35:01,1.24,1.1809,253,1.21,1.1523,36,1.21,1.1523,1,1.225,1.1666,345,0
SPY190715C299,2019-07-12,2019-07-12 09:35:02,1.24,1.1809,253,1.21,1.1523,36,1.21,1.1523,1,1.225,1.1666,345,0
SPY190715C299,2019-07-12,2019-07-12 09:35:03,1.23,1.1714,106,1.2,1.1428,46,1.21,1.1523,1,1.215,1.1571,345,0
SPY190715C299,2019-07-12,2019-07-12 09:35:03,1.23,1.1714,76,1.19,1.1333,100,1.21,1.1523,1,1.21,1.1523,345,0
SPY190715C299,2019-07-12,2019-07-12 09:35:04,1.23,1.1714,121,1.2,1.1428,104,1.21,1.1523,1,1.215,1.1571,345,0
SPY190715C299,2019-07-12,2019-07-12 09:35:04,1.22,1.1619,86,1.19,1.1333,36,1.21,1.1523,1,1.205,1.1476,345,0
SPY190715C299,2019-07-12,2019-07-12 09:35:05,1.22,1.1619,96,1.19,1.1333,46,1.21,1.1523,1,1.205,1.1476,345,0
SPY190715C299,2019-07-12,2019-07-12 09:35:06,1.22,1.1619,110,1.19,1.1333,46,1.21,1.1523,1,1.205,1.1476,345,0
SPY190715C299,2019-07-12,2019-07-12 09:35:06,1.23,1.1714,102,1.2,1.1428,76,1.21,1.1523,1,1.215,1.1571,345,0
SPY190715C299,2019-07-12,2019-07-12 09:35:07,1.22,1.1619,12,1.19,1.1333,111,1.21,1.1523,1,1.205,1.1476,345,0
SPY190715C299,2019-07-12,2019-07-12 09:35:07,1.23,1.1714,150,1.19,1.1333,100,1.21,1.1523,1,1.21,1.1523,345,0
SPY190715C299,2019-07-12,2019-07-12 09:35:08,1.22,1.1619,119,1.19,1.1333,75,1.21,1.1523,1,1.205,1.1476,345,0
SPY190715C299,2019-07-12,2019-07-12 09:35:08,1.22,1.1619,86,1.18,1.1238,81,1.21,1.1523,1,1.2,1.1428,345,0
SPY190715C299,2019-07-12,2019-07-12 09:35:09,1.22,1.1619,286,1.19,1.1333,36,1.21,1.1523,1,1.205,1.1476,345,0
SPY190715C299,2019-07-12,2019-07-12 09:35:10,1.21,1.1523,211,1.17,1.1142,74,1.21,1.1523,1,1.19,1.1333,345,0
SPY190715C299,2019-07-12,2019-07-12 09:35:10,1.22,1.1619,191,1.18,1.1238,130,1.21,1.1523,1,1.2,1.1428,345,0
SPY190715C299,2019-07-12,2019-07-12 09:35:11,1.21,1.1523,211,1.17,1.1142,46,1.21,1.1523,1,1.19,1.1333,345,0
SPY190715C299,2019-07-12,2019-07-12 09:35:11,1.2,1.1428,113,1.17,1.1142,46,1.21,1.1523,1,1.185,1.1285,345,0
SPY190715C299,2019-07-12,2019-07-12 09:35:12,1.2,1.1428,142,1.17,1.1142,46,1.21,1.1523,1,1.185,1.1285,345,0
SPY190715C299,2019-07-12,2019-07-12 09:35:12,1.21,1.1523,76,1.18,1.1238,66,1.21,1.1523,1,1.195,1.138,345,0
SPY190715C299,2019-07-12,2019-07-12 09:35:13,1.21,1.1523,110,1.18,1.1238,184,1.21,1.1523,1,1.195,1.138,345,0
SPY190715C299,2019-07-12,2019-07-12 09:35:13,1.21,1.1523,111,1.18,1.1238,184,1.21,1.1523,1,1.195,1.138,345,0
SPY190715C299,2019-07-12,2019-07-12 09:35:14,1.21,1.1523,110,1.18,1.1238,184,1.21,1.1523,1,1.195,1.138,345,0
SPY190715C299,2019-07-12,2019-07-12 09:35:15,1.21,1.1523,110,1.18,1.1238,269,1.21,1.1523,1,1.195,1.138,345,0
SPY190715C299,2019-07-12,2019-07-12 09:35:16,1.2,1.1428,1,1.19,1.1333,46,1.21,1.1523,1,1.195,1.138,345,0
SPY190715C299,2019-07-12,2019-07-12 09:35:17,1.22,1.1619,62,1.2,1.1428,45,1.2,1.1428,1,1.21,1.1523,346,1
SPY190715C299,2019-07-12,2019-07-12 09:35:18,1.22,1.1619,100,1.2,1.1428,36,1.2,1.1428,1,1.21,1.1523,347,1
SPY190715C299,2019-07-12,2019-07-12 09:35:18,1.22,1.1619,6,1.19,1.1333,19,1.2,1.1428,1,1.205,1.1476,346,0
SPY190715C299,2019-07-12,2019-07-12 09:35:19,1.22,1.1619,110,1.2,1.1428,66,1.2,1.1428,1,1.21,1.1523,347,0
SPY190715C299,2019-07-12,2019-07-12 09:35:20,1.22,1.1619,110,1.2,1.1428,66,1.2,1.1428,1,1.21,1.1523,347,0
SPY190715C299,2019-07-12,2019-07-12 09:35:21,1.22,1.1619,110,1.2,1.1428,66,1.2,1.1428,1,1.21,1.1523,347,0
SPY190715C299,2019-07-12,2019-07-12 09:35:22,1.22,1.1619,110,1.2,1.1428,66,1.2,1.1428,1,1.21,1.1523,347,0
SPY190715C299,2019-07-12,2019-07-12 09:35:23,1.22,1.1619,100,1.2,1.1428,113,1.2,1.1428,1,1.21,1.1523,348,1
SPY190715C299,2019-07-12,2019-07-12 09:35:24,1.22,1.1619,36,1.2,1.1428,66,1.2,1.1428,1,1.21,1.1523,348,0
SPY190715C299,2019-07-12,2019-07-12 09:35:24,1.22,1.1619,36,1.2,1.1428,154,1.2,1.1428,1,1.21,1.1523,348,0
SPY190715C299,2019-07-12,2019-07-12 09:35:25,1.22,1.1619,67,1.2,1.1428,66,1.21,1.1523,12,1.21,1.1523,360,0
SPY190715C299,2019-07-12,2019-07-12 09:35:25,1.22,1.1619,67,1.21,1.1523,1,1.21,1.1523,12,1.215,1.1571,360,12
SPY190715C299,2019-07-12,2019-07-12 09:35:26,1.22,1.1619,67,1.2,1.1428,30,1.21,1.1523,12,1.21,1.1523,360,0
SPY190715C299,2019-07-12,2019-07-12 09:35:26,1.22,1.1619,97,1.2,1.1428,66,1.21,1.1523,12,1.21,1.1523,360,0
SPY190715C299,2019-07-12,2019-07-12 09:35:27,1.21,1.1523,100,1.19,1.1333,30,1.21,1.1523,12,1.2,1.1428,360,0
SPY190715C299,2019-07-12,2019-07-12 09:35:27,1.21,1.1523,10,1.18,1.1238,66,1.21,1.1523,12,1.195,1.138,360,0
SPY190715C299,2019-07-12,2019-07-12 09:35:28,1.21,1.1523,116,1.18,1.1238,67,1.21,1.1523,12,1.195,1.138,360,0
SPY190715C299,2019-07-12,2019-07-12 09:35:29,1.2,1.1428,111,1.17,1.1142,36,1.21,1.1523,12,1.185,1.1285,360,0
SPY190715C299,2019-07-12,2019-07-12 09:35:30,1.19,1.1333,6,1.17,1.1142,66,1.21,1.1523,12,1.18,1.1238,360,0
SPY190715C299,2019-07-12,2019-07-12 09:35:31,1.19,1.1333,56,1.17,1.1142,30,1.21,1.1523,12,1.18,1.1238,360,0
SPY190715C299,2019-07-12,2019-07-12 09:35:31,1.19,1.1333,103,1.17,1.1142,66,1.21,1.1523,12,1.18,1.1238,360,0
SPY190715C299,2019-07-12,2019-07-12 09:35:32,1.19,1.1333,56,1.17,1.1142,30,1.21,1.1523,12,1.18,1.1238,360,0
SPY190715C299,2019-07-12,2019-07-12 09:35:32,1.2,1.1428,5,1.17,1.1142,75,1.21,1.1523,12,1.185,1.1285,360,0
SPY190715C299,2019-07-12,2019-07-12 09:35:33,1.2,1.1428,56,1.18,1.1238,36,1.21,1.1523,12,1.19,1.1333,360,0
SPY190715C299,2019-07-12,2019-07-12 09:35:33,1.2,1.1428,56,1.17,1.1142,36,1.21,1.1523,12,1.185,1.1285,360,0
SPY190715C299,2019-07-12,2019-07-12 09:35:34,1.2,1.1428,111,1.17,1.1142,88,1.21,1.1523,12,1.185,1.1285,360,0
SPY190715C299,2019-07-12,2019-07-12 09:35:35,1.19,1.1333,12,1.17,1.1142,66,1.21,1.1523,12,1.18,1.1238,360,0
SPY190715C299,2019-07-12,2019-07-12 09:35:35,1.2,1.1428,100,1.18,1.1238,55,1.21,1.1523,12,1.19,1.1333,360,0
SPY190715C299,2019-07-12,2019-07-12 09:35:36,1.2,1.1428,100,1.17,1.1142,81,1.21,1.1523,12,1.185,1.1285,360,0
SPY190715C299,2019-07-12,2019-07-12 09:35:36,1.21,1.1523,100,1.18,1.1238,66,1.21,1.1523,12,1.195,1.138,360,0
SPY190715C299,2019-07-12,2019-07-12 09:35:37,1.19,1.1333,100,1.17,1.1142,266,1.18,1.1238,3,1.18,1.1238,363,0
SPY190715C299,2019-07-12,2019-07-12 09:35:37,1.19,1.1333,117,1.18,1.1238,1,1.18,1.1238,3,1.185,1.1285,363,3
SPY190715C299,2019-07-12,2019-07-12 09:35:38,1.2,1.1428,56,1.18,1.1238,36,1.18,1.1238,3,1.19,1.1333,363,0
SPY190715C299,2019-07-12,2019-07-12 09:35:38,1.2,1.1428,6,1.18,1.1238,36,1.18,1.1238,3,1.19,1.1333,363,0
SPY190715C299,2019-07-12,2019-07-12 09:35:39,1.2,1.1428,106,1.18,1.1238,66,1.18,1.1238,3,1.19,1.1333,363,0
SPY190715C299,2019-07-12,2019-07-12 09:35:40,1.2,1.1428,106,1.18,1.1238,66,1.18,1.1238,3,1.19,1.1333,363,0
SPY190715C299,2019-07-12,2019-07-12 09:35:41,1.2,1.1428,106,1.17,1.1142,80,1.18,1.1238,3,1.185,1.1285,363,0
SPY190715C299,2019-07-12,2019-07-12 09:35:41,1.2,1.1428,120,1.18,1.1238,66,1.18,1.1238,3,1.19,1.1333,363,0
SPY190715C299,2019-07-12,2019-07-12 09:35:42,1.2,1.1428,120,1.18,1.1238,84,1.18,1.1238,3,1.19,1.1333,363,0
SPY190715C299,2019-07-12,2019-07-12 09:35:42,1.2,1.1428,100,1.18,1.1238,66,1.18,1.1238,3,1.19,1.1333,363,0
SPY190715C299,2019-07-12,2019-07-12 09:35:43,1.2,1.1428,100,1.18,1.1238,84,1.18,1.1238,3,1.19,1.1333,363,0
SPY190715C299,2019-07-12,2019-07-12 09:35:43,1.2,1.1428,120,1.18,1.1238,79,1.18,1.1238,3,1.19,1.1333,363,0
SPY190715C299,2019-07-12,2019-07-12 09:35:44,1.19,1.1333,17,1.17,1.1142,104,1.18,1.1238,3,1.18,1.1238,363,0
SPY190715C299,2019-07-12,2019-07-12 09:35:44,1.2,1.1428,120,1.18,1.1238,122,1.18,1.1238,3,1.19,1.1333,363,0
SPY190715C299,2019-07-12,2019-07-12 09:35:45,1.19,1.1333,100,1.17,1.1142,156,1.18,1.1238,3,1.18,1.1238,363,0
SPY190715C299,2019-07-12,2019-07-12 09:35:46,1.19,1.1333,120,1.17,1.1142,250,1.18,1.1238,3,1.18,1.1238,363,0
SPY190715C299,2019-07-12,2019-07-12 09:35:46,1.19,1.1333,100,1.17,1.1142,297,1.18,1.1238,3,1.18,1.1238,363,0
SPY190715C299,2019-07-12,2019-07-12 09:35:47,1.19,1.1333,120,1.17,1.1142,98,1.18,1.1238,3,1.18,1.1238,363,0
SPY190715C299,2019-07-12,2019-07-12 09:35:47,1.19,1.1333,120,1.17,1.1142,104,1.18,1.1238,3,1.18,1.1238,363,0
SPY190715C299,2019-07-12,2019-07-12 09:35:48,1.19,1.1333,120,1.17,1.1142,104,1.18,1.1238,3,1.18,1.1238,363,0
SPY190715C299,2019-07-12,2019-07-12 09:35:49,1.19,1.1333,120,1.17,1.1142,97,1.18,1.1238,3,1.18,1.1238,363,0
SPY190715C299,2019-07-12,2019-07-12 09:35:50,1.19,1.1333,120,1.17,1.1142,30,1.18,1.1238,3,1.18,1.1238,363,0
SPY190715C299,2019-07-12,2019-07-12 09:35:50,1.19,1.1333,120,1.17,1.1142,66,1.18,1.1238,3,1.18,1.1238,363,0
SPY190715C299,2019-07-12,2019-07-12 09:35:51,1.19,1.1333,120,1.17,1.1142,30,1.18,1.1238,3,1.18,1.1238,363,0
SPY190715C299,2019-07-12,2019-07-12 09:35:52,1.19,1.1333,120,1.17,1.1142,30,1.18,1.1238,3,1.18,1.1238,363,0
SPY190715C299,2019-07-12,2019-07-12 09:35:52,1.19,1.1333,150,1.17,1.1142,30,1.18,1.1238,3,1.18,1.1238,363,0
SPY190715C299,2019-07-12,2019-07-12 09:35:53,1.19,1.1333,120,1.17,1.1142,66,1.18,1.1238,3,1.18,1.1238,363,0
SPY190715C299,2019-07-12,2019-07-12 09:35:54,1.19,1.1333,120,1.17,1.1142,60,1.18,1.1238,3,1.18,1.1238,363,0
SPY190715C299,2019-07-12,2019-07-12 09:35:55,1.19,1.1333,120,1.17,1.1142,30,1.18,1.1238,3,1.18,1.1238,363,0
SPY190715C299,2019-07-12,2019-07-12 09:35:55,1.18,1.1238,36,1.17,1.1142,30,1.18,1.1238,3,1.175,1.119,363,0
SPY190715C299,2019-07-12,2019-07-12 09:35:56,1.18,1.1238,117,1.15,1.0952,55,1.18,1.1238,3,1.165,1.1095,363,0
SPY190715C299,2019-07-12,2019-07-12 09:35:57,1.18,1.1238,134,1.16,1.1047,6,1.18,1.1238,3,1.17,1.1142,363,0
SPY190715C299,2019-07-12,2019-07-12 09:35:57,1.18,1.1238,134,1.15,1.0952,66,1.18,1.1238,3,1.165,1.1095,363,0
SPY190715C299,2019-07-12,2019-07-12 09:35:58,1.18,1.1238,237,1.15,1.0952,194,1.18,1.1238,3,1.165,1.1095,363,0
SPY190715C299,2019-07-12,2019-07-12 09:35:58,1.18,1.1238,237,1.15,1.0952,66,1.18,1.1238,3,1.165,1.1095,363,0
SPY190715C299,2019-07-12,2019-07-12 09:35:59,1.18,1.1238,237,1.15,1.0952,110,1.18,1.1238,3,1.165,1.1095,363,0
SPY190715C299,2019-07-12,2019-07-12 09:35:59,1.18,1.1238,158,1.15,1.0952,66,1.18,1.1238,3,1.165,1.1095,363,0
SPY190715C299,2019-07-12,2019-07-12 09:36:00,1.18,1.1238,237,1.15,1.0952,75,1.18,1.1238,3,1.165,1.1095,363,0
SPY190715C299,2019-07-12,2019-07-12 09:36:00,1.18,1.1238,237,1.15,1.0952,101,1.18,1.1238,3,1.165,1.1095,363,0
SPY190715C299,2019-07-12,2019-07-12 09:36:01,1.18,1.1238,237,1.15,1.0952,66,1.18,1.1238,3,1.165,1.1095,363,0
SPY190715C299,2019-07-12,2019-07-12 09:36:02,1.18,1.1238,158,1.15,1.0952,55,1.18,1.1238,3,1.165,1.1095,363,0
SPY190715C299,2019-07-12,2019-07-12 09:36:02,1.18,1.1238,237,1.15,1.0952,59,1.18,1.1238,3,1.165,1.1095,363,0
SPY190715C299,2019-07-12,2019-07-12 09:36:03,1.17,1.1142,8,1.15,1.0952,66,1.18,1.1238,3,1.16,1.1047,363,0
SPY190715C299,2019-07-12,2019-07-12 09:36:03,1.17,1.1142,58,1.15,1.0952,36,1.18,1.1238,3,1.16,1.1047,363,0
SPY190715C299,2019-07-12,2019-07-12 09:36:04,1.17,1.1142,84,1.15,1.0952,36,1.18,1.1238,3,1.16,1.1047,363,0
SPY190715C299,2019-07-12,2019-07-12 09:36:05,1.17,1.1142,84,1.13,1.0761,36,1.18,1.1238,3,1.15,1.0952,363,0
SPY190715C299,2019-07-12,2019-07-12 09:36:06,1.15,1.0952,8,1.13,1.0761,36,1.18,1.1238,3,1.14,1.0857,363,0
SPY190715C299,2019-07-12,2019-07-12 09:36:06,1.15,1.0952,105,1.13,1.0761,36,1.18,1.1238,3,1.14,1.0857,363,0
SPY190715C299,2019-07-12,2019-07-12 09:36:07,1.15,1.0952,105,1.13,1.0761,36,1.18,1.1238,3,1.14,1.0857,363,0
SPY190715C299,2019-07-12,2019-07-12 09:36:08,1.16,1.1047,5,1.14,1.0857,100,1.14,1.0857,6,1.15,1.0952,369,6
SPY190715C299,2019-07-12,2019-07-12 09:36:08,1.14,1.0857,5,1.12,1.0666,36,1.18,1.1238,3,1.13,1.0761,363,0
SPY190715C299,2019-07-12,2019-07-12 09:36:09,1.16,1.1047,1,1.15,1.0952,30,1.14,1.0857,6,1.155,1.1,369,0
SPY190715C299,2019-07-12,2019-07-12 09:36:09,1.16,1.1047,62,1.15,1.0952,45,1.14,1.0857,6,1.155,1.1,369,0
SPY190715C299,2019-07-12,2019-07-12 09:36:10,1.16,1.1047,1,1.14,1.0857,100,1.14,1.0857,6,1.15,1.0952,369,0
SPY190715C299,2019-07-12,2019-07-12 09:36:10,1.16,1.1047,1,1.14,1.0857,30,1.14,1.0857,6,1.15,1.0952,369,0
SPY190715C299,2019-07-12,2019-07-12 09:36:11,1.16,1.1047,7,1.14,1.0857,30,1.14,1.0857,6,1.15,1.0952,369,0
SPY190715C299,2019-07-12,2019-07-12 09:36:12,1.15,1.0952,5,1.14,1.0857,7,1.14,1.0857,6,1.145,1.0904,369,0
SPY190715C299,2019-07-12,2019-07-12 09:36:12,1.16,1.1047,95,1.14,1.0857,45,1.14,1.0857,6,1.15,1.0952,369,0
SPY190715C299,2019-07-12,2019-07-12 09:36:13,1.16,1.1047,5,1.14,1.0857,100,1.14,1.0857,6,1.15,1.0952,369,0
SPY190715C299,2019-07-12,2019-07-12 09:36:13,1.16,1.1047,1,1.15,1.0952,30,1.14,1.0857,6,1.155,1.1,369,0
SPY190715C299,2019-07-12,2019-07-12 09:36:14,1.16,1.1047,1,1.15,1.0952,36,1.14,1.0857,6,1.155,1.1,369,0
SPY190715C299,2019-07-12,2019-07-12 09:36:15,1.15,1.0952,5,1.13,1.0761,66,1.14,1.0857,6,1.14,1.0857,369,0
SPY190715C299,2019-07-12,2019-07-12 09:36:16,1.15,1.0952,9,1.13,1.0761,118,1.14,1.0857,6,1.14,1.0857,369,0
SPY190715C299,2019-07-12,2019-07-12 09:36:17,1.15,1.0952,120,1.13,1.0761,36,1.14,1.0857,6,1.14,1.0857,369,0
SPY190715C299,2019-07-12,2019-07-12 09:36:17,1.14,1.0857,80,1.12,1.0666,36,1.14,1.0857,6,1.13,1.0761,369,0
SPY190715C299,2019-07-12,2019-07-12 09:36:18,1.14,1.0857,1,1.13,1.0761,45,1.14,1.0857,6,1.135,1.0809,369,0
SPY190715C299,2019-07-12,2019-07-12 09:36:18,1.14,1.0857,99,1.11,1.0571,37,1.14,1.0857,6,1.125,1.0714,369,0
SPY190715C299,2019-07-12,2019-07-12 09:36:19,1.14,1.0857,2,1.13,1.0761,66,1.14,1.0857,6,1.135,1.0809,369,0
SPY190715C299,2019-07-12,2019-07-12 09:36:20,1.14,1.0857,20,1.13,1.0761,102,1.14,1.0857,6,1.135,1.0809,369,0
SPY190715C299,2019-07-12,2019-07-12 09:36:20,1.14,1.0857,2,1.13,1.0761,102,1.14,1.0857,6,1.135,1.0809,369,0
SPY190715C299,2019-07-12,2019-07-12 09:36:21,1.14,1.0857,20,1.13,1.0761,79,1.14,1.0857,6,1.135,1.0809,369,0
SPY190715C299,2019-07-12,2019-07-12 09:36:21,1.14,1.0857,20,1.13,1.0761,102,1.14,1.0857,6,1.135,1.0809,369,0
SPY190715C299,2019-07-12,2019-07-12 09:36:22,1.14,1.0857,7,1.13,1.0761,30,1.14,1.0857,6,1.135,1.0809,369,0
SPY190715C299,2019-07-12,2019-07-12 09:36:22,1.14,1.0857,7,1.13,1.0761,36,1.14,1.0857,6,1.135,1.0809,369,0
SPY190715C299,2019-07-12,2019-07-12 09:36:23,1.14,1.0857,7,1.13,1.0761,30,1.14,1.0857,6,1.135,1.0809,369,0
SPY190715C299,2019-07-12,2019-07-12 09:36:24,1.14,1.0857,7,1.13,1.0761,30,1.14,1.0857,6,1.135,1.0809,369,0
SPY190715C299,2019-07-12,2019-07-12 09:36:25,1.16,1.1047,120,1.13,1.0761,15,1.14,1.0857,1,1.145,1.0904,370,1
SPY190715C299,2019-07-12,2019-07-12 09:36:25,1.14,1.0857,1,1.13,1.0761,30,1.14,1.0857,6,1.135,1.0809,369,0
SPY190715C299,2019-07-12,2019-07-12 09:36:26,1.16,1.1047,120,1.14,1.0857,55,1.14,1.0857,1,1.15,1.0952,370,0
SPY190715C299,2019-07-12,2019-07-12 09:36:26,1.16,1.1047,120,1.14,1.0857,66,1.14,1.0857,1,1.15,1.0952,370,0
SPY190715C299,2019-07-12,2019-07-12 09:36:27,1.16,1.1047,81,1.13,1.0761,37,1.14,1.0857,1,1.145,1.0904,370,0
SPY190715C299,2019-07-12,2019-07-12 09:36:28,1.16,1.1047,81,1.14,1.0857,66,1.14,1.0857,1,1.15,1.0952,370,0
SPY190715C299,2019-07-12,2019-07-12 09:36:28,1.16,1.1047,120,1.14,1.0857,66,1.14,1.0857,1,1.15,1.0952,370,0
SPY190715C299,2019-07-12,2019-07-12 09:36:29,1.16,1.1047,120,1.14,1.0857,66,1.14,1.0857,1,1.15,1.0952,370,0
SPY190715C299,2019-07-12,2019-07-12 09:36:29,1.16,1.1047,120,1.14,1.0857,78,1.14,1.0857,1,1.15,1.0952,370,0
SPY190715C299,2019-07-12,2019-07-12 09:36:30,1.16,1.1047,100,1.14,1.0857,78,1.14,1.0857,1,1.15,1.0952,370,0
SPY190715C299,2019-07-12,2019-07-12 09:36:30,1.16,1.1047,122,1.14,1.0857,51,1.14,1.0857,1,1.15,1.0952,370,0
SPY190715C299,2019-07-12,2019-07-12 09:36:31,1.15,1.0952,2,1.14,1.0857,55,1.14,1.0857,1,1.145,1.0904,370,0
SPY190715C299,2019-07-12,2019-07-12 09:36:31,1.15,1.0952,2,1.14,1.0857,37,1.14,1.0857,1,1.145,1.0904,370,0
SPY190715C299,2019-07-12,2019-07-12 09:36:32,1.15,1.0952,2,1.14,1.0857,37,1.14,1.0857,1,1.145,1.0904,370,0
SPY190715C299,2019-07-12,2019-07-12 09:36:33,1.15,1.0952,2,1.14,1.0857,55,1.14,1.0857,12,1.145,1.0904,406,0
SPY190715C299,2019-07-12,2019-07-12 09:36:33,1.15,1.0952,2,1.14,1.0857,66,1.14,1.0857,12,1.145,1.0904,406,36
SPY190715C299,2019-07-12,2019-07-12 09:36:34,1.15,1.0952,2,1.14,1.0857,45,1.15,1.0952,2,1.145,1.0904,408,2
SPY190715C299,2019-07-12,2019-07-12 09:36:34,1.15,1.0952,2,1.14,1.0857,66,1.14,1.0857,12,1.145,1.0904,406,0
SPY190715C299,2019-07-12,2019-07-12 09:36:35,1.18,1.1238,149,1.15,1.0952,160,1.15,1.0952,2,1.165,1.1095,408,0
SPY190715C299,2019-07-12,2019-07-12 09:36:35,1.17,1.1142,66,1.15,1.0952,68,1.15,1.0952,2,1.16,1.1047,408,0
SPY190715C299,2019-07-12,2019-07-12 09:36:36,1.17,1.1142,5,1.16,1.1047,30,1.15,1.0952,2,1.165,1.1095,408,0
SPY190715C299,2019-07-12,2019-07-12 09:36:37,1.17,1.1142,5,1.15,1.0952,273,1.15,1.0952,2,1.16,1.1047,408,0
SPY190715C299,2019-07-12,2019-07-12 09:36:37,1.17,1.1142,5,1.16,1.1047,30,1.15,1.0952,2,1.165,1.1095,408,0
SPY190715C299,2019-07-12,2019-07-12 09:36:38,1.17,1.1142,8,1.15,1.0952,315,1.15,1.0952,1,1.16,1.1047,409,1
SPY190715C299,2019-07-12,2019-07-12 09:36:38,1.17,1.1142,106,1.15,1.0952,189,1.15,1.0952,1,1.16,1.1047,409,0
SPY190715C299,2019-07-12,2019-07-12 09:36:39,1.17,1.1142,106,1.15,1.0952,189,1.15,1.0952,1,1.16,1.1047,409,0
SPY190715C299,2019-07-12,2019-07-12 09:36:39,1.16,1.1047,5,1.13,1.0761,130,1.15,1.0952,1,1.145,1.0904,409,0
SPY190715C299,2019-07-12,2019-07-12 09:36:40,1.16,1.1047,80,1.13,1.0761,130,1.15,1.0952,1,1.145,1.0904,409,0
SPY190715C299,2019-07-12,2019-07-12 09:36:40,1.15,1.0952,6,1.12,1.0666,50,1.15,1.0952,1,1.135,1.0809,409,0
SPY190715C299,2019-07-12,2019-07-12 09:36:41,1.15,1.0952,227,1.12,1.0666,50,1.15,1.0952,1,1.135,1.0809,409,0
SPY190715C299,2019-07-12,2019-07-12 09:36:42,1.15,1.0952,227,1.12,1.0666,66,1.15,1.0952,1,1.135,1.0809,409,0
SPY190715C299,2019-07-12,2019-07-12 09:36:42,1.15,1.0952,150,1.13,1.0761,30,1.15,1.0952,1,1.14,1.0857,409,0
SPY190715C299,2019-07-12,2019-07-12 09:36:43,1.14,1.0857,3,1.12,1.0666,67,1.15,1.0952,1,1.13,1.0761,409,0
SPY190715C299,2019-07-12,2019-07-12 09:36:43,1.15,1.0952,150,1.13,1.0761,30,1.15,1.0952,1,1.14,1.0857,409,0
SPY190715C299,2019-07-12,2019-07-12 09:36:44,1.14,1.0857,3,1.12,1.0666,67,1.15,1.0952,1,1.13,1.0761,409,0
SPY190715C299,2019-07-12,2019-07-12 09:36:44,1.14,1.0857,91,1.12,1.0666,67,1.15,1.0952,1,1.13,1.0761,409,0
SPY190715C299,2019-07-12,2019-07-12 09:36:45,1.14,1.0857,93,1.12,1.0666,67,1.15,1.0952,1,1.13,1.0761,409,0
SPY190715C299,2019-07-12,2019-07-12 09:36:46,1.14,1.0857,91,1.12,1.0666,67,1.15,1.0952,1,1.13,1.0761,409,0
SPY190715C299,2019-07-12,2019-07-12 09:36:47,1.14,1.0857,91,1.12,1.0666,132,1.15,1.0952,1,1.13,1.0761,409,0
SPY190715C299,2019-07-12,2019-07-12 09:36:47,1.14,1.0857,90,1.12,1.0666,88,1.15,1.0952,1,1.13,1.0761,409,0
SPY190715C299,2019-07-12,2019-07-12 09:36:48,1.16,1.1047,120,1.14,1.0857,30,1.14,1.0857,2,1.15,1.0952,411,0
SPY190715C299,2019-07-12,2019-07-12 09:36:48,1.16,1.1047,83,1.13,1.0761,36,1.14,1.0857,2,1.145,1.0904,411,2
SPY190715C299,2019-07-12,2019-07-12 09:36:49,1.16,1.1047,120,1.14,1.0857,36,1.14,1.0857,2,1.15,1.0952,411,0
SPY190715C299,2019-07-12,2019-07-12 09:36:49,1.16,1.1047,120,1.14,1.0857,66,1.14,1.0857,2,1.15,1.0952,411,0
SPY190715C299,2019-07-12,2019-07-12 09:36:50,1.16,1.1047,120,1.14,1.0857,66,1.14,1.0857,2,1.15,1.0952,411,0
SPY190715C299,2019-07-12,2019-07-12 09:36:51,1.16,1.1047,100,1.14,1.0857,36,1.14,1.0857,2,1.15,1.0952,411,0
SPY190715C299,2019-07-12,2019-07-12 09:36:51,1.16,1.1047,120,1.14,1.0857,66,1.14,1.0857,2,1.15,1.0952,411,0
SPY190715C299,2019-07-12,2019-07-12 09:36:52,1.16,1.1047,100,1.14,1.0857,206,1.14,1.0857,2,1.15,1.0952,411,0
SPY190715C299,2019-07-12,2019-07-12 09:36:52,1.16,1.1047,100,1.14,1.0857,66,1.14,1.0857,2,1.15,1.0952,411,0
SPY190715C299,2019-07-12,2019-07-12 09:36:53,1.16,1.1047,100,1.14,1.0857,137,1.14,1.0857,2,1.15,1.0952,411,0
SPY190715C299,2019-07-12,2019-07-12 09:36:53,1.16,1.1047,120,1.14,1.0857,206,1.14,1.0857,2,1.15,1.0952,411,0
SPY190715C299,2019-07-12,2019-07-12 09:36:54,1.16,1.1047,120,1.14,1.0857,45,1.14,1.0857,2,1.15,1.0952,411,0
SPY190715C299,2019-07-12,2019-07-12 09:36:55,1.17,1.1142,78,1.14,1.0857,136,1.14,1.0857,2,1.155,1.1,411,0
SPY190715C299,2019-07-12,2019-07-12 09:36:55,1.17,1.1142,120,1.14,1.0857,141,1.14,1.0857,2,1.155,1.1,411,0
SPY190715C299,2019-07-12,2019-07-12 09:36:56,1.18,1.1238,152,1.16,1.1047,36,1.14,1.0857,2,1.17,1.1142,411,0
SPY190715C299,2019-07-12,2019-07-12 09:36:56,1.19,1.1333,93,1.16,1.1047,45,1.14,1.0857,2,1.175,1.119,411,0
SPY190715C299,2019-07-12,2019-07-12 09:36:57,1.19,1.1333,86,1.17,1.1142,30,1.14,1.0857,2,1.18,1.1238,411,0
SPY190715C299,2019-07-12,2019-07-12 09:36:58,1.19,1.1333,20,1.17,1.1142,60,1.14,1.0857,2,1.18,1.1238,411,0
SPY190715C299,2019-07-12,2019-07-12 09:36:58,1.19,1.1333,120,1.17,1.1142,36,1.14,1.0857,2,1.18,1.1238,411,0
SPY190715C299,2019-07-12,2019-07-12 09:36:59,1.2,1.1428,231,1.18,1.1238,30,1.17,1.1142,3,1.19,1.1333,414,0
SPY190715C299,2019-07-12,2019-07-12 09:36:59,1.2,1.1428,100,1.17,1.1142,93,1.17,1.1142,3,1.185,1.1285,414,3
SPY190715C299,2019-07-12,2019-07-12 09:37:00,1.2,1.1428,120,1.17,1.1142,300,1.17,1.1142,3,1.185,1.1285,414,0
SPY190715C299,2019-07-12,2019-07-12 09:37:01,1.2,1.1428,130,1.17,1.1142,66,1.17,1.1142,3,1.185,1.1285,414,0
SPY190715C299,2019-07-12,2019-07-12 09:37:01,1.21,1.1523,100,1.17,1.1142,36,1.17,1.1142,3,1.19,1.1333,414,0
SPY190715C299,2019-07-12,2019-07-12 09:37:02,1.2,1.1428,85,1.17,1.1142,110,1.17,1.1142,3,1.185,1.1285,414,0
SPY190715C299,2019-07-12,2019-07-12 09:37:02,1.2,1.1428,85,1.18,1.1238,60,1.17,1.1142,3,1.19,1.1333,414,0
SPY190715C299,2019-07-12,2019-07-12 09:37:03,1.2,1.1428,61,1.18,1.1238,67,1.17,1.1142,3,1.19,1.1333,414,0
SPY190715C299,2019-07-12,2019-07-12 09:37:03,1.2,1.1428,205,1.18,1.1238,30,1.17,1.1142,3,1.19,1.1333,414,0
SPY190715C299,2019-07-12,2019-07-12 09:37:04,1.2,1.1428,61,1.17,1.1142,36,1.17,1.1142,3,1.185,1.1285,414,0
SPY190715C299,2019-07-12,2019-07-12 09:37:05,1.2,1.1428,111,1.17,1.1142,36,1.17,1.1142,3,1.185,1.1285,414,0
SPY190715C299,2019-07-12,2019-07-12 09:37:05,1.2,1.1428,116,1.18,1.1238,30,1.17,1.1142,3,1.19,1.1333,414,0
SPY190715C299,2019-07-12,2019-07-12 09:37:06,1.18,1.1238,5,1.16,1.1047,30,1.17,1.1142,3,1.17,1.1142,414,0
SPY190715C299,2019-07-12,2019-07-12 09:37:06,1.19,1.1333,20,1.18,1.1238,30,1.17,1.1142,3,1.185,1.1285,414,0
SPY190715C299,2019-07-12,2019-07-12 09:37:07,1.18,1.1238,55,1.16,1.1047,30,1.17,1.1142,3,1.17,1.1142,414,0
SPY190715C299,2019-07-12,2019-07-12 09:37:07,1.18,1.1238,100,1.16,1.1047,30,1.17,1.1142,3,1.17,1.1142,414,0
SPY190715C299,2019-07-12,2019-07-12 09:37:08,1.18,1.1238,120,1.16,1.1047,30,1.17,1.1142,3,1.17,1.1142,414,0
SPY190715C299,2019-07-12,2019-07-12 09:37:09,1.18,1.1238,30,1.15,1.0952,53,1.17,1.1142,3,1.165,1.1095,414,0
SPY190715C299,2019-07-12,2019-07-12 09:37:09,1.17,1.1142,11,1.15,1.0952,66,1.17,1.1142,3,1.16,1.1047,414,0
SPY190715C299,2019-07-12,2019-07-12 09:37:10,1.18,1.1238,121,1.15,1.0952,66,1.17,1.1142,3,1.165,1.1095,414,0
SPY190715C299,2019-07-12,2019-07-12 09:37:10,1.18,1.1238,120,1.15,1.0952,66,1.17,1.1142,3,1.165,1.1095,414,0
SPY190715C299,2019-07-12,2019-07-12 09:37:11,1.18,1.1238,120,1.15,1.0952,66,1.17,1.1142,3,1.165,1.1095,414,0
SPY190715C299,2019-07-12,2019-07-12 09:37:12,1.17,1.1142,111,1.15,1.0952,30,1.17,1.1142,3,1.16,1.1047,414,0
SPY190715C299,2019-07-12,2019-07-12 09:37:13,1.17,1.1142,51,1.15,1.0952,37,1.17,1.1142,3,1.16,1.1047,414,0
SPY190715C299,2019-07-12,2019-07-12 09:37:13,1.17,1.1142,111,1.15,1.0952,48,1.17,1.1142,3,1.16,1.1047,414,0
SPY190715C299,2019-07-12,2019-07-12 09:37:14,1.17,1.1142,51,1.15,1.0952,37,1.17,1.1142,3,1.16,1.1047,414,0
SPY190715C299,2019-07-12,2019-07-12 09:37:14,1.18,1.1238,152,1.16,1.1047,12,1.17,1.1142,3,1.17,1.1142,414,0
SPY190715C299,2019-07-12,2019-07-12 09:37:15,1.18,1.1238,152,1.16,1.1047,30,1.17,1.1142,3,1.17,1.1142,414,0
SPY190715C299,2019-07-12,2019-07-12 09:37:16,1.18,1.1238,152,1.16,1.1047,65,1.17,1.1142,3,1.17,1.1142,414,0
SPY190715C299,2019-07-12,2019-07-12 09:37:17,1.18,1.1238,120,1.16,1.1047,65,1.17,1.1142,3,1.17,1.1142,414,0
SPY190715C299,2019-07-12,2019-07-12 09:37:17,1.18,1.1238,100,1.16,1.1047,49,1.17,1.1142,3,1.17,1.1142,414,0
SPY190715C299,2019-07-12,2019-07-12 09:37:18,1.18,1.1238,120,1.16,1.1047,66,1.17,1.1142,3,1.17,1.1142,414,0
SPY190715C299,2019-07-12,2019-07-12 09:37:18,1.18,1.1238,120,1.16,1.1047,49,1.17,1.1142,3,1.17,1.1142,414,0
SPY190715C299,2019-07-12,2019-07-12 09:37:19,1.18,1.1238,120,1.16,1.1047,66,1.17,1.1142,3,1.17,1.1142,414,0
SPY190715C299,2019-07-12,2019-07-12 09:37:34,1.19,1.1333,36,1.17,1.1142,6,1.17,1.1142,3,1.18,1.1238,414,0
SPY190715C299,2019-07-12,2019-07-12 09:37:34,1.19,1.1333,339,1.16,1.1047,36,1.17,1.1142,3,1.175,1.119,414,0
SPY190715C299,2019-07-12,2019-07-12 09:37:35,1.19,1.1333,339,1.16,1.1047,66,1.17,1.1142,3,1.175,1.119,414,0
SPY190715C299,2019-07-12,2019-07-12 09:37:36,1.19,1.1333,206,1.16,1.1047,36,1.17,1.1142,3,1.175,1.119,414,0
SPY190715C299,2019-07-12,2019-07-12 09:37:37,1.19,1.1333,206,1.16,1.1047,50,1.17,1.1142,3,1.175,1.119,414,0
SPY190715C299,2019-07-12,2019-07-12 09:37:38,1.19,1.1333,206,1.16,1.1047,36,1.17,1.1142,3,1.175,1.119,414,0
SPY190715C299,2019-07-12,2019-07-12 09:37:57,1.19,1.1333,1,1.18,1.1238,30,1.17,1.1142,3,1.185,1.1285,414,0
SPY190715C299,2019-07-12,2019-07-12 09:38:13,1.18,1.1238,97,1.16,1.1047,54,1.17,1.1142,3,1.17,1.1142,414,0
SPY190715C299,2019-07-12,2019-07-12 09:38:16,1.18,1.1238,97,1.16,1.1047,54,1.17,1.1142,3,1.17,1.1142,414,0
SPY190715C299,2019-07-12,2019-07-12 09:38:17,1.18,1.1238,81,1.16,1.1047,54,1.17,1.1142,3,1.17,1.1142,414,0
SPY190715C299,2019-07-12,2019-07-12 09:38:18,1.19,1.1333,91,1.16,1.1047,55,1.17,1.1142,3,1.175,1.119,414,0
SPY190715C299,2019-07-12,2019-07-12 09:38:19,1.19,1.1333,91,1.17,1.1142,66,1.17,1.1142,3,1.18,1.1238,414,0
SPY190715C299,2019-07-12,2019-07-12 09:38:20,1.19,1.1333,1,1.17,1.1142,50,1.17,1.1142,80,1.18,1.1238,494,80
SPY190715C299,2019-07-12,2019-07-12 09:38:20,1.19,1.1333,1,1.17,1.1142,66,1.17,1.1142,3,1.18,1.1238,414,0
SPY190715C299,2019-07-12,2019-07-12 09:38:21,1.19,1.1333,1,1.17,1.1142,50,1.17,1.1142,80,1.18,1.1238,494,0
SPY190715C299,2019-07-12,2019-07-12 09:38:21,1.19,1.1333,49,1.17,1.1142,53,1.17,1.1142,80,1.18,1.1238,494,0
SPY190715C299,2019-07-12,2019-07-12 09:38:22,1.19,1.1333,1,1.17,1.1142,66,1.17,1.1142,80,1.18,1.1238,494,0
SPY190715C299,2019-07-12,2019-07-12 09:38:23,1.18,1.1238,1,1.17,1.1142,66,1.17,1.1142,80,1.175,1.119,494,0
SPY190715C299,2019-07-12,2019-07-12 09:38:24,1.18,1.1238,1,1.17,1.1142,66,1.17,1.1142,80,1.175,1.119,494,0
SPY190715C299,2019-07-12,2019-07-12 09:38:25,1.18,1.1238,1,1.17,1.1142,66,1.17,1.1142,80,1.175,1.119,494,0
SPY190715C299,2019-07-12,2019-07-12 09:38:26,1.19,1.1333,1,1.18,1.1238,66,1.18,1.1238,1,1.185,1.1285,495,0
SPY190715C299,2019-07-12,2019-07-12 09:38:26,1.19,1.1333,1,1.17,1.1142,91,1.18,1.1238,1,1.18,1.1238,495,1
SPY190715C299,2019-07-12,2019-07-12 09:38:27,1.19,1.1333,1,1.18,1.1238,66,1.18,1.1238,1,1.185,1.1285,495,0
SPY190715C299,2019-07-12,2019-07-12 09:38:28,1.19,1.1333,1,1.18,1.1238,56,1.18,1.1238,1,1.185,1.1285,495,0
SPY190715C299,2019-07-12,2019-07-12 09:38:29,1.19,1.1333,1,1.18,1.1238,56,1.18,1.1238,1,1.185,1.1285,495,0
SPY190715C299,2019-07-12,2019-07-12 09:38:29,1.19,1.1333,1,1.18,1.1238,50,1.18,1.1238,1,1.185,1.1285,495,0
SPY190715C299,2019-07-12,2019-07-12 09:38:30,1.19,1.1333,1,1.18,1.1238,56,1.18,1.1238,1,1.185,1.1285,495,0
SPY190715C299,2019-07-12,2019-07-12 09:38:31,1.19,1.1333,1,1.18,1.1238,50,1.18,1.1238,1,1.185,1.1285,495,0
SPY190715C299,2019-07-12,2019-07-12 09:38:31,1.19,1.1333,1,1.18,1.1238,56,1.18,1.1238,1,1.185,1.1285,495,0
SPY190715C299,2019-07-12,2019-07-12 09:38:32,1.19,1.1333,1,1.18,1.1238,56,1.18,1.1238,1,1.185,1.1285,495,0
SPY190715C299,2019-07-12,2019-07-12 09:38:33,1.19,1.1333,1,1.18,1.1238,103,1.18,1.1238,1,1.185,1.1285,495,0
SPY190715C299,2019-07-12,2019-07-12 09:38:33,1.19,1.1333,1,1.18,1.1238,56,1.18,1.1238,1,1.185,1.1285,495,0
SPY190715C299,2019-07-12,2019-07-12 09:38:34,1.19,1.1333,1,1.18,1.1238,175,1.18,1.1238,1,1.185,1.1285,495,0
SPY190715C299,2019-07-12,2019-07-12 09:38:34,1.21,1.1523,120,1.19,1.1333,36,1.19,1.1333,1,1.2,1.1428,496,1
SPY190715C299,2019-07-12,2019-07-12 09:38:35,1.21,1.1523,120,1.19,1.1333,66,1.19,1.1333,1,1.2,1.1428,496,0
SPY190715C299,2019-07-12,2019-07-12 09:38:36,1.21,1.1523,120,1.19,1.1333,66,1.19,1.1333,1,1.2,1.1428,496,0
SPY190715C299,2019-07-12,2019-07-12 09:38:37,1.21,1.1523,120,1.19,1.1333,66,1.19,1.1333,1,1.2,1.1428,496,0
SPY190715C299,2019-07-12,2019-07-12 09:38:37,1.21,1.1523,120,1.19,1.1333,48,1.19,1.1333,1,1.2,1.1428,496,0
SPY190715C299,2019-07-12,2019-07-12 09:38:38,1.21,1.1523,120,1.19,1.1333,66,1.19,1.1333,1,1.2,1.1428,496,0
SPY190715C299,2019-07-12,2019-07-12 09:38:39,1.21,1.1523,120,1.19,1.1333,66,1.19,1.1333,1,1.2,1.1428,496,0
SPY190715C299,2019-07-12,2019-07-12 09:38:40,1.21,1.1523,120,1.19,1.1333,66,1.19,1.1333,1,1.2,1.1428,496,0
SPY190715C299,2019-07-12,2019-07-12 09:38:40,1.21,1.1523,86,1.19,1.1333,66,1.19,1.1333,1,1.2,1.1428,496,0
SPY190715C299,2019-07-12,2019-07-12 09:38:41,1.21,1.1523,76,1.19,1.1333,66,1.19,1.1333,1,1.2,1.1428,496,0
SPY190715C299,2019-07-12,2019-07-12 09:38:42,1.21,1.1523,76,1.19,1.1333,66,1.19,1.1333,1,1.2,1.1428,496,0
SPY190715C299,2019-07-12,2019-07-12 09:38:42,1.21,1.1523,76,1.19,1.1333,90,1.19,1.1333,1,1.2,1.1428,496,0
SPY190715C299,2019-07-12,2019-07-12 09:38:43,1.21,1.1523,76,1.19,1.1333,66,1.19,1.1333,1,1.2,1.1428,496,0
SPY190715C299,2019-07-12,2019-07-12 09:38:44,1.21,1.1523,40,1.18,1.1238,88,1.19,1.1333,1,1.195,1.138,496,0
SPY190715C299,2019-07-12,2019-07-12 09:38:44,1.21,1.1523,100,1.18,1.1238,229,1.19,1.1333,1,1.195,1.138,496,0
SPY190715C299,2019-07-12,2019-07-12 09:38:45,1.21,1.1523,100,1.19,1.1333,30,1.19,1.1333,1,1.2,1.1428,496,0
SPY190715C299,2019-07-12,2019-07-12 09:38:46,1.21,1.1523,56,1.19,1.1333,66,1.19,1.1333,1,1.2,1.1428,496,0
SPY190715C299,2019-07-12,2019-07-12 09:38:46,1.21,1.1523,56,1.2,1.1428,113,1.19,1.1333,1,1.205,1.1476,496,0
SPY190715C299,2019-07-12,2019-07-12 09:38:47,1.23,1.1714,135,1.2,1.1428,314,1.2,1.1428,1,1.215,1.1571,497,1
SPY190715C299,2019-07-12,2019-07-12 09:38:47,1.23,1.1714,135,1.2,1.1428,113,1.19,1.1333,1,1.215,1.1571,496,0
SPY190715C299,2019-07-12,2019-07-12 09:38:48,1.23,1.1714,135,1.2,1.1428,314,1.2,1.1428,1,1.215,1.1571,497,0
SPY190715C299,2019-07-12,2019-07-12 09:38:49,1.23,1.1714,135,1.2,1.1428,314,1.2,1.1428,1,1.215,1.1571,497,0
SPY190715C299,2019-07-12,2019-07-12 09:38:49,1.22,1.1619,20,1.19,1.1333,35,1.2,1.1428,1,1.205,1.1476,497,0
SPY190715C299,2019-07-12,2019-07-12 09:38:50,1.22,1.1619,188,1.19,1.1333,26,1.2,1.1428,1,1.205,1.1476,497,0
SPY190715C299,2019-07-12,2019-07-12 09:38:50,1.22,1.1619,188,1.19,1.1333,56,1.2,1.1428,1,1.205,1.1476,497,0
SPY190715C299,2019-07-12,2019-07-12 09:38:51,1.21,1.1523,92,1.19,1.1333,20,1.2,1.1428,1,1.2,1.1428,497,0
SPY190715C299,2019-07-12,2019-07-12 09:38:51,1.22,1.1619,188,1.19,1.1333,24,1.2,1.1428,1,1.205,1.1476,497,0
SPY190715C299,2019-07-12,2019-07-12 09:38:52,1.21,1.1523,112,1.19,1.1333,48,1.2,1.1428,1,1.2,1.1428,497,0
SPY190715C299,2019-07-12,2019-07-12 09:38:53,1.21,1.1523,112,1.19,1.1333,48,1.2,1.1428,1,1.2,1.1428,497,0
SPY190715C299,2019-07-12,2019-07-12 09:38:54,1.21,1.1523,112,1.19,1.1333,48,1.2,1.1428,1,1.2,1.1428,497,0
SPY190715C299,2019-07-12,2019-07-12 09:38:55,1.2,1.1428,100,1.17,1.1142,51,1.2,1.1428,1,1.185,1.1285,497,0
SPY190715C299,2019-07-12,2019-07-12 09:38:55,1.2,1.1428,6,1.18,1.1238,3,1.2,1.1428,1,1.19,1.1333,497,0
SPY190715C299,2019-07-12,2019-07-12 09:38:56,1.19,1.1333,86,1.16,1.1047,36,1.2,1.1428,1,1.175,1.119,497,0
SPY190715C299,2019-07-12,2019-07-12 09:38:56,1.2,1.1428,250,1.17,1.1142,37,1.2,1.1428,1,1.185,1.1285,497,0
SPY190715C299,2019-07-12,2019-07-12 09:38:57,1.19,1.1333,119,1.16,1.1047,51,1.2,1.1428,1,1.175,1.119,497,0
SPY190715C299,2019-07-12,2019-07-12 09:38:57,1.2,1.1428,151,1.17,1.1142,36,1.2,1.1428,1,1.185,1.1285,497,0
SPY190715C299,2019-07-12,2019-07-12 09:38:58,1.2,1.1428,266,1.17,1.1142,66,1.2,1.1428,1,1.185,1.1285,497,0
SPY190715C299,2019-07-12,2019-07-12 09:38:59,1.2,1.1428,312,1.17,1.1142,66,1.2,1.1428,1,1.185,1.1285,497,0
SPY190715C299,2019-07-12,2019-07-12 09:38:59,1.2,1.1428,146,1.17,1.1142,36,1.2,1.1428,1,1.185,1.1285,497,0
SPY190715C299,2019-07-12,2019-07-12 09:39:00,1.2,1.1428,120,1.17,1.1142,36,1.2,1.1428,1,1.185,1.1285,497,0
SPY190715C299,2019-07-12,2019-07-12 09:39:01,1.2,1.1428,139,1.17,1.1142,36,1.2,1.1428,1,1.185,1.1285,497,0
SPY190715C299,2019-07-12,2019-07-12 09:39:01,1.2,1.1428,146,1.17,1.1142,36,1.2,1.1428,1,1.185,1.1285,497,0
SPY190715C299,2019-07-12,2019-07-12 09:39:02,1.2,1.1428,146,1.17,1.1142,36,1.2,1.1428,1,1.185,1.1285,497,0
SPY190715C299,2019-07-12,2019-07-12 09:39:02,1.2,1.1428,146,1.17,1.1142,66,1.2,1.1428,1,1.185,1.1285,497,0
SPY190715C299,2019-07-12,2019-07-12 09:39:03,1.2,1.1428,50,1.17,1.1142,36,1.2,1.1428,1,1.185,1.1285,497,0
SPY190715C299,2019-07-12,2019-07-12 09:39:04,1.21,1.1523,120,1.18,1.1238,99,1.2,1.1428,1,1.195,1.138,497,0
SPY190715C299,2019-07-12,2019-07-12 09:39:04,1.21,1.1523,120,1.19,1.1333,66,1.2,1.1428,1,1.2,1.1428,497,0
SPY190715C299,2019-07-12,2019-07-12 09:39:05,1.23,1.1714,63,1.19,1.1333,36,1.2,1.1428,1,1.21,1.1523,497,0
SPY190715C299,2019-07-12,2019-07-12 09:39:05,1.21,1.1523,120,1.19,1.1333,36,1.2,1.1428,1,1.2,1.1428,497,0
SPY190715C299,2019-07-12,2019-07-12 09:39:06,1.23,1.1714,115,1.19,1.1333,36,1.2,1.1428,1,1.21,1.1523,497,0
SPY190715C299,2019-07-12,2019-07-12 09:39:06,1.23,1.1714,115,1.2,1.1428,101,1.2,1.1428,1,1.215,1.1571,497,0
SPY190715C299,2019-07-12,2019-07-12 09:39:07,1.23,1.1714,115,1.2,1.1428,101,1.2,1.1428,1,1.215,1.1571,497,0
SPY190715C299,2019-07-12,2019-07-12 09:39:07,1.23,1.1714,135,1.2,1.1428,86,1.2,1.1428,1,1.215,1.1571,497,0
SPY190715C299,2019-07-12,2019-07-12 09:39:08,1.23,1.1714,135,1.2,1.1428,86,1.2,1.1428,1,1.215,1.1571,497,0
SPY190715C299,2019-07-12,2019-07-12 09:39:09,1.23,1.1714,135,1.2,1.1428,146,1.2,1.1428,1,1.215,1.1571,497,0
SPY190715C299,2019-07-12,2019-07-12 09:39:10,1.23,1.1714,50,1.22,1.1619,45,1.23,1.1714,15,1.225,1.1666,512,15
SPY190715C299,2019-07-12,2019-07-12 09:39:10,1.23,1.1714,135,1.2,1.1428,146,1.2,1.1428,1,1.215,1.1571,497,0
SPY190715C299,2019-07-12,2019-07-12 09:39:11,1.24,1.1809,100,1.2,1.1428,100,1.23,1.1714,15,1.22,1.1619,512,0
SPY190715C299,2019-07-12,2019-07-12 09:39:12,1.24,1.1809,100,1.22,1.1619,39,1.23,1.1714,15,1.23,1.1714,512,0
SPY190715C299,2019-07-12,2019-07-12 09:39:12,1.24,1.1809,19,1.22,1.1619,39,1.23,1.1714,15,1.23,1.1714,512,0
SPY190715C299,2019-07-12,2019-07-12 09:39:13,1.24,1.1809,121,1.21,1.1523,45,1.23,1.1714,15,1.225,1.1666,512,0
SPY190715C299,2019-07-12,2019-07-12 09:39:13,1.25,1.1904,62,1.21,1.1523,26,1.23,1.1714,15,1.23,1.1714,512,0
SPY190715C299,2019-07-12,2019-07-12 09:39:14,1.24,1.1809,100,1.21,1.1523,26,1.23,1.1714,15,1.225,1.1666,512,0
SPY190715C299,2019-07-12,2019-07-12 09:39:15,1.24,1.1809,100,1.22,1.1619,26,1.23,1.1714,15,1.23,1.1714,512,0
SPY190715C299,2019-07-12,2019-07-12 09:39:15,1.24,1.1809,100,1.22,1.1619,56,1.23,1.1714,15,1.23,1.1714,512,0
SPY190715C299,2019-07-12,2019-07-12 09:39:16,1.25,1.1904,152,1.22,1.1619,40,1.23,1.1714,15,1.235,1.1761,512,0
SPY190715C299,2019-07-12,2019-07-12 09:39:16,1.25,1.1904,152,1.22,1.1619,26,1.23,1.1714,15,1.235,1.1761,512,0
SPY190715C299,2019-07-12,2019-07-12 09:39:17,1.25,1.1904,152,1.22,1.1619,164,1.23,1.1714,15,1.235,1.1761,512,0
SPY190715C299,2019-07-12,2019-07-12 09:39:17,1.25,1.1904,152,1.22,1.1619,87,1.23,1.1714,15,1.235,1.1761,512,0
SPY190715C299,2019-07-12,2019-07-12 09:39:18,1.25,1.1904,152,1.22,1.1619,148,1.23,1.1714,15,1.235,1.1761,512,0
SPY190715C299,2019-07-12,2019-07-12 09:39:19,1.25,1.1904,152,1.22,1.1619,148,1.23,1.1714,15,1.235,1.1761,512,0
SPY190715C299,2019-07-12,2019-07-12 09:39:19,1.25,1.1904,5,1.24,1.1809,100,1.25,1.1904,20,1.245,1.1857,532,20
SPY190715C299,2019-07-12,2019-07-12 09:39:20,1.27,1.2095,1,1.25,1.1904,20,1.25,1.1904,5,1.26,1.2,537,5
SPY190715C299,2019-07-12,2019-07-12 09:39:20,1.28,1.219,55,1.25,1.1904,20,1.25,1.1904,5,1.265,1.2047,537,0
SPY190715C299,2019-07-12,2019-07-12 09:39:21,1.28,1.219,120,1.24,1.1809,26,1.25,1.1904,5,1.26,1.2,537,0
SPY190715C299,2019-07-12,2019-07-12 09:39:21,1.27,1.2095,6,1.24,1.1809,69,1.25,1.1904,5,1.255,1.1952,537,0
SPY190715C299,2019-07-12,2019-07-12 09:39:22,1.27,1.2095,111,1.24,1.1809,45,1.25,1.1904,5,1.255,1.1952,537,0
SPY190715C299,2019-07-12,2019-07-12 09:39:22,1.27,1.2095,20,1.24,1.1809,45,1.25,1.1904,5,1.255,1.1952,537,0
SPY190715C299,2019-07-12,2019-07-12 09:39:23,1.27,1.2095,111,1.24,1.1809,56,1.25,1.1904,5,1.255,1.1952,537,0
SPY190715C299,2019-07-12,2019-07-12 09:39:24,1.27,1.2095,111,1.24,1.1809,67,1.25,1.1904,5,1.255,1.1952,537,0
SPY190715C299,2019-07-12,2019-07-12 09:39:25,1.27,1.2095,120,1.24,1.1809,67,1.25,1.1904,5,1.255,1.1952,537,0
SPY190715C299,2019-07-12,2019-07-12 09:39:25,1.27,1.2095,120,1.24,1.1809,78,1.25,1.1904,5,1.255,1.1952,537,0
SPY190715C299,2019-07-12,2019-07-12 09:39:26,1.27,1.2095,120,1.24,1.1809,67,1.25,1.1904,5,1.255,1.1952,537,0
SPY190715C299,2019-07-12,2019-07-12 09:39:26,1.27,1.2095,112,1.24,1.1809,71,1.25,1.1904,5,1.255,1.1952,537,0
SPY190715C299,2019-07-12,2019-07-12 09:39:27,1.27,1.2095,126,1.24,1.1809,84,1.25,1.1904,5,1.255,1.1952,537,0
SPY190715C299,2019-07-12,2019-07-12 09:39:27,1.27,1.2095,112,1.24,1.1809,97,1.25,1.1904,5,1.255,1.1952,537,0
SPY190715C299,2019-07-12,2019-07-12 09:39:28,1.27,1.2095,126,1.24,1.1809,88,1.25,1.1904,5,1.255,1.1952,537,0
SPY190715C299,2019-07-12,2019-07-12 09:39:29,1.27,1.2095,112,1.24,1.1809,71,1.25,1.1904,5,1.255,1.1952,537,0
SPY190715C299,2019-07-12,2019-07-12 09:39:30,1.28,1.219,100,1.25,1.1904,56,1.25,1.1904,5,1.265,1.2047,537,0
SPY190715C299,2019-07-12,2019-07-12 09:39:30,1.28,1.219,120,1.24,1.1809,81,1.25,1.1904,5,1.26,1.2,537,0
SPY190715C299,2019-07-12,2019-07-12 09:39:31,1.28,1.219,120,1.25,1.1904,56,1.25,1.1904,5,1.265,1.2047,537,0
SPY190715C299,2019-07-12,2019-07-12 09:39:31,1.28,1.219,120,1.25,1.1904,243,1.25,1.1904,5,1.265,1.2047,537,0
SPY190715C299,2019-07-12,2019-07-12 09:39:32,1.28,1.219,120,1.25,1.1904,178,1.25,1.1904,5,1.265,1.2047,537,0
SPY190715C299,2019-07-12,2019-07-12 09:39:33,1.28,1.219,120,1.25,1.1904,109,1.25,1.1904,5,1.265,1.2047,537,0
SPY190715C299,2019-07-12,2019-07-12 09:39:33,1.28,1.219,150,1.25,1.1904,125,1.25,1.1904,5,1.265,1.2047,537,0
SPY190715C299,2019-07-12,2019-07-12 09:39:34,1.3,1.238,86,1.27,1.2095,36,1.28,1.219,1,1.285,1.2238,543,1
SPY190715C299,2019-07-12,2019-07-12 09:39:34,1.29,1.2285,20,1.27,1.2095,36,1.26,1.2,5,1.28,1.219,542,5
SPY190715C299,2019-07-12,2019-07-12 09:39:35,1.3,1.238,3,1.27,1.2095,100,1.28,1.219,1,1.285,1.2238,543,0
SPY190715C299,2019-07-12,2019-07-12 09:39:35,1.3,1.238,100,1.27,1.2095,85,1.28,1.219,1,1.285,1.2238,543,0
SPY190715C299,2019-07-12,2019-07-12 09:39:36,1.3,1.238,3,1.27,1.2095,100,1.28,1.219,1,1.285,1.2238,543,0
SPY190715C299,2019-07-12,2019-07-12 09:39:37,1.3,1.238,3,1.29,1.2285,45,1.28,1.219,1,1.295,1.2333,543,0
SPY190715C299,2019-07-12,2019-07-12 09:39:38,1.32,1.2571,2,1.3,1.238,1,1.31,1.2476,1,1.31,1.2476,547,4
SPY190715C299,2019-07-12,2019-07-12 09:39:38,1.3,1.238,3,1.29,1.2285,45,1.28,1.219,1,1.295,1.2333,543,0
SPY190715C299,2019-07-12,2019-07-12 09:39:39,1.32,1.2571,2,1.29,1.2285,177,1.31,1.2476,1,1.305,1.2428,547,0
SPY190715C299,2019-07-12,2019-07-12 09:39:39,1.32,1.2571,2,1.3,1.238,123,1.31,1.2476,6,1.31,1.2476,553,6
SPY190715C299,2019-07-12,2019-07-12 09:39:40,1.34,1.2761,6,1.31,1.2476,26,1.32,1.2571,2,1.325,1.2619,555,2
SPY190715C299,2019-07-12,2019-07-12 09:39:41,1.35,1.2857,77,1.32,1.2571,37,1.32,1.2571,2,1.335,1.2714,555,0
SPY190715C299,2019-07-12,2019-07-12 09:39:41,1.35,1.2857,77,1.32,1.2571,120,1.32,1.2571,2,1.335,1.2714,555,0
SPY190715C299,2019-07-12,2019-07-12 09:39:42,1.35,1.2857,100,1.32,1.2571,157,1.32,1.2571,2,1.335,1.2714,555,0
SPY190715C299,2019-07-12,2019-07-12 09:39:42,1.35,1.2857,100,1.32,1.2571,142,1.33,1.2666,1,1.335,1.2714,556,1
SPY190715C299,2019-07-12,2019-07-12 09:39:43,1.35,1.2857,120,1.32,1.2571,101,1.33,1.2666,1,1.335,1.2714,556,0
SPY190715C299,2019-07-12,2019-07-12 09:39:43,1.35,1.2857,120,1.32,1.2571,178,1.33,1.2666,1,1.335,1.2714,556,0
SPY190715C299,2019-07-12,2019-07-12 09:39:44,1.35,1.2857,120,1.32,1.2571,289,1.33,1.2666,1,1.335,1.2714,556,0
SPY190715C299,2019-07-12,2019-07-12 09:39:44,1.35,1.2857,100,1.32,1.2571,375,1.33,1.2666,1,1.335,1.2714,556,0
SPY190715C299,2019-07-12,2019-07-12 09:39:45,1.35,1.2857,100,1.32,1.2571,259,1.33,1.2666,1,1.335,1.2714,556,0
SPY190715C299,2019-07-12,2019-07-12 09:39:46,1.35,1.2857,120,1.32,1.2571,143,1.33,1.2666,3,1.335,1.2714,559,0
SPY190715C299,2019-07-12,2019-07-12 09:39:46,1.35,1.2857,120,1.32,1.2571,143,1.33,1.2666,3,1.335,1.2714,559,3
SPY190715C299,2019-07-12,2019-07-12 09:39:47,1.35,1.2857,120,1.32,1.2571,143,1.33,1.2666,3,1.335,1.2714,559,0
SPY190715C299,2019-07-12,2019-07-12 09:39:48,1.35,1.2857,120,1.32,1.2571,143,1.33,1.2666,3,1.335,1.2714,559,0
SPY190715C299,2019-07-12,2019-07-12 09:39:49,1.35,1.2857,100,1.32,1.2571,219,1.33,1.2666,3,1.335,1.2714,559,0
SPY190715C299,2019-07-12,2019-07-12 09:39:49,1.35,1.2857,100,1.32,1.2571,143,1.33,1.2666,3,1.335,1.2714,559,0
SPY190715C299,2019-07-12,2019-07-12 09:39:50,1.35,1.2857,70,1.32,1.2571,100,1.33,1.2666,3,1.335,1.2714,559,0
SPY190715C299,2019-07-12,2019-07-12 09:39:50,1.35,1.2857,8,1.32,1.2571,18,1.33,1.2666,3,1.335,1.2714,559,0
SPY190715C299,2019-07-12,2019-07-12 09:39:51,1.35,1.2857,12,1.32,1.2571,110,1.33,1.2666,3,1.335,1.2714,559,0
SPY190715C299,2019-07-12,2019-07-12 09:39:52,1.35,1.2857,69,1.32,1.2571,127,1.33,1.2666,3,1.335,1.2714,559,0
SPY190715C299,2019-07-12,2019-07-12 09:39:52,1.35,1.2857,69,1.32,1.2571,24,1.33,1.2666,3,1.335,1.2714,559,0
SPY190715C299,2019-07-12,2019-07-12 09:39:53,1.34,1.2761,1,1.32,1.2571,100,1.33,1.2666,3,1.33,1.2666,559,0
SPY190715C299,2019-07-12,2019-07-12 09:39:53,1.34,1.2761,1,1.32,1.2571,127,1.33,1.2666,3,1.33,1.2666,559,0
SPY190715C299,2019-07-12,2019-07-12 09:39:54,1.34,1.2761,1,1.33,1.2666,7,1.33,1.2666,10,1.335,1.2714,569,0
SPY190715C299,2019-07-12,2019-07-12 09:39:54,1.34,1.2761,1,1.33,1.2666,1,1.33,1.2666,10,1.335,1.2714,569,10
SPY190715C299,2019-07-12,2019-07-12 09:39:55,1.34,1.2761,1,1.32,1.2571,156,1.33,1.2666,10,1.33,1.2666,569,0
SPY190715C299,2019-07-12,2019-07-12 09:39:56,1.34,1.2761,26,1.32,1.2571,41,1.33,1.2666,10,1.33,1.2666,569,0
SPY190715C299,2019-07-12,2019-07-12 09:39:56,1.34,1.2761,1,1.32,1.2571,141,1.33,1.2666,10,1.33,1.2666,569,0
SPY190715C299,2019-07-12,2019-07-12 09:39:57,1.34,1.2761,91,1.32,1.2571,41,1.33,1.2666,10,1.33,1.2666,569,0
SPY190715C299,2019-07-12,2019-07-12 09:39:57,1.34,1.2761,91,1.31,1.2476,39,1.33,1.2666,10,1.325,1.2619,569,0
SPY190715C299,2019-07-12,2019-07-12 09:39:58,1.33,1.2666,10,1.31,1.2476,18,1.33,1.2666,10,1.32,1.2571,569,0
SPY190715C299,2019-07-12,2019-07-12 09:39:58,1.34,1.2761,120,1.31,1.2476,44,1.33,1.2666,10,1.325,1.2619,569,0
SPY190715C299,2019-07-12,2019-07-12 09:39:59,1.33,1.2666,106,1.3,1.238,26,1.33,1.2666,10,1.315,1.2523,569,0
SPY190715C299,2019-07-12,2019-07-12 09:40:00,1.3,1.238,1,1.28,1.219,6,1.3,1.238,1,1.29,1.2285,570,1
SPY190715C299,2019-07-12,2019-07-12 09:40:00,1.32,1.2571,26,1.3,1.238,1,1.33,1.2666,10,1.31,1.2476,569,0
SPY190715C299,2019-07-12,2019-07-12 09:40:01,1.32,1.2571,100,1.27,1.2095,100,1.3,1.238,1,1.295,1.2333,571,1
SPY190715C299,2019-07-12,2019-07-12 09:40:02,1.3,1.238,5,1.27,1.2095,61,1.3,1.238,1,1.285,1.2238,571,0
SPY190715C299,2019-07-12,2019-07-12 09:40:02,1.31,1.2476,72,1.27,1.2095,61,1.3,1.238,1,1.29,1.2285,571,0
SPY190715C299,2019-07-12,2019-07-12 09:40:03,1.33,1.2666,76,1.3,1.238,26,1.3,1.238,1,1.315,1.2523,571,0
SPY190715C299,2019-07-12,2019-07-12 09:40:03,1.33,1.2666,1,1.3,1.238,39,1.3,1.238,1,1.315,1.2523,571,0
SPY190715C299,2019-07-12,2019-07-12 09:40:04,1.33,1.2666,1,1.32,1.2571,26,1.33,1.2666,1,1.325,1.2619,572,1
SPY190715C299,2019-07-12,2019-07-12 09:40:04,1.34,1.2761,1,1.32,1.2571,45,1.33,1.2666,1,1.33,1.2666,572,0
SPY190715C299,2019-07-12,2019-07-12 09:40:05,1.34,1.2761,20,1.31,1.2476,10,1.33,1.2666,1,1.325,1.2619,572,0
SPY190715C299,2019-07-12,2019-07-12 09:40:06,1.34,1.2761,120,1.31,1.2476,13,1.33,1.2666,1,1.325,1.2619,572,0
SPY190715C299,2019-07-12,2019-07-12 09:40:06,1.34,1.2761,120,1.32,1.2571,12,1.33,1.2666,1,1.33,1.2666,572,0
SPY190715C299,2019-07-12,2019-07-12 09:40:07,1.34,1.2761,1,1.32,1.2571,18,1.33,1.2666,1,1.33,1.2666,572,0
SPY190715C299,2019-07-12,2019-07-12 09:40:07,1.34,1.2761,1,1.32,1.2571,22,1.33,1.2666,1,1.33,1.2666,572,0
SPY190715C299,2019-07-12,2019-07-12 09:40:08,1.34,1.2761,1,1.32,1.2571,33,1.33,1.2666,1,1.33,1.2666,572,0
SPY190715C299,2019-07-12,2019-07-12 09:40:09,1.34,1.2761,1,1.32,1.2571,46,1.33,1.2666,1,1.33,1.2666,572,0
SPY190715C299,2019-07-12,2019-07-12 09:40:10,1.34,1.2761,1,1.32,1.2571,104,1.33,1.2666,1,1.33,1.2666,572,0
SPY190715C299,2019-07-12,2019-07-12 09:40:10,1.34,1.2761,1,1.32,1.2571,69,1.33,1.2666,1,1.33,1.2666,572,0
SPY190715C299,2019-07-12,2019-07-12 09:40:11,1.35,1.2857,8,1.34,1.2761,23,1.34,1.2761,1,1.345,1.2809,573,0
SPY190715C299,2019-07-12,2019-07-12 09:40:11,1.35,1.2857,84,1.34,1.2761,12,1.34,1.2761,1,1.345,1.2809,573,1
SPY190715C299,2019-07-12,2019-07-12 09:40:12,1.35,1.2857,12,1.32,1.2571,30,1.34,1.2761,1,1.335,1.2714,573,0
SPY190715C299,2019-07-12,2019-07-12 09:40:12,1.35,1.2857,8,1.34,1.2761,33,1.34,1.2761,1,1.345,1.2809,573,0
SPY190715C299,2019-07-12,2019-07-12 09:40:13,1.35,1.2857,100,1.32,1.2571,45,1.34,1.2761,1,1.335,1.2714,573,0
SPY190715C299,2019-07-12,2019-07-12 09:40:14,1.35,1.2857,8,1.34,1.2761,24,1.34,1.2761,1,1.345,1.2809,573,0
SPY190715C299,2019-07-12,2019-07-12 09:40:14,1.35,1.2857,8,1.34,1.2761,16,1.34,1.2761,1,1.345,1.2809,573,0
SPY190715C299,2019-07-12,2019-07-12 09:40:15,1.35,1.2857,8,1.34,1.2761,34,1.34,1.2761,1,1.345,1.2809,573,0
SPY190715C299,2019-07-12,2019-07-12 09:40:15,1.35,1.2857,8,1.34,1.2761,16,1.34,1.2761,1,1.345,1.2809,573,0
SPY190715C299,2019-07-12,2019-07-12 09:40:16,1.35,1.2857,8,1.34,1.2761,40,1.34,1.2761,1,1.345,1.2809,573,0
SPY190715C299,2019-07-12,2019-07-12 09:40:16,1.35,1.2857,8,1.34,1.2761,16,1.34,1.2761,1,1.345,1.2809,573,0
SPY190715C299,2019-07-12,2019-07-12 09:40:17,1.37,1.3047,82,1.34,1.2761,40,1.35,1.2857,8,1.355,1.2904,581,8
SPY190715C299,2019-07-12,2019-07-12 09:40:18,1.37,1.3047,82,1.35,1.2857,1,1.35,1.2857,8,1.36,1.2952,581,0
SPY190715C299,2019-07-12,2019-07-12 09:40:18,1.37,1.3047,120,1.34,1.2761,18,1.35,1.2857,8,1.355,1.2904,581,0
SPY190715C299,2019-07-12,2019-07-12 09:40:19,1.37,1.3047,120,1.34,1.2761,22,1.35,1.2857,8,1.355,1.2904,581,0
SPY190715C299,2019-07-12,2019-07-12 09:40:19,1.37,1.3047,120,1.34,1.2761,33,1.35,1.2857,8,1.355,1.2904,581,0
SPY190715C299,2019-07-12,2019-07-12 09:40:20,1.37,1.3047,72,1.34,1.2761,42,1.35,1.2857,8,1.355,1.2904,581,0
SPY190715C299,2019-07-12,2019-07-12 09:40:20,1.38,1.3142,22,1.34,1.2761,41,1.35,1.2857,8,1.36,1.2952,581,0
SPY190715C299,2019-07-12,2019-07-12 09:40:21,1.37,1.3047,10,1.34,1.2761,110,1.35,1.2857,8,1.355,1.2904,581,0
SPY190715C299,2019-07-12,2019-07-12 09:40:22,1.37,1.3047,10,1.35,1.2857,18,1.35,1.2857,8,1.36,1.2952,581,0
SPY190715C299,2019-07-12,2019-07-12 09:40:22,1.38,1.3142,16,1.36,1.2952,16,1.35,1.2857,8,1.37,1.3047,581,0
SPY190715C299,2019-07-12,2019-07-12 09:40:23,1.38,1.3142,34,1.35,1.2857,27,1.35,1.2857,8,1.365,1.3,581,0
SPY190715C299,2019-07-12,2019-07-12 09:40:23,1.38,1.3142,18,1.35,1.2857,34,1.35,1.2857,8,1.365,1.3,581,0
SPY190715C299,2019-07-12,2019-07-12 09:40:24,1.38,1.3142,18,1.35,1.2857,57,1.35,1.2857,8,1.365,1.3,581,0
SPY190715C299,2019-07-12,2019-07-12 09:40:24,1.38,1.3142,35,1.35,1.2857,112,1.35,1.2857,8,1.365,1.3,581,0
SPY190715C299,2019-07-12,2019-07-12 09:40:25,1.38,1.3142,7,1.34,1.2761,20,1.35,1.2857,8,1.36,1.2952,581,0
SPY190715C299,2019-07-12,2019-07-12 09:40:25,1.38,1.3142,16,1.35,1.2857,112,1.35,1.2857,8,1.365,1.3,581,0
SPY190715C299,2019-07-12,2019-07-12 09:40:26,1.37,1.3047,50,1.34,1.2761,20,1.35,1.2857,8,1.355,1.2904,581,0
SPY190715C299,2019-07-12,2019-07-12 09:40:26,1.37,1.3047,28,1.34,1.2761,20,1.35,1.2857,8,1.355,1.2904,581,0
SPY190715C299,2019-07-12,2019-07-12 09:40:27,1.37,1.3047,50,1.34,1.2761,20,1.35,1.2857,8,1.355,1.2904,581,0
SPY190715C299,2019-07-12,2019-07-12 09:40:28,1.37,1.3047,38,1.34,1.2761,35,1.35,1.2857,8,1.355,1.2904,581,0
SPY190715C299,2019-07-12,2019-07-12 09:40:28,1.37,1.3047,25,1.34,1.2761,35,1.35,1.2857,8,1.355,1.2904,581,0
SPY190715C299,2019-07-12,2019-07-12 09:40:29,1.37,1.3047,95,1.34,1.2761,35,1.35,1.2857,8,1.355,1.2904,581,0
SPY190715C299,2019-07-12,2019-07-12 09:40:29,1.37,1.3047,46,1.34,1.2761,35,1.35,1.2857,8,1.355,1.2904,581,0
SPY190715C299,2019-07-12,2019-07-12 09:40:30,1.36,1.2952,20,1.34,1.2761,8,1.35,1.2857,8,1.35,1.2857,581,0
SPY190715C299,2019-07-12,2019-07-12 09:40:30,1.36,1.2952,64,1.33,1.2666,13,1.35,1.2857,8,1.345,1.2809,581,0
SPY190715C299,2019-07-12,2019-07-12 09:40:31,1.36,1.2952,35,1.33,1.2666,36,1.35,1.2857,8,1.345,1.2809,581,0
SPY190715C299,2019-07-12,2019-07-12 09:40:32,1.36,1.2952,41,1.33,1.2666,36,1.35,1.2857,8,1.345,1.2809,581,0
SPY190715C299,2019-07-12,2019-07-12 09:40:33,1.36,1.2952,42,1.33,1.2666,16,1.35,1.2857,8,1.345,1.2809,581,0
SPY190715C299,2019-07-12,2019-07-12 09:40:33,1.36,1.2952,42,1.32,1.2571,44,1.35,1.2857,8,1.34,1.2761,581,0
SPY190715C299,2019-07-12,2019-07-12 09:40:34,1.37,1.3047,136,1.34,1.2761,16,1.35,1.2857,8,1.355,1.2904,581,0
SPY190715C299,2019-07-12,2019-07-12 09:40:35,1.36,1.2952,19,1.33,1.2666,16,1.35,1.2857,8,1.345,1.2809,581,0
SPY190715C299,2019-07-12,2019-07-12 09:40:35,1.36,1.2952,24,1.34,1.2761,14,1.35,1.2857,8,1.35,1.2857,581,0
SPY190715C299,2019-07-12,2019-07-12 09:40:36,1.36,1.2952,19,1.33,1.2666,16,1.35,1.2857,8,1.345,1.2809,581,0
SPY190715C299,2019-07-12,2019-07-12 09:40:37,1.36,1.2952,149,1.32,1.2571,64,1.35,1.2857,8,1.34,1.2761,581,0
SPY190715C299,2019-07-12,2019-07-12 09:40:37,1.36,1.2952,77,1.33,1.2666,10,1.35,1.2857,8,1.345,1.2809,581,0
SPY190715C299,2019-07-12,2019-07-12 09:40:38,1.36,1.2952,24,1.32,1.2571,64,1.35,1.2857,8,1.34,1.2761,581,0
SPY190715C299,2019-07-12,2019-07-12 09:40:39,1.36,1.2952,22,1.34,1.2761,10,1.35,1.2857,8,1.35,1.2857,581,0
SPY190715C299,2019-07-12,2019-07-12 09:40:39,1.36,1.2952,47,1.33,1.2666,12,1.35,1.2857,8,1.345,1.2809,581,0
SPY190715C299,2019-07-12,2019-07-12 09:40:40,1.36,1.2952,87,1.32,1.2571,16,1.35,1.2857,8,1.34,1.2761,581,0
SPY190715C299,2019-07-12,2019-07-12 09:40:40,1.36,1.2952,100,1.32,1.2571,74,1.35,1.2857,8,1.34,1.2761,581,0
SPY190715C299,2019-07-12,2019-07-12 09:40:41,1.35,1.2857,75,1.32,1.2571,87,1.35,1.2857,8,1.335,1.2714,581,0
SPY190715C299,2019-07-12,2019-07-12 09:40:41,1.35,1.2857,30,1.33,1.2666,10,1.35,1.2857,8,1.34,1.2761,581,0
SPY190715C299,2019-07-12,2019-07-12 09:40:42,1.35,1.2857,42,1.33,1.2666,16,1.35,1.2857,8,1.34,1.2761,581,0
SPY190715C299,2019-07-12,2019-07-12 09:40:42,1.35,1.2857,86,1.33,1.2666,10,1.35,1.2857,8,1.34,1.2761,581,0
SPY190715C299,2019-07-12,2019-07-12 09:40:43,1.35,1.2857,42,1.33,1.2666,10,1.35,1.2857,8,1.34,1.2761,581,0
SPY190715C299,2019-07-12,2019-07-12 09:40:44,1.35,1.2857,86,1.32,1.2571,17,1.35,1.2857,8,1.335,1.2714,581,0
SPY190715C299,2019-07-12,2019-07-12 09:40:44,1.35,1.2857,56,1.33,1.2666,10,1.35,1.2857,8,1.34,1.2761,581,0
SPY190715C299,2019-07-12,2019-07-12 09:40:45,1.34,1.2761,10,1.32,1.2571,5,1.35,1.2857,8,1.33,1.2666,581,0
SPY190715C299,2019-07-12,2019-07-12 09:40:45,1.35,1.2857,86,1.32,1.2571,19,1.35,1.2857,8,1.335,1.2714,581,0
SPY190715C299,2019-07-12,2019-07-12 09:40:46,1.35,1.2857,45,1.32,1.2571,46,1.35,1.2857,8,1.335,1.2714,581,0
SPY190715C299,2019-07-12,2019-07-12 09:40:46,1.35,1.2857,45,1.33,1.2666,16,1.35,1.2857,8,1.34,1.2761,581,0
SPY190715C299,2019-07-12,2019-07-12 09:40:47,1.35,1.2857,86,1.32,1.2571,46,1.35,1.2857,8,1.335,1.2714,581,0
SPY190715C299,2019-07-12,2019-07-12 09:40:47,1.35,1.2857,160,1.32,1.2571,37,1.35,1.2857,8,1.335,1.2714,581,0
SPY190715C299,2019-07-12,2019-07-12 09:40:48,1.34,1.2761,5,1.32,1.2571,5,1.35,1.2857,8,1.33,1.2666,581,0
SPY190715C299,2019-07-12,2019-07-12 09:40:49,1.34,1.2761,118,1.32,1.2571,5,1.35,1.2857,8,1.33,1.2666,581,0
SPY190715C299,2019-07-12,2019-07-12 09:40:49,1.34,1.2761,268,1.32,1.2571,5,1.35,1.2857,8,1.33,1.2666,581,0
SPY190715C299,2019-07-12,2019-07-12 09:40:50,1.35,1.2857,197,1.32,1.2571,5,1.35,1.2857,8,1.335,1.2714,581,0
SPY190715C299,2019-07-12,2019-07-12 09:40:50,1.34,1.2761,118,1.32,1.2571,5,1.35,1.2857,8,1.33,1.2666,581,0
SPY190715C299,2019-07-12,2019-07-12 09:40:51,1.35,1.2857,41,1.32,1.2571,257,1.32,1.2571,50,1.335,1.2714,631,0
SPY190715C299,2019-07-12,2019-07-12 09:40:51,1.35,1.2857,97,1.32,1.2571,5,1.32,1.2571,50,1.335,1.2714,631,50
SPY190715C299,2019-07-12,2019-07-12 09:40:52,1.35,1.2857,41,1.33,1.2666,26,1.32,1.2571,50,1.34,1.2761,631,0
SPY190715C299,2019-07-12,2019-07-12 09:40:53,1.35,1.2857,41,1.33,1.2666,26,1.32,1.2571,50,1.34,1.2761,631,0
SPY190715C299,2019-07-12,2019-07-12 09:40:53,1.35,1.2857,67,1.33,1.2666,26,1.32,1.2571,50,1.34,1.2761,631,0
SPY190715C299,2019-07-12,2019-07-12 09:40:54,1.35,1.2857,53,1.32,1.2571,5,1.32,1.2571,50,1.335,1.2714,631,0
SPY190715C299,2019-07-12,2019-07-12 09:40:54,1.35,1.2857,150,1.32,1.2571,80,1.32,1.2571,50,1.335,1.2714,631,0
SPY190715C299,2019-07-12,2019-07-12 09:40:55,1.34,1.2761,115,1.32,1.2571,5,1.32,1.2571,50,1.33,1.2666,631,0
SPY190715C299,2019-07-12,2019-07-12 09:40:56,1.34,1.2761,115,1.32,1.2571,5,1.32,1.2571,50,1.33,1.2666,631,0
SPY190715C299,2019-07-12,2019-07-12 09:40:56,1.34,1.2761,198,1.32,1.2571,5,1.32,1.2571,50,1.33,1.2666,631,0
SPY190715C299,2019-07-12,2019-07-12 09:40:57,1.33,1.2666,1,1.32,1.2571,5,1.33,1.2666,2,1.325,1.2619,646,15
SPY190715C299,2019-07-12,2019-07-12 09:40:57,1.34,1.2761,164,1.32,1.2571,5,1.33,1.2666,2,1.33,1.2666,646,0
SPY190715C299,2019-07-12,2019-07-12 09:40:58,1.34,1.2761,101,1.32,1.2571,5,1.33,1.2666,2,1.33,1.2666,646,0
SPY190715C299,2019-07-12,2019-07-12 09:40:59,1.34,1.2761,115,1.31,1.2476,16,1.33,1.2666,2,1.325,1.2619,646,0
SPY190715C299,2019-07-12,2019-07-12 09:41:00,1.33,1.2666,12,1.31,1.2476,41,1.33,1.2666,2,1.32,1.2571,646,0
SPY190715C299,2019-07-12,2019-07-12 09:41:00,1.34,1.2761,199,1.31,1.2476,41,1.33,1.2666,2,1.325,1.2619,646,0
SPY190715C299,2019-07-12,2019-07-12 09:41:01,1.33,1.2666,20,1.31,1.2476,25,1.33,1.2666,2,1.32,1.2571,646,0
SPY190715C299,2019-07-12,2019-07-12 09:41:01,1.33,1.2666,100,1.31,1.2476,25,1.33,1.2666,2,1.32,1.2571,646,0
SPY190715C299,2019-07-12,2019-07-12 09:41:02,1.32,1.2571,120,1.3,1.238,7,1.33,1.2666,2,1.31,1.2476,646,0
SPY190715C299,2019-07-12,2019-07-12 09:41:03,1.32,1.2571,120,1.3,1.238,1,1.33,1.2666,2,1.31,1.2476,646,0
SPY190715C299,2019-07-12,2019-07-12 09:41:04,1.32,1.2571,120,1.3,1.238,11,1.33,1.2666,2,1.31,1.2476,646,0
SPY190715C299,2019-07-12,2019-07-12 09:41:04,1.32,1.2571,99,1.3,1.238,7,1.33,1.2666,2,1.31,1.2476,646,0
SPY190715C299,2019-07-12,2019-07-12 09:41:05,1.32,1.2571,99,1.3,1.238,1,1.33,1.2666,2,1.31,1.2476,646,0
SPY190715C299,2019-07-12,2019-07-12 09:41:05,1.32,1.2571,99,1.3,1.238,7,1.33,1.2666,2,1.31,1.2476,646,0
SPY190715C299,2019-07-12,2019-07-12 09:41:06,1.32,1.2571,191,1.3,1.238,1,1.33,1.2666,2,1.31,1.2476,646,0
SPY190715C299,2019-07-12,2019-07-12 09:41:07,1.3,1.238,63,1.28,1.219,46,1.3,1.238,1,1.29,1.2285,647,0
SPY190715C299,2019-07-12,2019-07-12 09:41:07,1.3,1.238,20,1.3,1.238,1,1.3,1.238,1,1.3,1.238,647,1
SPY190715C299,2019-07-12,2019-07-12 09:41:08,1.3,1.238,63,1.28,1.219,46,1.3,1.238,1,1.29,1.2285,647,0
SPY190715C299,2019-07-12,2019-07-12 09:41:09,1.3,1.238,119,1.27,1.2095,52,1.3,1.238,1,1.285,1.2238,647,0
SPY190715C299,2019-07-12,2019-07-12 09:41:10,1.29,1.2285,26,1.26,1.2,127,1.3,1.238,1,1.275,1.2142,647,0
SPY190715C299,2019-07-12,2019-07-12 09:41:10,1.3,1.238,116,1.27,1.2095,52,1.3,1.238,1,1.285,1.2238,647,0
SPY190715C299,2019-07-12,2019-07-12 09:41:11,1.3,1.238,100,1.26,1.2,120,1.3,1.238,1,1.28,1.219,647,0
SPY190715C299,2019-07-12,2019-07-12 09:41:11,1.29,1.2285,26,1.26,1.2,26,1.3,1.238,1,1.275,1.2142,647,0
SPY190715C299,2019-07-12,2019-07-12 09:41:12,1.3,1.238,106,1.27,1.2095,56,1.3,1.238,1,1.285,1.2238,647,0
