symbol,Date,quote_time,ask_price,norm_ask_price,ask_size,bid_price,norm_bid_price,bid_size,last_trade_price,norm_last_trade_price,last_trade_size,mark_price,norm_mark_price,volume,Volume
IWM190913P155,2019-09-12,2019-09-12 09:46:48,0.42,1.0,150,0.41,0.9761,157,0.41,0.9761,15,0.415,0.988,2913,2913
IWM190913P155,2019-09-12,2019-09-12 09:46:49,0.45,1.0714,15,0.41,0.9761,100,0.41,0.9761,15,0.43,1.0238,2913,0
IWM190913P155,2019-09-12,2019-09-12 09:46:50,0.44,1.0476,150,0.43,1.0238,89,0.41,0.9761,15,0.435,1.0357,2913,0
IWM190913P155,2019-09-12,2019-09-12 09:46:50,0.44,1.0476,150,0.42,1.0,124,0.41,0.9761,15,0.43,1.0238,2913,0
IWM190913P155,2019-09-12,2019-09-12 09:46:51,0.43,1.0238,80,0.42,1.0,83,0.41,0.9761,15,0.425,1.0119,2913,0
IWM190913P155,2019-09-12,2019-09-12 09:46:51,0.44,1.0476,20,0.42,1.0,246,0.41,0.9761,15,0.43,1.0238,2913,0
IWM190913P155,2019-09-12,2019-09-12 09:46:52,0.46,1.0952,79,0.45,1.0714,14,0.41,0.9761,15,0.455,1.0833,2913,0
IWM190913P155,2019-09-12,2019-09-12 09:46:52,0.46,1.0952,79,0.44,1.0476,105,0.41,0.9761,15,0.45,1.0714,2913,0
IWM190913P155,2019-09-12,2019-09-12 09:46:53,0.46,1.0952,36,0.45,1.0714,108,0.41,0.9761,15,0.455,1.0833,2913,0
IWM190913P155,2019-09-12,2019-09-12 09:46:53,0.46,1.0952,28,0.45,1.0714,94,0.41,0.9761,15,0.455,1.0833,2913,0
IWM190913P155,2019-09-12,2019-09-12 09:46:54,0.45,1.0714,82,0.44,1.0476,26,0.41,0.9761,15,0.445,1.0595,2913,0
IWM190913P155,2019-09-12,2019-09-12 09:46:54,0.45,1.0714,124,0.43,1.0238,105,0.41,0.9761,15,0.44,1.0476,2913,0
IWM190913P155,2019-09-12,2019-09-12 09:46:55,0.44,1.0476,60,0.43,1.0238,101,0.41,0.9761,15,0.435,1.0357,2913,0
IWM190913P155,2019-09-12,2019-09-12 09:46:56,0.45,1.0714,130,0.44,1.0476,82,0.41,0.9761,15,0.445,1.0595,2913,0
IWM190913P155,2019-09-12,2019-09-12 09:46:56,0.45,1.0714,130,0.44,1.0476,81,0.41,0.9761,15,0.445,1.0595,2913,0
IWM190913P155,2019-09-12,2019-09-12 09:46:57,0.45,1.0714,21,0.44,1.0476,67,0.41,0.9761,15,0.445,1.0595,2913,0
IWM190913P155,2019-09-12,2019-09-12 09:46:57,0.48,1.1428,63,0.46,1.0952,98,0.41,0.9761,15,0.47,1.119,2913,0
IWM190913P155,2019-09-12,2019-09-12 09:46:58,0.48,1.1428,96,0.47,1.119,80,0.41,0.9761,15,0.475,1.1309,2913,0
IWM190913P155,2019-09-12,2019-09-12 09:46:58,0.48,1.1428,26,0.47,1.119,80,0.41,0.9761,15,0.475,1.1309,2913,0
IWM190913P155,2019-09-12,2019-09-12 09:46:59,0.49,1.1666,70,0.47,1.119,93,0.47,1.119,1,0.48,1.1428,2914,1
IWM190913P155,2019-09-12,2019-09-12 09:46:59,0.48,1.1428,26,0.47,1.119,98,0.47,1.119,1,0.475,1.1309,2914,0
IWM190913P155,2019-09-12,2019-09-12 09:47:00,0.48,1.1428,49,0.47,1.119,111,0.47,1.119,1,0.475,1.1309,2914,0
IWM190913P155,2019-09-12,2019-09-12 09:47:00,0.48,1.1428,26,0.46,1.0952,89,0.47,1.119,1,0.47,1.119,2914,0
IWM190913P155,2019-09-12,2019-09-12 09:47:01,0.47,1.119,26,0.45,1.0714,211,0.47,1.119,1,0.46,1.0952,2914,0
IWM190913P155,2019-09-12,2019-09-12 09:47:02,0.47,1.119,26,0.45,1.0714,18,0.47,1.119,1,0.46,1.0952,2914,0
IWM190913P155,2019-09-12,2019-09-12 09:47:02,0.5,1.1904,115,0.47,1.119,104,0.46,1.0952,903,0.485,1.1547,3914,1000
IWM190913P155,2019-09-12,2019-09-12 09:47:03,0.48,1.1428,13,0.46,1.0952,278,0.46,1.0952,903,0.47,1.119,3914,0
IWM190913P155,2019-09-12,2019-09-12 09:47:03,0.48,1.1428,13,0.47,1.119,80,0.46,1.0952,903,0.475,1.1309,3914,0
IWM190913P155,2019-09-12,2019-09-12 09:47:04,0.48,1.1428,13,0.47,1.119,98,0.46,1.0952,903,0.475,1.1309,3914,0
IWM190913P155,2019-09-12,2019-09-12 09:47:05,0.48,1.1428,38,0.47,1.119,98,0.46,1.0952,903,0.475,1.1309,3914,0
IWM190913P155,2019-09-12,2019-09-12 09:47:05,0.49,1.1666,276,0.47,1.119,98,0.46,1.0952,903,0.48,1.1428,3914,0
IWM190913P155,2019-09-12,2019-09-12 09:47:06,0.49,1.1666,77,0.47,1.119,111,0.46,1.0952,903,0.48,1.1428,3914,0
IWM190913P155,2019-09-12,2019-09-12 09:47:06,0.49,1.1666,294,0.47,1.119,103,0.46,1.0952,903,0.48,1.1428,3914,0
IWM190913P155,2019-09-12,2019-09-12 09:47:07,0.49,1.1666,294,0.47,1.119,90,0.46,1.0952,903,0.48,1.1428,3914,0
IWM190913P155,2019-09-12,2019-09-12 09:47:08,0.49,1.1666,356,0.47,1.119,90,0.46,1.0952,903,0.48,1.1428,3914,0
IWM190913P155,2019-09-12,2019-09-12 09:47:08,0.49,1.1666,306,0.47,1.119,128,0.46,1.0952,903,0.48,1.1428,3914,0
IWM190913P155,2019-09-12,2019-09-12 09:47:09,0.48,1.1428,72,0.47,1.119,45,0.46,1.0952,903,0.475,1.1309,3914,0
IWM190913P155,2019-09-12,2019-09-12 09:47:09,0.48,1.1428,60,0.47,1.119,90,0.46,1.0952,903,0.475,1.1309,3914,0
IWM190913P155,2019-09-12,2019-09-12 09:47:10,0.48,1.1428,30,0.46,1.0952,96,0.46,1.0952,903,0.47,1.119,3914,0
IWM190913P155,2019-09-12,2019-09-12 09:47:10,0.48,1.1428,303,0.46,1.0952,104,0.46,1.0952,903,0.47,1.119,3914,0
IWM190913P155,2019-09-12,2019-09-12 09:47:11,0.49,1.1666,371,0.46,1.0952,96,0.46,1.0952,903,0.475,1.1309,3914,0
IWM190913P155,2019-09-12,2019-09-12 09:47:11,0.48,1.1428,111,0.47,1.119,96,0.46,1.0952,903,0.475,1.1309,3914,0
IWM190913P155,2019-09-12,2019-09-12 09:47:12,0.48,1.1428,111,0.47,1.119,96,0.46,1.0952,903,0.475,1.1309,3914,0
IWM190913P155,2019-09-12,2019-09-12 09:47:13,0.48,1.1428,111,0.47,1.119,96,0.46,1.0952,903,0.475,1.1309,3914,0
IWM190913P155,2019-09-12,2019-09-12 09:47:13,0.48,1.1428,111,0.47,1.119,176,0.47,1.119,10,0.475,1.1309,3924,10
IWM190913P155,2019-09-12,2019-09-12 09:47:14,0.48,1.1428,220,0.46,1.0952,102,0.47,1.119,10,0.47,1.119,3924,0
IWM190913P155,2019-09-12,2019-09-12 09:47:14,0.48,1.1428,111,0.47,1.119,176,0.47,1.119,10,0.475,1.1309,3924,0
IWM190913P155,2019-09-12,2019-09-12 09:47:15,0.48,1.1428,343,0.46,1.0952,150,0.47,1.119,10,0.47,1.119,3924,0
IWM190913P155,2019-09-12,2019-09-12 09:47:15,0.48,1.1428,293,0.46,1.0952,150,0.47,1.119,10,0.47,1.119,3924,0
IWM190913P155,2019-09-12,2019-09-12 09:47:16,0.48,1.1428,288,0.46,1.0952,150,0.47,1.119,10,0.47,1.119,3924,0
IWM190913P155,2019-09-12,2019-09-12 09:47:16,0.48,1.1428,100,0.47,1.119,13,0.47,1.119,10,0.475,1.1309,3924,0
IWM190913P155,2019-09-12,2019-09-12 09:47:17,0.48,1.1428,176,0.46,1.0952,108,0.47,1.119,10,0.47,1.119,3924,0
IWM190913P155,2019-09-12,2019-09-12 09:47:17,0.48,1.1428,96,0.47,1.119,40,0.47,1.119,10,0.475,1.1309,3924,0
IWM190913P155,2019-09-12,2019-09-12 09:47:18,0.47,1.119,110,0.45,1.0714,81,0.47,1.119,10,0.46,1.0952,3924,0
IWM190913P155,2019-09-12,2019-09-12 09:47:18,0.48,1.1428,146,0.46,1.0952,109,0.47,1.119,10,0.47,1.119,3924,0
IWM190913P155,2019-09-12,2019-09-12 09:47:19,0.47,1.119,110,0.45,1.0714,118,0.47,1.119,10,0.46,1.0952,3924,0
IWM190913P155,2019-09-12,2019-09-12 09:47:20,0.47,1.119,295,0.45,1.0714,102,0.47,1.119,10,0.46,1.0952,3924,0
IWM190913P155,2019-09-12,2019-09-12 09:47:20,0.46,1.0952,38,0.45,1.0714,39,0.47,1.119,10,0.455,1.0833,3924,0
IWM190913P155,2019-09-12,2019-09-12 09:47:21,0.46,1.0952,78,0.45,1.0714,21,0.47,1.119,10,0.455,1.0833,3924,0
IWM190913P155,2019-09-12,2019-09-12 09:47:21,0.46,1.0952,78,0.45,1.0714,39,0.47,1.119,10,0.455,1.0833,3924,0
IWM190913P155,2019-09-12,2019-09-12 09:47:22,0.46,1.0952,78,0.44,1.0476,114,0.47,1.119,10,0.45,1.0714,3924,0
IWM190913P155,2019-09-12,2019-09-12 09:47:22,0.48,1.1428,85,0.46,1.0952,11,0.46,1.0952,1,0.47,1.119,3926,2
IWM190913P155,2019-09-12,2019-09-12 09:47:23,0.48,1.1428,100,0.46,1.0952,23,0.46,1.0952,1,0.47,1.119,3926,0
IWM190913P155,2019-09-12,2019-09-12 09:47:24,0.48,1.1428,21,0.46,1.0952,131,0.46,1.0952,1,0.47,1.119,3926,0
IWM190913P155,2019-09-12,2019-09-12 09:47:24,0.48,1.1428,100,0.46,1.0952,131,0.46,1.0952,1,0.47,1.119,3926,0
IWM190913P155,2019-09-12,2019-09-12 09:47:25,0.48,1.1428,22,0.47,1.119,100,0.46,1.0952,1,0.475,1.1309,3926,0
IWM190913P155,2019-09-12,2019-09-12 09:47:25,0.48,1.1428,12,0.47,1.119,130,0.46,1.0952,1,0.475,1.1309,3926,0
IWM190913P155,2019-09-12,2019-09-12 09:47:26,0.48,1.1428,86,0.46,1.0952,101,0.46,1.0952,1,0.47,1.119,3926,0
IWM190913P155,2019-09-12,2019-09-12 09:47:26,0.48,1.1428,32,0.47,1.119,80,0.46,1.0952,1,0.475,1.1309,3926,0
IWM190913P155,2019-09-12,2019-09-12 09:47:27,0.48,1.1428,209,0.47,1.119,26,0.46,1.0952,1,0.475,1.1309,3926,0
IWM190913P155,2019-09-12,2019-09-12 09:47:27,0.48,1.1428,86,0.47,1.119,26,0.46,1.0952,1,0.475,1.1309,3926,0
IWM190913P155,2019-09-12,2019-09-12 09:47:28,0.48,1.1428,95,0.46,1.0952,91,0.46,1.0952,1,0.47,1.119,3926,0
IWM190913P155,2019-09-12,2019-09-12 09:47:28,0.48,1.1428,265,0.46,1.0952,91,0.46,1.0952,1,0.47,1.119,3926,0
IWM190913P155,2019-09-12,2019-09-12 09:47:29,0.48,1.1428,86,0.46,1.0952,91,0.46,1.0952,1,0.47,1.119,3926,0
IWM190913P155,2019-09-12,2019-09-12 09:47:29,0.48,1.1428,74,0.47,1.119,71,0.46,1.0952,1,0.475,1.1309,3926,0
IWM190913P155,2019-09-12,2019-09-12 09:47:30,0.48,1.1428,36,0.47,1.119,71,0.46,1.0952,1,0.475,1.1309,3926,0
IWM190913P155,2019-09-12,2019-09-12 09:47:31,0.48,1.1428,77,0.47,1.119,25,0.46,1.0952,1,0.475,1.1309,3926,0
IWM190913P155,2019-09-12,2019-09-12 09:47:31,0.48,1.1428,77,0.46,1.0952,107,0.46,1.0952,1,0.47,1.119,3926,0
IWM190913P155,2019-09-12,2019-09-12 09:47:32,0.48,1.1428,80,0.47,1.119,44,0.46,1.0952,1,0.475,1.1309,3926,0
IWM190913P155,2019-09-12,2019-09-12 09:47:32,0.48,1.1428,80,0.47,1.119,70,0.46,1.0952,1,0.475,1.1309,3926,0
IWM190913P155,2019-09-12,2019-09-12 09:47:33,0.48,1.1428,36,0.47,1.119,31,0.46,1.0952,1,0.475,1.1309,3926,0
IWM190913P155,2019-09-12,2019-09-12 09:47:34,0.48,1.1428,141,0.47,1.119,44,0.46,1.0952,1,0.475,1.1309,3926,0
IWM190913P155,2019-09-12,2019-09-12 09:47:34,0.48,1.1428,36,0.47,1.119,44,0.46,1.0952,1,0.475,1.1309,3926,0
IWM190913P155,2019-09-12,2019-09-12 09:47:35,0.48,1.1428,43,0.47,1.119,49,0.46,1.0952,1,0.475,1.1309,3926,0
IWM190913P155,2019-09-12,2019-09-12 09:47:36,0.51,1.2142,23,0.49,1.1666,22,0.46,1.0952,1,0.5,1.1904,3926,0
IWM190913P155,2019-09-12,2019-09-12 09:47:36,0.51,1.2142,23,0.49,1.1666,38,0.46,1.0952,1,0.5,1.1904,3926,0
IWM190913P155,2019-09-12,2019-09-12 09:47:37,0.51,1.2142,40,0.5,1.1904,18,0.46,1.0952,1,0.505,1.2023,3926,0
IWM190913P155,2019-09-12,2019-09-12 09:47:38,0.51,1.2142,42,0.49,1.1666,98,0.46,1.0952,1,0.5,1.1904,3926,0
IWM190913P155,2019-09-12,2019-09-12 09:47:38,0.51,1.2142,40,0.5,1.1904,9,0.46,1.0952,1,0.505,1.2023,3926,0
IWM190913P155,2019-09-12,2019-09-12 09:47:39,0.51,1.2142,42,0.49,1.1666,98,0.46,1.0952,1,0.5,1.1904,3926,0
IWM190913P155,2019-09-12,2019-09-12 09:47:40,0.51,1.2142,57,0.49,1.1666,30,0.46,1.0952,1,0.5,1.1904,3926,0
IWM190913P155,2019-09-12,2019-09-12 09:47:40,0.5,1.1904,38,0.49,1.1666,8,0.46,1.0952,1,0.495,1.1785,3926,0
IWM190913P155,2019-09-12,2019-09-12 09:47:41,0.5,1.1904,13,0.49,1.1666,44,0.46,1.0952,1,0.495,1.1785,3926,0
IWM190913P155,2019-09-12,2019-09-12 09:47:41,0.5,1.1904,31,0.49,1.1666,16,0.46,1.0952,1,0.495,1.1785,3926,0
IWM190913P155,2019-09-12,2019-09-12 09:47:42,0.5,1.1904,13,0.49,1.1666,44,0.46,1.0952,1,0.495,1.1785,3926,0
IWM190913P155,2019-09-12,2019-09-12 09:47:43,0.51,1.2142,57,0.49,1.1666,80,0.46,1.0952,1,0.5,1.1904,3926,0
IWM190913P155,2019-09-12,2019-09-12 09:47:43,0.51,1.2142,85,0.49,1.1666,88,0.46,1.0952,1,0.5,1.1904,3926,0
IWM190913P155,2019-09-12,2019-09-12 09:47:44,0.55,1.3095,108,0.5,1.1904,17,0.46,1.0952,1,0.525,1.25,3926,0
IWM190913P155,2019-09-12,2019-09-12 09:47:44,0.56,1.3333,88,0.52,1.238,30,0.46,1.0952,1,0.54,1.2857,3926,0
IWM190913P155,2019-09-12,2019-09-12 09:47:45,0.55,1.3095,60,0.52,1.238,74,0.46,1.0952,1,0.535,1.2738,3926,0
IWM190913P155,2019-09-12,2019-09-12 09:47:45,0.55,1.3095,52,0.52,1.238,210,0.46,1.0952,1,0.535,1.2738,3926,0
IWM190913P155,2019-09-12,2019-09-12 09:47:46,0.54,1.2857,13,0.52,1.238,10,0.46,1.0952,1,0.53,1.2619,3926,0
IWM190913P155,2019-09-12,2019-09-12 09:47:46,0.53,1.2619,23,0.52,1.238,82,0.46,1.0952,1,0.525,1.25,3926,0
IWM190913P155,2019-09-12,2019-09-12 09:47:47,0.54,1.2857,50,0.53,1.2619,98,0.54,1.2857,10,0.535,1.2738,4126,200
IWM190913P155,2019-09-12,2019-09-12 09:47:47,0.54,1.2857,125,0.53,1.2619,98,0.46,1.0952,1,0.535,1.2738,3926,0
IWM190913P155,2019-09-12,2019-09-12 09:47:48,0.54,1.2857,13,0.53,1.2619,80,0.54,1.2857,10,0.535,1.2738,4126,0
IWM190913P155,2019-09-12,2019-09-12 09:47:49,0.54,1.2857,13,0.53,1.2619,80,0.54,1.2857,10,0.535,1.2738,4126,0
IWM190913P155,2019-09-12,2019-09-12 09:47:49,0.54,1.2857,13,0.53,1.2619,97,0.54,1.2857,10,0.535,1.2738,4126,0
IWM190913P155,2019-09-12,2019-09-12 09:47:50,0.53,1.2619,13,0.51,1.2142,110,0.53,1.2619,42,0.52,1.238,4168,42
IWM190913P155,2019-09-12,2019-09-12 09:47:50,0.54,1.2857,13,0.53,1.2619,17,0.54,1.2857,10,0.535,1.2738,4126,0
IWM190913P155,2019-09-12,2019-09-12 09:47:51,0.53,1.2619,13,0.51,1.2142,72,0.53,1.2619,42,0.52,1.238,4168,0
IWM190913P155,2019-09-12,2019-09-12 09:47:51,0.52,1.238,13,0.51,1.2142,72,0.53,1.2619,42,0.515,1.2261,4168,0
IWM190913P155,2019-09-12,2019-09-12 09:47:52,0.53,1.2619,13,0.51,1.2142,148,0.53,1.2619,42,0.52,1.238,4168,0
IWM190913P155,2019-09-12,2019-09-12 09:47:52,0.52,1.238,13,0.51,1.2142,148,0.53,1.2619,42,0.515,1.2261,4168,0
IWM190913P155,2019-09-12,2019-09-12 09:47:53,0.52,1.238,36,0.5,1.1904,95,0.53,1.2619,42,0.51,1.2142,4168,0
IWM190913P155,2019-09-12,2019-09-12 09:47:53,0.52,1.238,13,0.5,1.1904,95,0.53,1.2619,42,0.51,1.2142,4168,0
IWM190913P155,2019-09-12,2019-09-12 09:47:54,0.52,1.238,72,0.5,1.1904,95,0.53,1.2619,42,0.51,1.2142,4168,0
IWM190913P155,2019-09-12,2019-09-12 09:47:54,0.52,1.238,44,0.5,1.1904,95,0.53,1.2619,42,0.51,1.2142,4168,0
IWM190913P155,2019-09-12,2019-09-12 09:47:55,0.53,1.2619,258,0.51,1.2142,78,0.53,1.2619,42,0.52,1.238,4168,0
IWM190913P155,2019-09-12,2019-09-12 09:47:56,0.53,1.2619,60,0.51,1.2142,78,0.53,1.2619,42,0.52,1.238,4168,0
IWM190913P155,2019-09-12,2019-09-12 09:47:56,0.54,1.2857,100,0.52,1.238,95,0.53,1.2619,42,0.53,1.2619,4168,0
IWM190913P155,2019-09-12,2019-09-12 09:47:57,0.55,1.3095,75,0.53,1.2619,28,0.53,1.2619,42,0.54,1.2857,4168,0
IWM190913P155,2019-09-12,2019-09-12 09:47:57,0.55,1.3095,276,0.53,1.2619,19,0.53,1.2619,42,0.54,1.2857,4168,0
IWM190913P155,2019-09-12,2019-09-12 09:47:58,0.55,1.3095,377,0.52,1.238,353,0.53,1.2619,42,0.535,1.2738,4168,0
IWM190913P155,2019-09-12,2019-09-12 09:47:58,0.55,1.3095,322,0.52,1.238,183,0.53,1.2619,42,0.535,1.2738,4168,0
IWM190913P155,2019-09-12,2019-09-12 09:47:59,0.53,1.2619,43,0.52,1.238,27,0.53,1.2619,42,0.525,1.25,4168,0
IWM190913P155,2019-09-12,2019-09-12 09:47:59,0.54,1.2857,98,0.52,1.238,256,0.53,1.2619,42,0.53,1.2619,4168,0
IWM190913P155,2019-09-12,2019-09-12 09:48:00,0.53,1.2619,18,0.52,1.238,39,0.53,1.2619,42,0.525,1.25,4168,0
IWM190913P155,2019-09-12,2019-09-12 09:48:00,0.53,1.2619,13,0.52,1.238,25,0.53,1.2619,42,0.525,1.25,4168,0
IWM190913P155,2019-09-12,2019-09-12 09:48:01,0.53,1.2619,13,0.52,1.238,14,0.53,1.2619,42,0.525,1.25,4168,0
IWM190913P155,2019-09-12,2019-09-12 09:48:01,0.53,1.2619,13,0.52,1.238,39,0.53,1.2619,42,0.525,1.25,4168,0
IWM190913P155,2019-09-12,2019-09-12 09:48:02,0.53,1.2619,50,0.52,1.238,14,0.53,1.2619,42,0.525,1.25,4168,0
IWM190913P155,2019-09-12,2019-09-12 09:48:02,0.53,1.2619,254,0.51,1.2142,35,0.53,1.2619,42,0.52,1.238,4168,0
IWM190913P155,2019-09-12,2019-09-12 09:48:03,0.53,1.2619,285,0.51,1.2142,51,0.53,1.2619,42,0.52,1.238,4168,0
IWM190913P155,2019-09-12,2019-09-12 09:48:03,0.52,1.238,13,0.51,1.2142,1,0.53,1.2619,42,0.515,1.2261,4168,0
IWM190913P155,2019-09-12,2019-09-12 09:48:04,0.52,1.238,27,0.51,1.2142,2,0.53,1.2619,42,0.515,1.2261,4168,0
IWM190913P155,2019-09-12,2019-09-12 09:48:05,0.52,1.238,126,0.51,1.2142,1,0.51,1.2142,1,0.515,1.2261,4169,1
IWM190913P155,2019-09-12,2019-09-12 09:48:05,0.51,1.2142,118,0.51,1.2142,1,0.51,1.2142,1,0.51,1.2142,4169,0
IWM190913P155,2019-09-12,2019-09-12 09:48:06,0.5,1.1904,13,0.49,1.1666,18,0.5,1.1904,2,0.495,1.1785,4172,3
IWM190913P155,2019-09-12,2019-09-12 09:48:06,0.51,1.2142,94,0.5,1.1904,13,0.51,1.2142,1,0.505,1.2023,4169,0
IWM190913P155,2019-09-12,2019-09-12 09:48:07,0.5,1.1904,188,0.49,1.1666,18,0.5,1.1904,2,0.495,1.1785,4172,0
IWM190913P155,2019-09-12,2019-09-12 09:48:07,0.5,1.1904,40,0.49,1.1666,18,0.5,1.1904,2,0.495,1.1785,4172,0
IWM190913P155,2019-09-12,2019-09-12 09:48:08,0.49,1.1666,13,0.48,1.1428,45,0.5,1.1904,2,0.485,1.1547,4172,0
IWM190913P155,2019-09-12,2019-09-12 09:48:08,0.5,1.1904,121,0.49,1.1666,18,0.5,1.1904,2,0.495,1.1785,4172,0
IWM190913P155,2019-09-12,2019-09-12 09:48:09,0.49,1.1666,13,0.47,1.119,56,0.5,1.1904,2,0.48,1.1428,4172,0
IWM190913P155,2019-09-12,2019-09-12 09:48:10,0.49,1.1666,302,0.47,1.119,51,0.5,1.1904,2,0.48,1.1428,4172,0
IWM190913P155,2019-09-12,2019-09-12 09:48:10,0.49,1.1666,68,0.47,1.119,52,0.5,1.1904,2,0.48,1.1428,4172,0
IWM190913P155,2019-09-12,2019-09-12 09:48:11,0.49,1.1666,95,0.47,1.119,76,0.5,1.1904,2,0.48,1.1428,4172,0
IWM190913P155,2019-09-12,2019-09-12 09:48:11,0.49,1.1666,106,0.47,1.119,67,0.5,1.1904,2,0.48,1.1428,4172,0
IWM190913P155,2019-09-12,2019-09-12 09:48:12,0.49,1.1666,213,0.47,1.119,73,0.5,1.1904,2,0.48,1.1428,4172,0
IWM190913P155,2019-09-12,2019-09-12 09:48:12,0.49,1.1666,91,0.47,1.119,76,0.5,1.1904,2,0.48,1.1428,4172,0
IWM190913P155,2019-09-12,2019-09-12 09:48:13,0.48,1.1428,137,0.46,1.0952,107,0.5,1.1904,2,0.47,1.119,4172,0
IWM190913P155,2019-09-12,2019-09-12 09:48:13,0.47,1.119,24,0.46,1.0952,18,0.5,1.1904,2,0.465,1.1071,4172,0
IWM190913P155,2019-09-12,2019-09-12 09:48:14,0.47,1.119,1,0.46,1.0952,18,0.47,1.119,10,0.465,1.1071,4182,10
IWM190913P155,2019-09-12,2019-09-12 09:48:14,0.48,1.1428,236,0.46,1.0952,18,0.5,1.1904,2,0.47,1.119,4172,0
IWM190913P155,2019-09-12,2019-09-12 09:48:15,0.47,1.119,1,0.46,1.0952,69,0.47,1.119,10,0.465,1.1071,4182,0
IWM190913P155,2019-09-12,2019-09-12 09:48:16,0.47,1.119,1,0.46,1.0952,16,0.47,1.119,10,0.465,1.1071,4182,0
IWM190913P155,2019-09-12,2019-09-12 09:48:16,0.46,1.0952,19,0.45,1.0714,36,0.47,1.119,10,0.455,1.0833,4182,0
IWM190913P155,2019-09-12,2019-09-12 09:48:17,0.46,1.0952,19,0.46,1.0952,111,0.47,1.119,10,0.46,1.0952,4182,0
IWM190913P155,2019-09-12,2019-09-12 09:48:17,0.47,1.119,19,0.46,1.0952,111,0.47,1.119,10,0.465,1.1071,4182,0
IWM190913P155,2019-09-12,2019-09-12 09:48:18,0.47,1.119,19,0.46,1.0952,111,0.47,1.119,10,0.465,1.1071,4182,0
IWM190913P155,2019-09-12,2019-09-12 09:48:18,0.48,1.1428,226,0.46,1.0952,111,0.47,1.119,10,0.47,1.119,4182,0
IWM190913P155,2019-09-12,2019-09-12 09:48:19,0.48,1.1428,77,0.46,1.0952,75,0.47,1.119,10,0.47,1.119,4182,0
IWM190913P155,2019-09-12,2019-09-12 09:48:19,0.48,1.1428,69,0.46,1.0952,75,0.47,1.119,10,0.47,1.119,4182,0
IWM190913P155,2019-09-12,2019-09-12 09:48:20,0.48,1.1428,6,0.46,1.0952,182,0.47,1.119,10,0.47,1.119,4182,0
IWM190913P155,2019-09-12,2019-09-12 09:48:20,0.48,1.1428,77,0.46,1.0952,214,0.47,1.119,10,0.47,1.119,4182,0
IWM190913P155,2019-09-12,2019-09-12 09:48:21,0.48,1.1428,6,0.46,1.0952,269,0.46,1.0952,1,0.47,1.119,4183,1
IWM190913P155,2019-09-12,2019-09-12 09:48:21,0.48,1.1428,6,0.46,1.0952,124,0.47,1.119,10,0.47,1.119,4182,0
IWM190913P155,2019-09-12,2019-09-12 09:48:22,0.49,1.1666,214,0.46,1.0952,269,0.46,1.0952,1,0.475,1.1309,4183,0
IWM190913P155,2019-09-12,2019-09-12 09:48:22,0.49,1.1666,19,0.48,1.1428,42,0.46,1.0952,1,0.485,1.1547,4183,0
IWM190913P155,2019-09-12,2019-09-12 09:48:23,0.5,1.1904,234,0.48,1.1428,166,0.46,1.0952,1,0.49,1.1666,4183,0
IWM190913P155,2019-09-12,2019-09-12 09:48:23,0.5,1.1904,234,0.48,1.1428,93,0.46,1.0952,1,0.49,1.1666,4183,0
IWM190913P155,2019-09-12,2019-09-12 09:48:24,0.5,1.1904,6,0.48,1.1428,235,0.46,1.0952,1,0.49,1.1666,4183,0
IWM190913P155,2019-09-12,2019-09-12 09:48:25,0.5,1.1904,140,0.48,1.1428,33,0.46,1.0952,1,0.49,1.1666,4183,0
IWM190913P155,2019-09-12,2019-09-12 09:48:25,0.5,1.1904,208,0.48,1.1428,31,0.46,1.0952,1,0.49,1.1666,4183,0
IWM190913P155,2019-09-12,2019-09-12 09:48:26,0.5,1.1904,246,0.48,1.1428,104,0.46,1.0952,1,0.49,1.1666,4183,0
IWM190913P155,2019-09-12,2019-09-12 09:48:26,0.5,1.1904,246,0.48,1.1428,57,0.46,1.0952,1,0.49,1.1666,4183,0
IWM190913P155,2019-09-12,2019-09-12 09:48:27,0.49,1.1666,44,0.48,1.1428,2,0.46,1.0952,1,0.485,1.1547,4183,0
IWM190913P155,2019-09-12,2019-09-12 09:48:27,0.5,1.1904,80,0.48,1.1428,2,0.46,1.0952,1,0.49,1.1666,4183,0
IWM190913P155,2019-09-12,2019-09-12 09:48:28,0.49,1.1666,44,0.48,1.1428,2,0.46,1.0952,1,0.485,1.1547,4183,0
IWM190913P155,2019-09-12,2019-09-12 09:48:28,0.49,1.1666,19,0.48,1.1428,2,0.46,1.0952,1,0.485,1.1547,4183,0
IWM190913P155,2019-09-12,2019-09-12 09:48:29,0.48,1.1428,2,0.46,1.0952,116,0.48,1.1428,1,0.47,1.119,4185,0
IWM190913P155,2019-09-12,2019-09-12 09:48:29,0.48,1.1428,1,0.48,1.1428,2,0.48,1.1428,1,0.48,1.1428,4185,2
IWM190913P155,2019-09-12,2019-09-12 09:48:30,0.49,1.1666,185,0.47,1.119,114,0.48,1.1428,1,0.48,1.1428,4185,0
IWM190913P155,2019-09-12,2019-09-12 09:48:30,0.49,1.1666,185,0.47,1.119,118,0.48,1.1428,1,0.48,1.1428,4185,0
IWM190913P155,2019-09-12,2019-09-12 09:48:31,0.49,1.1666,185,0.47,1.119,65,0.48,1.1428,1,0.48,1.1428,4185,0
IWM190913P155,2019-09-12,2019-09-12 09:48:31,0.49,1.1666,86,0.48,1.1428,95,0.48,1.1428,1,0.485,1.1547,4185,0
IWM190913P155,2019-09-12,2019-09-12 09:48:32,0.49,1.1666,6,0.48,1.1428,79,0.48,1.1428,1,0.485,1.1547,4185,0
IWM190913P155,2019-09-12,2019-09-12 09:48:32,0.51,1.2142,177,0.49,1.1666,113,0.48,1.1428,1,0.5,1.1904,4185,0
IWM190913P155,2019-09-12,2019-09-12 09:48:33,0.51,1.2142,19,0.5,1.1904,80,0.48,1.1428,1,0.505,1.2023,4185,0
IWM190913P155,2019-09-12,2019-09-12 09:48:34,0.51,1.2142,39,0.5,1.1904,80,0.48,1.1428,1,0.505,1.2023,4185,0
IWM190913P155,2019-09-12,2019-09-12 09:48:34,0.51,1.2142,36,0.49,1.1666,164,0.48,1.1428,1,0.5,1.1904,4185,0
IWM190913P155,2019-09-12,2019-09-12 09:48:35,0.52,1.238,214,0.5,1.1904,130,0.48,1.1428,1,0.51,1.2142,4185,0
IWM190913P155,2019-09-12,2019-09-12 09:48:35,0.52,1.238,165,0.5,1.1904,104,0.48,1.1428,1,0.51,1.2142,4185,0
IWM190913P155,2019-09-12,2019-09-12 09:48:36,0.52,1.238,68,0.5,1.1904,134,0.48,1.1428,1,0.51,1.2142,4185,0
IWM190913P155,2019-09-12,2019-09-12 09:48:36,0.52,1.238,19,0.51,1.2142,2,0.48,1.1428,1,0.515,1.2261,4185,0
IWM190913P155,2019-09-12,2019-09-12 09:48:37,0.53,1.2619,298,0.51,1.2142,68,0.48,1.1428,1,0.52,1.238,4185,0
IWM190913P155,2019-09-12,2019-09-12 09:48:38,0.53,1.2619,293,0.51,1.2142,68,0.48,1.1428,1,0.52,1.238,4185,0
IWM190913P155,2019-09-12,2019-09-12 09:48:38,0.52,1.238,13,0.51,1.2142,68,0.48,1.1428,1,0.515,1.2261,4185,0
IWM190913P155,2019-09-12,2019-09-12 09:48:39,0.52,1.238,112,0.51,1.2142,68,0.48,1.1428,1,0.515,1.2261,4185,0
IWM190913P155,2019-09-12,2019-09-12 09:48:39,0.52,1.238,82,0.51,1.2142,68,0.48,1.1428,1,0.515,1.2261,4185,0
IWM190913P155,2019-09-12,2019-09-12 09:48:40,0.52,1.238,81,0.5,1.1904,110,0.48,1.1428,1,0.51,1.2142,4185,0
IWM190913P155,2019-09-12,2019-09-12 09:48:40,0.52,1.238,13,0.51,1.2142,18,0.48,1.1428,1,0.515,1.2261,4185,0
IWM190913P155,2019-09-12,2019-09-12 09:48:41,0.52,1.238,60,0.51,1.2142,18,0.48,1.1428,1,0.515,1.2261,4185,0
IWM190913P155,2019-09-12,2019-09-12 09:48:41,0.52,1.238,13,0.51,1.2142,18,0.48,1.1428,1,0.515,1.2261,4185,0
IWM190913P155,2019-09-12,2019-09-12 09:48:42,0.52,1.238,60,0.5,1.1904,116,0.48,1.1428,1,0.51,1.2142,4185,0
IWM190913P155,2019-09-12,2019-09-12 09:48:42,0.52,1.238,60,0.51,1.2142,18,0.48,1.1428,1,0.515,1.2261,4185,0
IWM190913P155,2019-09-12,2019-09-12 09:48:43,0.52,1.238,13,0.5,1.1904,160,0.48,1.1428,1,0.51,1.2142,4185,0
IWM190913P155,2019-09-12,2019-09-12 09:48:43,0.52,1.238,60,0.5,1.1904,160,0.48,1.1428,1,0.51,1.2142,4185,0
IWM190913P155,2019-09-12,2019-09-12 09:48:44,0.54,1.2857,137,0.51,1.2142,94,0.48,1.1428,1,0.525,1.25,4185,0
IWM190913P155,2019-09-12,2019-09-12 09:48:44,0.52,1.238,60,0.5,1.1904,94,0.48,1.1428,1,0.51,1.2142,4185,0
IWM190913P155,2019-09-12,2019-09-12 09:48:45,0.54,1.2857,137,0.51,1.2142,152,0.48,1.1428,1,0.525,1.25,4185,0
IWM190913P155,2019-09-12,2019-09-12 09:48:45,0.54,1.2857,207,0.52,1.238,12,0.48,1.1428,1,0.53,1.2619,4185,0
IWM190913P155,2019-09-12,2019-09-12 09:48:46,0.52,1.238,13,0.51,1.2142,45,0.48,1.1428,1,0.515,1.2261,4185,0
IWM190913P155,2019-09-12,2019-09-12 09:48:46,0.52,1.238,200,0.5,1.1904,50,0.48,1.1428,1,0.51,1.2142,4185,0
IWM190913P155,2019-09-12,2019-09-12 09:48:47,0.52,1.238,170,0.5,1.1904,56,0.48,1.1428,1,0.51,1.2142,4185,0
IWM190913P155,2019-09-12,2019-09-12 09:48:47,0.52,1.238,165,0.5,1.1904,116,0.48,1.1428,1,0.51,1.2142,4185,0
IWM190913P155,2019-09-12,2019-09-12 09:48:48,0.52,1.238,170,0.5,1.1904,58,0.48,1.1428,1,0.51,1.2142,4185,0
IWM190913P155,2019-09-12,2019-09-12 09:48:48,0.52,1.238,170,0.5,1.1904,73,0.48,1.1428,1,0.51,1.2142,4185,0
IWM190913P155,2019-09-12,2019-09-12 09:48:49,0.51,1.2142,60,0.5,1.1904,17,0.48,1.1428,1,0.505,1.2023,4185,0
IWM190913P155,2019-09-12,2019-09-12 09:48:49,0.52,1.238,165,0.49,1.1666,158,0.48,1.1428,1,0.505,1.2023,4185,0
IWM190913P155,2019-09-12,2019-09-12 09:48:50,0.51,1.2142,13,0.5,1.1904,19,0.48,1.1428,1,0.505,1.2023,4185,0
IWM190913P155,2019-09-12,2019-09-12 09:48:51,0.51,1.2142,13,0.5,1.1904,19,0.48,1.1428,1,0.505,1.2023,4185,0
IWM190913P155,2019-09-12,2019-09-12 09:48:52,0.5,1.1904,87,0.48,1.1428,47,0.48,1.1428,1,0.49,1.1666,4185,0
IWM190913P155,2019-09-12,2019-09-12 09:48:52,0.5,1.1904,30,0.48,1.1428,47,0.48,1.1428,1,0.49,1.1666,4185,0
IWM190913P155,2019-09-12,2019-09-12 09:48:53,0.51,1.2142,244,0.49,1.1666,1,0.48,1.1428,1,0.5,1.1904,4185,0
IWM190913P155,2019-09-12,2019-09-12 09:48:53,0.51,1.2142,244,0.49,1.1666,72,0.48,1.1428,1,0.5,1.1904,4185,0
IWM190913P155,2019-09-12,2019-09-12 09:48:54,0.51,1.2142,170,0.49,1.1666,113,0.48,1.1428,1,0.5,1.1904,4185,0
IWM190913P155,2019-09-12,2019-09-12 09:48:54,0.51,1.2142,244,0.49,1.1666,72,0.48,1.1428,1,0.5,1.1904,4185,0
IWM190913P155,2019-09-12,2019-09-12 09:48:55,0.5,1.1904,4,0.49,1.1666,72,0.48,1.1428,1,0.495,1.1785,4185,0
IWM190913P155,2019-09-12,2019-09-12 09:48:55,0.5,1.1904,4,0.49,1.1666,52,0.48,1.1428,1,0.495,1.1785,4185,0
IWM190913P155,2019-09-12,2019-09-12 09:48:56,0.51,1.2142,13,0.5,1.1904,17,0.48,1.1428,1,0.505,1.2023,4185,0
IWM190913P155,2019-09-12,2019-09-12 09:48:56,0.5,1.1904,4,0.49,1.1666,52,0.48,1.1428,1,0.495,1.1785,4185,0
IWM190913P155,2019-09-12,2019-09-12 09:48:57,0.51,1.2142,13,0.5,1.1904,17,0.48,1.1428,1,0.505,1.2023,4185,0
IWM190913P155,2019-09-12,2019-09-12 09:48:57,0.51,1.2142,13,0.5,1.1904,43,0.48,1.1428,1,0.505,1.2023,4185,0
IWM190913P155,2019-09-12,2019-09-12 09:48:58,0.52,1.238,123,0.49,1.1666,126,0.48,1.1428,1,0.505,1.2023,4185,0
IWM190913P155,2019-09-12,2019-09-12 09:48:58,0.51,1.2142,79,0.49,1.1666,73,0.48,1.1428,1,0.5,1.1904,4185,0
IWM190913P155,2019-09-12,2019-09-12 09:48:59,0.51,1.2142,13,0.49,1.1666,126,0.48,1.1428,1,0.5,1.1904,4185,0
IWM190913P155,2019-09-12,2019-09-12 09:49:00,0.53,1.2619,144,0.51,1.2142,13,0.48,1.1428,1,0.52,1.238,4185,0
IWM190913P155,2019-09-12,2019-09-12 09:49:01,0.53,1.2619,33,0.51,1.2142,18,0.48,1.1428,1,0.52,1.238,4185,0
IWM190913P155,2019-09-12,2019-09-12 09:49:01,0.53,1.2619,57,0.51,1.2142,90,0.48,1.1428,1,0.52,1.238,4185,0
IWM190913P155,2019-09-12,2019-09-12 09:49:02,0.53,1.2619,29,0.52,1.238,18,0.48,1.1428,1,0.525,1.25,4185,0
IWM190913P155,2019-09-12,2019-09-12 09:49:02,0.53,1.2619,39,0.52,1.238,18,0.52,1.238,1,0.525,1.25,4186,1
IWM190913P155,2019-09-12,2019-09-12 09:49:03,0.53,1.2619,62,0.51,1.2142,433,0.52,1.238,1,0.52,1.238,4186,0
IWM190913P155,2019-09-12,2019-09-12 09:49:03,0.53,1.2619,29,0.51,1.2142,235,0.52,1.238,1,0.52,1.238,4186,0
IWM190913P155,2019-09-12,2019-09-12 09:49:04,0.53,1.2619,41,0.51,1.2142,62,0.52,1.238,1,0.52,1.238,4186,0
IWM190913P155,2019-09-12,2019-09-12 09:49:04,0.53,1.2619,62,0.51,1.2142,119,0.52,1.238,1,0.52,1.238,4186,0
IWM190913P155,2019-09-12,2019-09-12 09:49:05,0.53,1.2619,24,0.52,1.238,18,0.52,1.238,1,0.525,1.25,4186,0
IWM190913P155,2019-09-12,2019-09-12 09:49:06,0.53,1.2619,24,0.52,1.238,18,0.52,1.238,1,0.525,1.25,4186,0
IWM190913P155,2019-09-12,2019-09-12 09:49:07,0.53,1.2619,23,0.52,1.238,3,0.52,1.238,1,0.525,1.25,4186,0
IWM190913P155,2019-09-12,2019-09-12 09:49:07,0.53,1.2619,24,0.52,1.238,18,0.52,1.238,1,0.525,1.25,4186,0
IWM190913P155,2019-09-12,2019-09-12 09:49:08,0.53,1.2619,23,0.51,1.2142,90,0.52,1.238,1,0.52,1.238,4186,0
IWM190913P155,2019-09-12,2019-09-12 09:49:09,0.53,1.2619,33,0.52,1.238,3,0.52,1.238,1,0.525,1.25,4186,0
IWM190913P155,2019-09-12,2019-09-12 09:49:10,0.53,1.2619,13,0.52,1.238,25,0.52,1.238,1,0.525,1.25,4186,0
IWM190913P155,2019-09-12,2019-09-12 09:49:10,0.53,1.2619,24,0.52,1.238,3,0.52,1.238,1,0.525,1.25,4186,0
IWM190913P155,2019-09-12,2019-09-12 09:49:11,0.53,1.2619,13,0.52,1.238,3,0.52,1.238,1,0.525,1.25,4186,0
IWM190913P155,2019-09-12,2019-09-12 09:49:12,0.53,1.2619,13,0.52,1.238,8,0.52,1.238,1,0.525,1.25,4186,0
IWM190913P155,2019-09-12,2019-09-12 09:49:12,0.53,1.2619,13,0.52,1.238,76,0.52,1.238,1,0.525,1.25,4186,0
IWM190913P155,2019-09-12,2019-09-12 09:49:13,0.52,1.238,13,0.51,1.2142,42,0.52,1.238,1,0.515,1.2261,4186,0
IWM190913P155,2019-09-12,2019-09-12 09:49:13,0.53,1.2619,13,0.51,1.2142,100,0.52,1.238,1,0.52,1.238,4186,0
IWM190913P155,2019-09-12,2019-09-12 09:49:14,0.53,1.2619,252,0.51,1.2142,41,0.52,1.238,1,0.52,1.238,4186,0
IWM190913P155,2019-09-12,2019-09-12 09:49:14,0.53,1.2619,212,0.51,1.2142,42,0.52,1.238,1,0.52,1.238,4186,0
IWM190913P155,2019-09-12,2019-09-12 09:49:15,0.52,1.238,13,0.5,1.1904,18,0.52,1.238,1,0.51,1.2142,4186,0
IWM190913P155,2019-09-12,2019-09-12 09:49:15,0.52,1.238,84,0.5,1.1904,102,0.52,1.238,1,0.51,1.2142,4186,0
IWM190913P155,2019-09-12,2019-09-12 09:49:16,0.52,1.238,84,0.5,1.1904,102,0.52,1.238,1,0.51,1.2142,4186,0
IWM190913P155,2019-09-12,2019-09-12 09:49:16,0.52,1.238,84,0.5,1.1904,18,0.52,1.238,1,0.51,1.2142,4186,0
IWM190913P155,2019-09-12,2019-09-12 09:49:17,0.5,1.1904,13,0.49,1.1666,79,0.52,1.238,1,0.495,1.1785,4186,0
IWM190913P155,2019-09-12,2019-09-12 09:49:18,0.49,1.1666,13,0.48,1.1428,18,0.49,1.1666,1,0.485,1.1547,4187,1
IWM190913P155,2019-09-12,2019-09-12 09:49:18,0.5,1.1904,43,0.49,1.1666,1,0.52,1.238,1,0.495,1.1785,4186,0
IWM190913P155,2019-09-12,2019-09-12 09:49:19,0.49,1.1666,13,0.48,1.1428,65,0.49,1.1666,1,0.485,1.1547,4187,0
IWM190913P155,2019-09-12,2019-09-12 09:49:19,0.49,1.1666,13,0.48,1.1428,36,0.49,1.1666,1,0.485,1.1547,4187,0
IWM190913P155,2019-09-12,2019-09-12 09:49:20,0.49,1.1666,13,0.48,1.1428,55,0.49,1.1666,1,0.485,1.1547,4187,0
IWM190913P155,2019-09-12,2019-09-12 09:49:20,0.49,1.1666,26,0.48,1.1428,55,0.49,1.1666,1,0.485,1.1547,4187,0
IWM190913P155,2019-09-12,2019-09-12 09:49:21,0.49,1.1666,22,0.48,1.1428,17,0.49,1.1666,1,0.485,1.1547,4187,0
IWM190913P155,2019-09-12,2019-09-12 09:49:21,0.49,1.1666,13,0.48,1.1428,27,0.49,1.1666,1,0.485,1.1547,4187,0
IWM190913P155,2019-09-12,2019-09-12 09:49:22,0.5,1.1904,24,0.48,1.1428,285,0.49,1.1666,1,0.49,1.1666,4187,0
IWM190913P155,2019-09-12,2019-09-12 09:49:22,0.5,1.1904,29,0.48,1.1428,83,0.49,1.1666,1,0.49,1.1666,4187,0
IWM190913P155,2019-09-12,2019-09-12 09:49:23,0.51,1.2142,65,0.49,1.1666,100,0.49,1.1666,1,0.5,1.1904,4187,0
IWM190913P155,2019-09-12,2019-09-12 09:49:23,0.51,1.2142,29,0.49,1.1666,100,0.49,1.1666,1,0.5,1.1904,4187,0
IWM190913P155,2019-09-12,2019-09-12 09:49:24,0.52,1.238,24,0.51,1.2142,38,0.49,1.1666,1,0.515,1.2261,4187,0
IWM190913P155,2019-09-12,2019-09-12 09:49:24,0.51,1.2142,24,0.5,1.1904,26,0.49,1.1666,1,0.505,1.2023,4187,0
IWM190913P155,2019-09-12,2019-09-12 09:49:25,0.53,1.2619,133,0.51,1.2142,77,0.49,1.1666,1,0.52,1.238,4187,0
IWM190913P155,2019-09-12,2019-09-12 09:49:26,0.53,1.2619,24,0.52,1.238,18,0.49,1.1666,1,0.525,1.25,4187,0
IWM190913P155,2019-09-12,2019-09-12 09:49:26,0.53,1.2619,49,0.52,1.238,18,0.49,1.1666,1,0.525,1.25,4187,0
IWM190913P155,2019-09-12,2019-09-12 09:49:27,0.53,1.2619,83,0.52,1.238,18,0.49,1.1666,1,0.525,1.25,4187,0
IWM190913P155,2019-09-12,2019-09-12 09:49:28,0.53,1.2619,29,0.51,1.2142,47,0.49,1.1666,1,0.52,1.238,4187,0
IWM190913P155,2019-09-12,2019-09-12 09:49:28,0.53,1.2619,64,0.51,1.2142,47,0.49,1.1666,1,0.52,1.238,4187,0
IWM190913P155,2019-09-12,2019-09-12 09:49:29,0.53,1.2619,29,0.52,1.238,57,0.49,1.1666,1,0.525,1.25,4187,0
IWM190913P155,2019-09-12,2019-09-12 09:49:30,0.53,1.2619,24,0.52,1.238,34,0.49,1.1666,1,0.525,1.25,4187,0
IWM190913P155,2019-09-12,2019-09-12 09:49:30,0.53,1.2619,29,0.51,1.2142,150,0.49,1.1666,1,0.52,1.238,4187,0
IWM190913P155,2019-09-12,2019-09-12 09:49:31,0.54,1.2857,84,0.52,1.238,13,0.49,1.1666,1,0.53,1.2619,4187,0
IWM190913P155,2019-09-12,2019-09-12 09:49:31,0.53,1.2619,29,0.51,1.2142,150,0.49,1.1666,1,0.52,1.238,4187,0
IWM190913P155,2019-09-12,2019-09-12 09:49:32,0.54,1.2857,207,0.51,1.2142,31,0.49,1.1666,1,0.525,1.25,4187,0
IWM190913P155,2019-09-12,2019-09-12 09:49:32,0.54,1.2857,84,0.52,1.238,84,0.49,1.1666,1,0.53,1.2619,4187,0
IWM190913P155,2019-09-12,2019-09-12 09:49:33,0.53,1.2619,67,0.51,1.2142,79,0.49,1.1666,1,0.52,1.238,4187,0
IWM190913P155,2019-09-12,2019-09-12 09:49:33,0.53,1.2619,42,0.51,1.2142,31,0.49,1.1666,1,0.52,1.238,4187,0
IWM190913P155,2019-09-12,2019-09-12 09:49:34,0.54,1.2857,251,0.52,1.238,101,0.49,1.1666,1,0.53,1.2619,4187,0
IWM190913P155,2019-09-12,2019-09-12 09:49:34,0.53,1.2619,11,0.52,1.238,31,0.49,1.1666,1,0.525,1.25,4187,0
IWM190913P155,2019-09-12,2019-09-12 09:49:35,0.54,1.2857,251,0.52,1.238,31,0.49,1.1666,1,0.53,1.2619,4187,0
IWM190913P155,2019-09-12,2019-09-12 09:49:35,0.54,1.2857,251,0.52,1.238,39,0.49,1.1666,1,0.53,1.2619,4187,0
IWM190913P155,2019-09-12,2019-09-12 09:49:36,0.53,1.2619,34,0.51,1.2142,31,0.49,1.1666,1,0.52,1.238,4187,0
IWM190913P155,2019-09-12,2019-09-12 09:49:36,0.53,1.2619,84,0.51,1.2142,31,0.49,1.1666,1,0.52,1.238,4187,0
IWM190913P155,2019-09-12,2019-09-12 09:49:37,0.53,1.2619,84,0.51,1.2142,130,0.49,1.1666,1,0.52,1.238,4187,0
IWM190913P155,2019-09-12,2019-09-12 09:49:37,0.53,1.2619,40,0.51,1.2142,130,0.49,1.1666,1,0.52,1.238,4187,0
IWM190913P155,2019-09-12,2019-09-12 09:49:38,0.53,1.2619,29,0.52,1.238,18,0.49,1.1666,1,0.525,1.25,4187,0
IWM190913P155,2019-09-12,2019-09-12 09:49:38,0.53,1.2619,56,0.52,1.238,18,0.49,1.1666,1,0.525,1.25,4187,0
IWM190913P155,2019-09-12,2019-09-12 09:49:39,0.52,1.238,38,0.5,1.1904,43,0.49,1.1666,1,0.51,1.2142,4187,0
IWM190913P155,2019-09-12,2019-09-12 09:49:39,0.53,1.2619,47,0.52,1.238,18,0.49,1.1666,1,0.525,1.25,4187,0
IWM190913P155,2019-09-12,2019-09-12 09:49:40,0.52,1.238,21,0.51,1.2142,98,0.49,1.1666,1,0.515,1.2261,4187,0
IWM190913P155,2019-09-12,2019-09-12 09:49:40,0.52,1.238,84,0.5,1.1904,66,0.49,1.1666,1,0.51,1.2142,4187,0
IWM190913P155,2019-09-12,2019-09-12 09:49:41,0.53,1.2619,41,0.52,1.238,20,0.49,1.1666,1,0.525,1.25,4187,0
IWM190913P155,2019-09-12,2019-09-12 09:49:41,0.52,1.238,21,0.52,1.238,34,0.49,1.1666,1,0.52,1.238,4187,0
IWM190913P155,2019-09-12,2019-09-12 09:49:42,0.53,1.2619,41,0.52,1.238,20,0.49,1.1666,1,0.525,1.25,4187,0
IWM190913P155,2019-09-12,2019-09-12 09:49:43,0.53,1.2619,41,0.51,1.2142,126,0.49,1.1666,1,0.52,1.238,4187,0
IWM190913P155,2019-09-12,2019-09-12 09:49:43,0.53,1.2619,41,0.52,1.238,20,0.49,1.1666,1,0.525,1.25,4187,0
IWM190913P155,2019-09-12,2019-09-12 09:49:44,0.53,1.2619,64,0.51,1.2142,126,0.49,1.1666,1,0.52,1.238,4187,0
IWM190913P155,2019-09-12,2019-09-12 09:49:44,0.53,1.2619,54,0.51,1.2142,84,0.49,1.1666,1,0.52,1.238,4187,0
IWM190913P155,2019-09-12,2019-09-12 09:49:45,0.52,1.238,26,0.51,1.2142,23,0.49,1.1666,1,0.515,1.2261,4187,0
IWM190913P155,2019-09-12,2019-09-12 09:49:45,0.53,1.2619,64,0.51,1.2142,126,0.49,1.1666,1,0.52,1.238,4187,0
IWM190913P155,2019-09-12,2019-09-12 09:49:46,0.52,1.238,54,0.51,1.2142,14,0.49,1.1666,1,0.515,1.2261,4187,0
IWM190913P155,2019-09-12,2019-09-12 09:49:46,0.52,1.238,5,0.51,1.2142,14,0.49,1.1666,1,0.515,1.2261,4187,0
IWM190913P155,2019-09-12,2019-09-12 09:49:47,0.55,1.3095,50,0.51,1.2142,42,0.49,1.1666,1,0.53,1.2619,4187,0
IWM190913P155,2019-09-12,2019-09-12 09:49:48,0.55,1.3095,50,0.53,1.2619,26,0.49,1.1666,1,0.54,1.2857,4187,0
IWM190913P155,2019-09-12,2019-09-12 09:49:48,0.55,1.3095,80,0.53,1.2619,117,0.49,1.1666,1,0.54,1.2857,4187,0
IWM190913P155,2019-09-12,2019-09-12 09:49:49,0.55,1.3095,80,0.54,1.2857,33,0.49,1.1666,1,0.545,1.2976,4187,0
IWM190913P155,2019-09-12,2019-09-12 09:49:49,0.55,1.3095,91,0.53,1.2619,42,0.49,1.1666,1,0.54,1.2857,4187,0
IWM190913P155,2019-09-12,2019-09-12 09:49:50,0.55,1.3095,102,0.54,1.2857,18,0.49,1.1666,1,0.545,1.2976,4187,0
IWM190913P155,2019-09-12,2019-09-12 09:49:50,0.55,1.3095,108,0.53,1.2619,13,0.49,1.1666,1,0.54,1.2857,4187,0
IWM190913P155,2019-09-12,2019-09-12 09:49:51,0.55,1.3095,134,0.53,1.2619,70,0.49,1.1666,1,0.54,1.2857,4187,0
IWM190913P155,2019-09-12,2019-09-12 09:49:51,0.54,1.2857,19,0.52,1.238,53,0.49,1.1666,1,0.53,1.2619,4187,0
IWM190913P155,2019-09-12,2019-09-12 09:49:52,0.54,1.2857,200,0.53,1.2619,14,0.49,1.1666,1,0.535,1.2738,4187,0
IWM190913P155,2019-09-12,2019-09-12 09:49:52,0.54,1.2857,288,0.52,1.238,73,0.49,1.1666,1,0.53,1.2619,4187,0
IWM190913P155,2019-09-12,2019-09-12 09:49:53,0.54,1.2857,60,0.53,1.2619,7,0.49,1.1666,1,0.535,1.2738,4187,0
IWM190913P155,2019-09-12,2019-09-12 09:49:53,0.54,1.2857,60,0.53,1.2619,21,0.49,1.1666,1,0.535,1.2738,4187,0
IWM190913P155,2019-09-12,2019-09-12 09:49:54,0.54,1.2857,60,0.53,1.2619,7,0.49,1.1666,1,0.535,1.2738,4187,0
IWM190913P155,2019-09-12,2019-09-12 09:49:54,0.54,1.2857,62,0.53,1.2619,7,0.49,1.1666,1,0.535,1.2738,4187,0
IWM190913P155,2019-09-12,2019-09-12 09:49:55,0.54,1.2857,62,0.53,1.2619,7,0.49,1.1666,1,0.535,1.2738,4187,0
IWM190913P155,2019-09-12,2019-09-12 09:49:55,0.54,1.2857,62,0.53,1.2619,9,0.49,1.1666,1,0.535,1.2738,4187,0
IWM190913P155,2019-09-12,2019-09-12 09:49:56,0.54,1.2857,77,0.53,1.2619,14,0.49,1.1666,1,0.535,1.2738,4187,0
IWM190913P155,2019-09-12,2019-09-12 09:49:56,0.54,1.2857,77,0.53,1.2619,112,0.49,1.1666,1,0.535,1.2738,4187,0
IWM190913P155,2019-09-12,2019-09-12 09:49:57,0.54,1.2857,172,0.52,1.238,64,0.49,1.1666,1,0.53,1.2619,4187,0
IWM190913P155,2019-09-12,2019-09-12 09:49:57,0.54,1.2857,200,0.53,1.2619,18,0.49,1.1666,1,0.535,1.2738,4187,0
IWM190913P155,2019-09-12,2019-09-12 09:49:58,0.53,1.2619,77,0.52,1.238,70,0.49,1.1666,1,0.525,1.25,4187,0
IWM190913P155,2019-09-12,2019-09-12 09:49:58,0.54,1.2857,286,0.52,1.238,64,0.49,1.1666,1,0.53,1.2619,4187,0
IWM190913P155,2019-09-12,2019-09-12 09:49:59,0.53,1.2619,2,0.52,1.238,75,0.49,1.1666,1,0.525,1.25,4187,0
IWM190913P155,2019-09-12,2019-09-12 09:49:59,0.53,1.2619,73,0.52,1.238,75,0.49,1.1666,1,0.525,1.25,4187,0
IWM190913P155,2019-09-12,2019-09-12 09:50:00,0.54,1.2857,357,0.52,1.238,75,0.49,1.1666,1,0.53,1.2619,4187,0
IWM190913P155,2019-09-12,2019-09-12 09:50:01,0.54,1.2857,202,0.52,1.238,75,0.49,1.1666,1,0.53,1.2619,4187,0
IWM190913P155,2019-09-12,2019-09-12 09:50:01,0.54,1.2857,357,0.52,1.238,75,0.49,1.1666,1,0.53,1.2619,4187,0
IWM190913P155,2019-09-12,2019-09-12 09:50:02,0.55,1.3095,203,0.52,1.238,75,0.49,1.1666,1,0.535,1.2738,4187,0
IWM190913P155,2019-09-12,2019-09-12 09:50:02,0.55,1.3095,266,0.52,1.238,75,0.49,1.1666,1,0.535,1.2738,4187,0
IWM190913P155,2019-09-12,2019-09-12 09:50:03,0.55,1.3095,266,0.53,1.2619,83,0.49,1.1666,1,0.54,1.2857,4187,0
IWM190913P155,2019-09-12,2019-09-12 09:50:04,0.54,1.2857,62,0.53,1.2619,8,0.49,1.1666,1,0.535,1.2738,4187,0
IWM190913P155,2019-09-12,2019-09-12 09:50:04,0.54,1.2857,216,0.52,1.238,75,0.49,1.1666,1,0.53,1.2619,4187,0
IWM190913P155,2019-09-12,2019-09-12 09:50:05,0.53,1.2619,66,0.52,1.238,75,0.49,1.1666,1,0.525,1.25,4187,0
IWM190913P155,2019-09-12,2019-09-12 09:50:05,0.53,1.2619,90,0.52,1.238,75,0.49,1.1666,1,0.525,1.25,4187,0
IWM190913P155,2019-09-12,2019-09-12 09:50:06,0.54,1.2857,350,0.52,1.238,75,0.49,1.1666,1,0.53,1.2619,4187,0
IWM190913P155,2019-09-12,2019-09-12 09:50:06,0.53,1.2619,19,0.52,1.238,75,0.49,1.1666,1,0.525,1.25,4187,0
IWM190913P155,2019-09-12,2019-09-12 09:50:07,0.54,1.2857,236,0.52,1.238,99,0.49,1.1666,1,0.53,1.2619,4187,0
IWM190913P155,2019-09-12,2019-09-12 09:50:07,0.54,1.2857,223,0.52,1.238,99,0.49,1.1666,1,0.53,1.2619,4187,0
IWM190913P155,2019-09-12,2019-09-12 09:50:08,0.54,1.2857,261,0.52,1.238,99,0.49,1.1666,1,0.53,1.2619,4187,0
IWM190913P155,2019-09-12,2019-09-12 09:50:08,0.54,1.2857,145,0.52,1.238,99,0.49,1.1666,1,0.53,1.2619,4187,0
IWM190913P155,2019-09-12,2019-09-12 09:50:09,0.55,1.3095,50,0.54,1.2857,14,0.49,1.1666,1,0.545,1.2976,4187,0
IWM190913P155,2019-09-12,2019-09-12 09:50:09,0.55,1.3095,52,0.54,1.2857,1,0.49,1.1666,1,0.545,1.2976,4187,0
IWM190913P155,2019-09-12,2019-09-12 09:50:10,0.55,1.3095,50,0.54,1.2857,1,0.49,1.1666,1,0.545,1.2976,4187,0
IWM190913P155,2019-09-12,2019-09-12 09:50:10,0.55,1.3095,65,0.53,1.2619,83,0.49,1.1666,1,0.54,1.2857,4187,0
IWM190913P155,2019-09-12,2019-09-12 09:50:11,0.55,1.3095,87,0.53,1.2619,83,0.49,1.1666,1,0.54,1.2857,4187,0
IWM190913P155,2019-09-12,2019-09-12 09:50:11,0.55,1.3095,90,0.53,1.2619,83,0.49,1.1666,1,0.54,1.2857,4187,0
IWM190913P155,2019-09-12,2019-09-12 09:50:12,0.55,1.3095,50,0.54,1.2857,83,0.49,1.1666,1,0.545,1.2976,4187,0
IWM190913P155,2019-09-12,2019-09-12 09:50:12,0.55,1.3095,87,0.53,1.2619,133,0.49,1.1666,1,0.54,1.2857,4187,0
IWM190913P155,2019-09-12,2019-09-12 09:50:13,0.53,1.2619,6,0.52,1.238,70,0.49,1.1666,1,0.525,1.25,4187,0
IWM190913P155,2019-09-12,2019-09-12 09:50:13,0.55,1.3095,188,0.53,1.2619,70,0.49,1.1666,1,0.54,1.2857,4187,0
IWM190913P155,2019-09-12,2019-09-12 09:50:14,0.53,1.2619,6,0.52,1.238,96,0.49,1.1666,1,0.525,1.25,4187,0
IWM190913P155,2019-09-12,2019-09-12 09:50:14,0.54,1.2857,140,0.52,1.238,79,0.49,1.1666,1,0.53,1.2619,4187,0
IWM190913P155,2019-09-12,2019-09-12 09:50:15,0.54,1.2857,197,0.52,1.238,83,0.49,1.1666,1,0.53,1.2619,4187,0
IWM190913P155,2019-09-12,2019-09-12 09:50:15,0.54,1.2857,208,0.52,1.238,100,0.49,1.1666,1,0.53,1.2619,4187,0
IWM190913P155,2019-09-12,2019-09-12 09:50:16,0.53,1.2619,1,0.52,1.238,100,0.49,1.1666,1,0.525,1.25,4187,0
IWM190913P155,2019-09-12,2019-09-12 09:50:16,0.53,1.2619,1,0.52,1.238,196,0.49,1.1666,1,0.525,1.25,4187,0
IWM190913P155,2019-09-12,2019-09-12 09:50:17,0.53,1.2619,1,0.52,1.238,196,0.49,1.1666,1,0.525,1.25,4187,0
IWM190913P155,2019-09-12,2019-09-12 09:50:17,0.53,1.2619,1,0.52,1.238,226,0.49,1.1666,1,0.525,1.25,4187,0
IWM190913P155,2019-09-12,2019-09-12 09:50:18,0.53,1.2619,1,0.52,1.238,120,0.49,1.1666,1,0.525,1.25,4187,0
IWM190913P155,2019-09-12,2019-09-12 09:50:19,0.53,1.2619,1,0.52,1.238,131,0.49,1.1666,1,0.525,1.25,4187,0
IWM190913P155,2019-09-12,2019-09-12 09:50:19,0.53,1.2619,1,0.52,1.238,131,0.53,1.2619,1,0.525,1.25,4188,1
IWM190913P155,2019-09-12,2019-09-12 09:50:20,0.55,1.3095,86,0.54,1.2857,17,0.53,1.2619,1,0.545,1.2976,4188,0
IWM190913P155,2019-09-12,2019-09-12 09:50:20,0.55,1.3095,252,0.53,1.2619,99,0.53,1.2619,1,0.54,1.2857,4188,0
IWM190913P155,2019-09-12,2019-09-12 09:50:21,0.55,1.3095,389,0.53,1.2619,99,0.53,1.2619,1,0.54,1.2857,4188,0
IWM190913P155,2019-09-12,2019-09-12 09:50:22,0.55,1.3095,364,0.53,1.2619,33,0.53,1.2619,1,0.54,1.2857,4188,0
IWM190913P155,2019-09-12,2019-09-12 09:50:22,0.54,1.2857,36,0.53,1.2619,33,0.53,1.2619,1,0.535,1.2738,4188,0
IWM190913P155,2019-09-12,2019-09-12 09:50:23,0.55,1.3095,107,0.53,1.2619,62,0.53,1.2619,1,0.54,1.2857,4188,0
IWM190913P155,2019-09-12,2019-09-12 09:50:23,0.55,1.3095,78,0.53,1.2619,62,0.53,1.2619,1,0.54,1.2857,4188,0
IWM190913P155,2019-09-12,2019-09-12 09:50:24,0.54,1.2857,31,0.53,1.2619,37,0.53,1.2619,1,0.535,1.2738,4188,0
IWM190913P155,2019-09-12,2019-09-12 09:50:24,0.54,1.2857,10,0.53,1.2619,41,0.53,1.2619,1,0.535,1.2738,4188,0
IWM190913P155,2019-09-12,2019-09-12 09:50:25,0.55,1.3095,52,0.53,1.2619,80,0.53,1.2619,1,0.54,1.2857,4188,0
IWM190913P155,2019-09-12,2019-09-12 09:50:25,0.55,1.3095,74,0.53,1.2619,97,0.53,1.2619,1,0.54,1.2857,4188,0
IWM190913P155,2019-09-12,2019-09-12 09:50:26,0.55,1.3095,50,0.54,1.2857,82,0.53,1.2619,1,0.545,1.2976,4188,0
IWM190913P155,2019-09-12,2019-09-12 09:50:26,0.55,1.3095,50,0.54,1.2857,111,0.53,1.2619,1,0.545,1.2976,4188,0
IWM190913P155,2019-09-12,2019-09-12 09:50:27,0.55,1.3095,50,0.54,1.2857,115,0.53,1.2619,1,0.545,1.2976,4188,0
IWM190913P155,2019-09-12,2019-09-12 09:50:27,0.55,1.3095,50,0.54,1.2857,88,0.53,1.2619,1,0.545,1.2976,4188,0
IWM190913P155,2019-09-12,2019-09-12 09:50:28,0.55,1.3095,50,0.54,1.2857,88,0.53,1.2619,1,0.545,1.2976,4188,0
IWM190913P155,2019-09-12,2019-09-12 09:50:28,0.55,1.3095,52,0.54,1.2857,13,0.53,1.2619,1,0.545,1.2976,4188,0
IWM190913P155,2019-09-12,2019-09-12 09:50:29,0.55,1.3095,50,0.54,1.2857,30,0.54,1.2857,5,0.545,1.2976,4193,0
IWM190913P155,2019-09-12,2019-09-12 09:50:29,0.55,1.3095,50,0.54,1.2857,36,0.54,1.2857,5,0.545,1.2976,4193,5
IWM190913P155,2019-09-12,2019-09-12 09:50:30,0.55,1.3095,52,0.54,1.2857,30,0.54,1.2857,5,0.545,1.2976,4193,0
IWM190913P155,2019-09-12,2019-09-12 09:50:30,0.55,1.3095,50,0.54,1.2857,30,0.54,1.2857,5,0.545,1.2976,4193,0
IWM190913P155,2019-09-12,2019-09-12 09:50:31,0.55,1.3095,50,0.54,1.2857,43,0.54,1.2857,5,0.545,1.2976,4193,0
IWM190913P155,2019-09-12,2019-09-12 09:50:31,0.55,1.3095,76,0.54,1.2857,30,0.54,1.2857,5,0.545,1.2976,4193,0
IWM190913P155,2019-09-12,2019-09-12 09:50:32,0.55,1.3095,50,0.54,1.2857,43,0.54,1.2857,5,0.545,1.2976,4193,0
IWM190913P155,2019-09-12,2019-09-12 09:50:32,0.55,1.3095,50,0.55,1.3095,102,0.55,1.3095,43,0.55,1.3095,4243,50
IWM190913P155,2019-09-12,2019-09-12 09:50:33,0.57,1.3571,200,0.55,1.3095,102,0.55,1.3095,43,0.56,1.3333,4243,0
IWM190913P155,2019-09-12,2019-09-12 09:50:33,0.55,1.3095,50,0.55,1.3095,102,0.55,1.3095,43,0.55,1.3095,4243,0
IWM190913P155,2019-09-12,2019-09-12 09:50:34,0.56,1.3333,30,0.55,1.3095,86,0.55,1.3095,43,0.555,1.3214,4243,0
IWM190913P155,2019-09-12,2019-09-12 09:50:34,0.57,1.3571,105,0.55,1.3095,86,0.55,1.3095,43,0.56,1.3333,4243,0
IWM190913P155,2019-09-12,2019-09-12 09:50:35,0.57,1.3571,98,0.55,1.3095,97,0.55,1.3095,43,0.56,1.3333,4243,0
IWM190913P155,2019-09-12,2019-09-12 09:50:35,0.57,1.3571,98,0.55,1.3095,86,0.55,1.3095,43,0.56,1.3333,4243,0
IWM190913P155,2019-09-12,2019-09-12 09:50:36,0.57,1.3571,25,0.56,1.3333,26,0.56,1.3333,8,0.565,1.3452,4251,8
IWM190913P155,2019-09-12,2019-09-12 09:50:36,0.57,1.3571,98,0.55,1.3095,103,0.55,1.3095,43,0.56,1.3333,4243,0
IWM190913P155,2019-09-12,2019-09-12 09:50:37,0.56,1.3333,6,0.55,1.3095,31,0.56,1.3333,8,0.555,1.3214,4251,0
IWM190913P155,2019-09-12,2019-09-12 09:50:37,0.56,1.3333,15,0.55,1.3095,31,0.56,1.3333,8,0.555,1.3214,4251,0
IWM190913P155,2019-09-12,2019-09-12 09:50:38,0.56,1.3333,107,0.54,1.2857,51,0.56,1.3333,8,0.55,1.3095,4251,0
IWM190913P155,2019-09-12,2019-09-12 09:50:39,0.55,1.3095,91,0.53,1.2619,61,0.56,1.3333,8,0.54,1.2857,4251,0
IWM190913P155,2019-09-12,2019-09-12 09:50:39,0.55,1.3095,159,0.53,1.2619,92,0.56,1.3333,8,0.54,1.2857,4251,0
IWM190913P155,2019-09-12,2019-09-12 09:50:40,0.55,1.3095,105,0.53,1.2619,92,0.56,1.3333,8,0.54,1.2857,4251,0
IWM190913P155,2019-09-12,2019-09-12 09:50:40,0.54,1.2857,32,0.53,1.2619,92,0.56,1.3333,8,0.535,1.2738,4251,0
IWM190913P155,2019-09-12,2019-09-12 09:50:41,0.55,1.3095,297,0.53,1.2619,92,0.56,1.3333,8,0.54,1.2857,4251,0
IWM190913P155,2019-09-12,2019-09-12 09:50:41,0.54,1.2857,32,0.53,1.2619,92,0.56,1.3333,8,0.535,1.2738,4251,0
IWM190913P155,2019-09-12,2019-09-12 09:50:42,0.56,1.3333,63,0.55,1.3095,13,0.56,1.3333,8,0.555,1.3214,4251,0
IWM190913P155,2019-09-12,2019-09-12 09:50:42,0.56,1.3333,83,0.53,1.2619,105,0.56,1.3333,8,0.545,1.2976,4251,0
IWM190913P155,2019-09-12,2019-09-12 09:50:43,0.56,1.3333,41,0.54,1.2857,105,0.56,1.3333,8,0.55,1.3095,4251,0
IWM190913P155,2019-09-12,2019-09-12 09:50:43,0.56,1.3333,13,0.54,1.2857,105,0.56,1.3333,8,0.55,1.3095,4251,0
IWM190913P155,2019-09-12,2019-09-12 09:50:44,0.56,1.3333,33,0.55,1.3095,30,0.56,1.3333,8,0.555,1.3214,4251,0
IWM190913P155,2019-09-12,2019-09-12 09:50:44,0.56,1.3333,19,0.55,1.3095,30,0.56,1.3333,8,0.555,1.3214,4251,0
IWM190913P155,2019-09-12,2019-09-12 09:50:45,0.56,1.3333,26,0.54,1.2857,121,0.56,1.3333,8,0.55,1.3095,4251,0
IWM190913P155,2019-09-12,2019-09-12 09:50:45,0.56,1.3333,36,0.54,1.2857,105,0.56,1.3333,8,0.55,1.3095,4251,0
IWM190913P155,2019-09-12,2019-09-12 09:50:46,0.56,1.3333,42,0.54,1.2857,136,0.56,1.3333,8,0.55,1.3095,4251,0
IWM190913P155,2019-09-12,2019-09-12 09:50:46,0.56,1.3333,23,0.54,1.2857,121,0.56,1.3333,8,0.55,1.3095,4251,0
IWM190913P155,2019-09-12,2019-09-12 09:50:47,0.56,1.3333,42,0.55,1.3095,48,0.56,1.3333,8,0.555,1.3214,4251,0
IWM190913P155,2019-09-12,2019-09-12 09:50:47,0.56,1.3333,42,0.54,1.2857,105,0.56,1.3333,8,0.55,1.3095,4251,0
IWM190913P155,2019-09-12,2019-09-12 09:50:48,0.57,1.3571,71,0.55,1.3095,73,0.56,1.3333,8,0.56,1.3333,4251,0
IWM190913P155,2019-09-12,2019-09-12 09:50:48,0.57,1.3571,35,0.55,1.3095,66,0.56,1.3333,8,0.56,1.3333,4251,0
IWM190913P155,2019-09-12,2019-09-12 09:50:49,0.57,1.3571,71,0.55,1.3095,67,0.56,1.3333,8,0.56,1.3333,4251,0
IWM190913P155,2019-09-12,2019-09-12 09:50:49,0.57,1.3571,163,0.55,1.3095,67,0.56,1.3333,8,0.56,1.3333,4251,0
IWM190913P155,2019-09-12,2019-09-12 09:50:50,0.56,1.3333,13,0.55,1.3095,34,0.56,1.3333,8,0.555,1.3214,4251,0
IWM190913P155,2019-09-12,2019-09-12 09:50:50,0.56,1.3333,20,0.55,1.3095,19,0.56,1.3333,8,0.555,1.3214,4251,0
IWM190913P155,2019-09-12,2019-09-12 09:50:51,0.56,1.3333,61,0.55,1.3095,19,0.56,1.3333,8,0.555,1.3214,4251,0
IWM190913P155,2019-09-12,2019-09-12 09:50:51,0.55,1.3095,90,0.54,1.2857,65,0.56,1.3333,8,0.545,1.2976,4251,0
IWM190913P155,2019-09-12,2019-09-12 09:50:52,0.55,1.3095,90,0.54,1.2857,73,0.56,1.3333,8,0.545,1.2976,4251,0
IWM190913P155,2019-09-12,2019-09-12 09:50:52,0.55,1.3095,90,0.54,1.2857,36,0.56,1.3333,8,0.545,1.2976,4251,0
IWM190913P155,2019-09-12,2019-09-12 09:50:53,0.55,1.3095,90,0.54,1.2857,147,0.56,1.3333,8,0.545,1.2976,4251,0
IWM190913P155,2019-09-12,2019-09-12 09:50:54,0.55,1.3095,90,0.54,1.2857,194,0.56,1.3333,8,0.545,1.2976,4251,0
IWM190913P155,2019-09-12,2019-09-12 09:50:54,0.55,1.3095,90,0.54,1.2857,294,0.56,1.3333,8,0.545,1.2976,4251,0
IWM190913P155,2019-09-12,2019-09-12 09:50:55,0.55,1.3095,90,0.54,1.2857,281,0.56,1.3333,8,0.545,1.2976,4251,0
IWM190913P155,2019-09-12,2019-09-12 09:50:55,0.55,1.3095,90,0.54,1.2857,141,0.56,1.3333,8,0.545,1.2976,4251,0
IWM190913P155,2019-09-12,2019-09-12 09:50:56,0.55,1.3095,48,0.54,1.2857,141,0.54,1.2857,2,0.545,1.2976,4253,2
IWM190913P155,2019-09-12,2019-09-12 09:50:56,0.55,1.3095,34,0.55,1.3095,94,0.55,1.3095,10,0.55,1.3095,4273,20
IWM190913P155,2019-09-12,2019-09-12 09:50:57,0.56,1.3333,58,0.55,1.3095,82,0.55,1.3095,10,0.555,1.3214,4283,10
IWM190913P155,2019-09-12,2019-09-12 09:50:58,0.56,1.3333,58,0.55,1.3095,112,0.55,1.3095,10,0.555,1.3214,4283,0
IWM190913P155,2019-09-12,2019-09-12 09:50:59,0.56,1.3333,58,0.55,1.3095,212,0.55,1.3095,10,0.555,1.3214,4283,0
IWM190913P155,2019-09-12,2019-09-12 09:50:59,0.57,1.3571,16,0.56,1.3333,57,0.55,1.3095,24,0.565,1.3452,4341,58
IWM190913P155,2019-09-12,2019-09-12 09:51:00,0.58,1.3809,119,0.56,1.3333,57,0.55,1.3095,24,0.57,1.3571,4341,0
IWM190913P155,2019-09-12,2019-09-12 09:51:01,0.57,1.3571,28,0.55,1.3095,203,0.55,1.3095,24,0.56,1.3333,4341,0
IWM190913P155,2019-09-12,2019-09-12 09:51:02,0.57,1.3571,19,0.56,1.3333,92,0.55,1.3095,24,0.565,1.3452,4341,0
IWM190913P155,2019-09-12,2019-09-12 09:51:03,0.57,1.3571,57,0.55,1.3095,43,0.55,1.3095,24,0.56,1.3333,4341,0
IWM190913P155,2019-09-12,2019-09-12 09:51:04,0.54,1.2857,13,0.53,1.2619,99,0.55,1.3095,24,0.535,1.2738,4341,0
IWM190913P155,2019-09-12,2019-09-12 09:51:04,0.55,1.3095,22,0.54,1.2857,14,0.55,1.3095,24,0.545,1.2976,4341,0
IWM190913P155,2019-09-12,2019-09-12 09:51:05,0.54,1.2857,21,0.52,1.238,39,0.55,1.3095,24,0.53,1.2619,4341,0
IWM190913P155,2019-09-12,2019-09-12 09:51:05,0.53,1.2619,28,0.52,1.238,64,0.55,1.3095,24,0.525,1.25,4341,0
IWM190913P155,2019-09-12,2019-09-12 09:51:06,0.53,1.2619,21,0.52,1.238,49,0.55,1.3095,24,0.525,1.25,4341,0
IWM190913P155,2019-09-12,2019-09-12 09:51:06,0.53,1.2619,13,0.52,1.238,75,0.55,1.3095,24,0.525,1.25,4341,0
IWM190913P155,2019-09-12,2019-09-12 09:51:07,0.53,1.2619,28,0.52,1.238,34,0.55,1.3095,24,0.525,1.25,4341,0
IWM190913P155,2019-09-12,2019-09-12 09:51:07,0.53,1.2619,13,0.52,1.238,99,0.55,1.3095,24,0.525,1.25,4341,0
IWM190913P155,2019-09-12,2019-09-12 09:51:08,0.54,1.2857,19,0.53,1.2619,81,0.55,1.3095,24,0.535,1.2738,4341,0
IWM190913P155,2019-09-12,2019-09-12 09:51:08,0.54,1.2857,19,0.53,1.2619,69,0.55,1.3095,24,0.535,1.2738,4341,0
IWM190913P155,2019-09-12,2019-09-12 09:51:09,0.53,1.2619,19,0.53,1.2619,69,0.55,1.3095,24,0.53,1.2619,4341,0
IWM190913P155,2019-09-12,2019-09-12 09:51:09,0.55,1.3095,19,0.54,1.2857,92,0.55,1.3095,24,0.545,1.2976,4341,0
IWM190913P155,2019-09-12,2019-09-12 09:51:10,0.56,1.3333,19,0.55,1.3095,81,0.55,1.3095,24,0.555,1.3214,4341,0
IWM190913P155,2019-09-12,2019-09-12 09:51:11,0.56,1.3333,19,0.55,1.3095,69,0.55,1.3095,24,0.555,1.3214,4341,0
IWM190913P155,2019-09-12,2019-09-12 09:51:12,0.56,1.3333,19,0.55,1.3095,69,0.55,1.3095,24,0.555,1.3214,4341,0
IWM190913P155,2019-09-12,2019-09-12 09:51:12,0.56,1.3333,33,0.55,1.3095,50,0.55,1.3095,24,0.555,1.3214,4341,0
IWM190913P155,2019-09-12,2019-09-12 09:51:13,0.56,1.3333,58,0.54,1.2857,65,0.55,1.3095,24,0.55,1.3095,4341,0
IWM190913P155,2019-09-12,2019-09-12 09:51:13,0.55,1.3095,19,0.54,1.2857,42,0.55,1.3095,24,0.545,1.2976,4341,0
IWM190913P155,2019-09-12,2019-09-12 09:51:14,0.55,1.3095,13,0.54,1.2857,73,0.55,1.3095,24,0.545,1.2976,4341,0
IWM190913P155,2019-09-12,2019-09-12 09:51:14,0.55,1.3095,19,0.54,1.2857,42,0.55,1.3095,24,0.545,1.2976,4341,0
IWM190913P155,2019-09-12,2019-09-12 09:51:15,0.55,1.3095,43,0.53,1.2619,10,0.55,1.3095,24,0.54,1.2857,4341,0
IWM190913P155,2019-09-12,2019-09-12 09:51:15,0.55,1.3095,56,0.53,1.2619,62,0.55,1.3095,24,0.54,1.2857,4341,0
IWM190913P155,2019-09-12,2019-09-12 09:51:16,0.55,1.3095,35,0.53,1.2619,80,0.55,1.3095,24,0.54,1.2857,4341,0
IWM190913P155,2019-09-12,2019-09-12 09:51:16,0.53,1.2619,13,0.52,1.238,138,0.55,1.3095,24,0.525,1.25,4341,0
IWM190913P155,2019-09-12,2019-09-12 09:51:17,0.55,1.3095,35,0.53,1.2619,80,0.55,1.3095,24,0.54,1.2857,4341,0
IWM190913P155,2019-09-12,2019-09-12 09:51:18,0.54,1.2857,19,0.53,1.2619,120,0.55,1.3095,24,0.535,1.2738,4341,0
IWM190913P155,2019-09-12,2019-09-12 09:51:18,0.55,1.3095,35,0.53,1.2619,120,0.55,1.3095,24,0.54,1.2857,4341,0
IWM190913P155,2019-09-12,2019-09-12 09:51:19,0.55,1.3095,44,0.53,1.2619,115,0.55,1.3095,2,0.54,1.2857,4343,2
IWM190913P155,2019-09-12,2019-09-12 09:51:19,0.55,1.3095,44,0.54,1.2857,43,0.55,1.3095,2,0.545,1.2976,4343,0
IWM190913P155,2019-09-12,2019-09-12 09:51:20,0.57,1.3571,13,0.55,1.3095,14,0.55,1.3095,2,0.56,1.3333,4343,0
IWM190913P155,2019-09-12,2019-09-12 09:51:20,0.55,1.3095,28,0.54,1.2857,43,0.55,1.3095,2,0.545,1.2976,4343,0
IWM190913P155,2019-09-12,2019-09-12 09:51:21,0.57,1.3571,32,0.56,1.3333,45,0.55,1.3095,2,0.565,1.3452,4343,0
IWM190913P155,2019-09-12,2019-09-12 09:51:22,0.57,1.3571,51,0.56,1.3333,10,0.55,1.3095,2,0.565,1.3452,4343,0
IWM190913P155,2019-09-12,2019-09-12 09:51:22,0.57,1.3571,28,0.56,1.3333,45,0.55,1.3095,2,0.565,1.3452,4343,0
IWM190913P155,2019-09-12,2019-09-12 09:51:23,0.57,1.3571,41,0.56,1.3333,20,0.55,1.3095,2,0.565,1.3452,4343,0
IWM190913P155,2019-09-12,2019-09-12 09:51:23,0.57,1.3571,57,0.56,1.3333,10,0.55,1.3095,2,0.565,1.3452,4343,0
IWM190913P155,2019-09-12,2019-09-12 09:51:24,0.57,1.3571,13,0.56,1.3333,31,0.55,1.3095,2,0.565,1.3452,4343,0
IWM190913P155,2019-09-12,2019-09-12 09:51:24,0.57,1.3571,13,0.56,1.3333,79,0.55,1.3095,2,0.565,1.3452,4343,0
IWM190913P155,2019-09-12,2019-09-12 09:51:25,0.57,1.3571,13,0.56,1.3333,68,0.55,1.3095,2,0.565,1.3452,4343,0
IWM190913P155,2019-09-12,2019-09-12 09:51:26,0.57,1.3571,19,0.56,1.3333,68,0.55,1.3095,2,0.565,1.3452,4343,0
IWM190913P155,2019-09-12,2019-09-12 09:51:26,0.57,1.3571,13,0.56,1.3333,68,0.55,1.3095,2,0.565,1.3452,4343,0
IWM190913P155,2019-09-12,2019-09-12 09:51:27,0.57,1.3571,19,0.56,1.3333,68,0.55,1.3095,2,0.565,1.3452,4343,0
IWM190913P155,2019-09-12,2019-09-12 09:51:28,0.57,1.3571,13,0.56,1.3333,68,0.55,1.3095,2,0.565,1.3452,4343,0
IWM190913P155,2019-09-12,2019-09-12 09:51:28,0.58,1.3809,54,0.56,1.3333,127,0.55,1.3095,2,0.57,1.3571,4343,0
IWM190913P155,2019-09-12,2019-09-12 09:51:29,0.58,1.3809,67,0.56,1.3333,90,0.55,1.3095,2,0.57,1.3571,4343,0
IWM190913P155,2019-09-12,2019-09-12 09:51:29,0.57,1.3571,19,0.56,1.3333,11,0.55,1.3095,2,0.565,1.3452,4343,0
IWM190913P155,2019-09-12,2019-09-12 09:51:30,0.56,1.3333,13,0.55,1.3095,57,0.56,1.3333,11,0.555,1.3214,4354,11
IWM190913P155,2019-09-12,2019-09-12 09:51:30,0.56,1.3333,13,0.55,1.3095,78,0.56,1.3333,11,0.555,1.3214,4354,0
IWM190913P155,2019-09-12,2019-09-12 09:51:31,0.56,1.3333,19,0.55,1.3095,51,0.56,1.3333,11,0.555,1.3214,4354,0
IWM190913P155,2019-09-12,2019-09-12 09:51:31,0.56,1.3333,44,0.54,1.2857,97,0.56,1.3333,11,0.55,1.3095,4354,0
IWM190913P155,2019-09-12,2019-09-12 09:51:32,0.55,1.3095,19,0.54,1.2857,88,0.56,1.3333,11,0.545,1.2976,4354,0
IWM190913P155,2019-09-12,2019-09-12 09:51:32,0.56,1.3333,40,0.54,1.2857,97,0.56,1.3333,11,0.55,1.3095,4354,0
IWM190913P155,2019-09-12,2019-09-12 09:51:33,0.57,1.3571,13,0.56,1.3333,108,0.56,1.3333,11,0.565,1.3452,4354,0
IWM190913P155,2019-09-12,2019-09-12 09:51:33,0.57,1.3571,13,0.54,1.2857,88,0.56,1.3333,11,0.555,1.3214,4354,0
IWM190913P155,2019-09-12,2019-09-12 09:51:34,0.58,1.3809,34,0.57,1.3571,63,0.56,1.3333,11,0.575,1.369,4354,0
IWM190913P155,2019-09-12,2019-09-12 09:51:34,0.58,1.3809,34,0.57,1.3571,77,0.56,1.3333,11,0.575,1.369,4354,0
IWM190913P155,2019-09-12,2019-09-12 09:51:35,0.59,1.4047,32,0.57,1.3571,78,0.57,1.3571,20,0.58,1.3809,4374,20
IWM190913P155,2019-09-12,2019-09-12 09:51:35,0.58,1.3809,34,0.56,1.3333,138,0.56,1.3333,11,0.57,1.3571,4354,0
IWM190913P155,2019-09-12,2019-09-12 09:51:36,0.58,1.3809,19,0.56,1.3333,62,0.57,1.3571,1,0.57,1.3571,4375,0
IWM190913P155,2019-09-12,2019-09-12 09:51:36,0.58,1.3809,32,0.57,1.3571,48,0.57,1.3571,1,0.575,1.369,4375,1
IWM190913P155,2019-09-12,2019-09-12 09:51:37,0.58,1.3809,19,0.56,1.3333,125,0.57,1.3571,1,0.57,1.3571,4375,0
IWM190913P155,2019-09-12,2019-09-12 09:51:38,0.58,1.3809,13,0.57,1.3571,94,0.57,1.3571,1,0.575,1.369,4375,0
IWM190913P155,2019-09-12,2019-09-12 09:51:38,0.58,1.3809,19,0.56,1.3333,150,0.57,1.3571,1,0.57,1.3571,4375,0
IWM190913P155,2019-09-12,2019-09-12 09:51:39,0.59,1.4047,19,0.57,1.3571,275,0.57,1.3571,1,0.58,1.3809,4375,0
IWM190913P155,2019-09-12,2019-09-12 09:51:39,0.59,1.4047,19,0.57,1.3571,156,0.57,1.3571,1,0.58,1.3809,4375,0
IWM190913P155,2019-09-12,2019-09-12 09:51:40,0.59,1.4047,19,0.58,1.3809,78,0.57,1.3571,1,0.585,1.3928,4375,0
IWM190913P155,2019-09-12,2019-09-12 09:51:40,0.59,1.4047,13,0.58,1.3809,78,0.57,1.3571,1,0.585,1.3928,4375,0
IWM190913P155,2019-09-12,2019-09-12 09:51:41,0.59,1.4047,19,0.58,1.3809,64,0.57,1.3571,1,0.585,1.3928,4375,0
IWM190913P155,2019-09-12,2019-09-12 09:51:42,0.58,1.3809,59,0.57,1.3571,100,0.57,1.3571,1,0.575,1.369,4375,0
IWM190913P155,2019-09-12,2019-09-12 09:51:42,0.57,1.3571,13,0.56,1.3333,39,0.57,1.3571,55,0.565,1.3452,4475,100
IWM190913P155,2019-09-12,2019-09-12 09:51:43,0.56,1.3333,13,0.54,1.2857,77,0.57,1.3571,55,0.55,1.3095,4475,0
IWM190913P155,2019-09-12,2019-09-12 09:51:43,0.58,1.3809,25,0.55,1.3095,77,0.57,1.3571,55,0.565,1.3452,4475,0
IWM190913P155,2019-09-12,2019-09-12 09:51:44,0.56,1.3333,20,0.55,1.3095,1,0.55,1.3095,7,0.555,1.3214,4482,7
IWM190913P155,2019-09-12,2019-09-12 09:51:44,0.55,1.3095,13,0.54,1.2857,32,0.57,1.3571,55,0.545,1.2976,4475,0
IWM190913P155,2019-09-12,2019-09-12 09:51:45,0.55,1.3095,13,0.54,1.2857,77,0.55,1.3095,7,0.545,1.2976,4482,0
IWM190913P155,2019-09-12,2019-09-12 09:51:45,0.55,1.3095,13,0.54,1.2857,60,0.55,1.3095,7,0.545,1.2976,4482,0
IWM190913P155,2019-09-12,2019-09-12 09:51:46,0.55,1.3095,13,0.54,1.2857,80,0.55,1.3095,7,0.545,1.2976,4482,0
IWM190913P155,2019-09-12,2019-09-12 09:51:47,0.55,1.3095,13,0.54,1.2857,80,0.55,1.3095,7,0.545,1.2976,4482,0
IWM190913P155,2019-09-12,2019-09-12 09:51:47,0.55,1.3095,19,0.54,1.2857,64,0.55,1.3095,7,0.545,1.2976,4482,0
IWM190913P155,2019-09-12,2019-09-12 09:51:48,0.55,1.3095,19,0.53,1.2619,105,0.55,1.3095,7,0.54,1.2857,4482,0
IWM190913P155,2019-09-12,2019-09-12 09:51:48,0.55,1.3095,19,0.54,1.2857,89,0.55,1.3095,7,0.545,1.2976,4482,0
IWM190913P155,2019-09-12,2019-09-12 09:51:49,0.54,1.2857,19,0.52,1.238,288,0.55,1.3095,7,0.53,1.2619,4482,0
IWM190913P155,2019-09-12,2019-09-12 09:51:49,0.53,1.2619,19,0.52,1.238,112,0.52,1.238,10,0.525,1.25,4492,10
IWM190913P155,2019-09-12,2019-09-12 09:51:50,0.53,1.2619,38,0.52,1.238,1,0.55,1.3095,190,0.525,1.25,4795,303
IWM190913P155,2019-09-12,2019-09-12 09:51:50,0.54,1.2857,13,0.52,1.238,1,0.55,1.3095,190,0.53,1.2619,4795,0
IWM190913P155,2019-09-12,2019-09-12 09:51:51,0.54,1.2857,13,0.51,1.2142,187,0.55,1.3095,190,0.525,1.25,4795,0
IWM190913P155,2019-09-12,2019-09-12 09:51:52,0.54,1.2857,13,0.52,1.238,1,0.55,1.3095,190,0.53,1.2619,4795,0
IWM190913P155,2019-09-12,2019-09-12 09:51:52,0.54,1.2857,62,0.52,1.238,1,0.52,1.238,10,0.53,1.2619,4806,11
IWM190913P155,2019-09-12,2019-09-12 09:51:53,0.53,1.2619,86,0.51,1.2142,31,0.52,1.238,1,0.52,1.238,4808,0
IWM190913P155,2019-09-12,2019-09-12 09:51:53,0.53,1.2619,104,0.51,1.2142,13,0.52,1.238,1,0.52,1.238,4808,2
IWM190913P155,2019-09-12,2019-09-12 09:51:54,0.52,1.238,15,0.5,1.1904,99,0.52,1.238,1,0.51,1.2142,4808,0
IWM190913P155,2019-09-12,2019-09-12 09:51:54,0.52,1.238,31,0.5,1.1904,83,0.52,1.238,1,0.51,1.2142,4808,0
IWM190913P155,2019-09-12,2019-09-12 09:51:55,0.52,1.238,35,0.5,1.1904,79,0.52,1.238,1,0.51,1.2142,4808,0
IWM190913P155,2019-09-12,2019-09-12 09:51:55,0.52,1.238,31,0.5,1.1904,31,0.52,1.238,1,0.51,1.2142,4808,0
IWM190913P155,2019-09-12,2019-09-12 09:51:56,0.52,1.238,24,0.5,1.1904,79,0.52,1.238,1,0.51,1.2142,4808,0
IWM190913P155,2019-09-12,2019-09-12 09:51:56,0.52,1.238,31,0.5,1.1904,31,0.52,1.238,1,0.51,1.2142,4808,0
IWM190913P155,2019-09-12,2019-09-12 09:51:57,0.52,1.238,29,0.5,1.1904,31,0.52,1.238,1,0.51,1.2142,4808,0
IWM190913P155,2019-09-12,2019-09-12 09:51:58,0.52,1.238,29,0.5,1.1904,83,0.52,1.238,1,0.51,1.2142,4808,0
IWM190913P155,2019-09-12,2019-09-12 09:51:58,0.52,1.238,29,0.5,1.1904,31,0.52,1.238,1,0.51,1.2142,4808,0
IWM190913P155,2019-09-12,2019-09-12 09:51:59,0.53,1.2619,86,0.5,1.1904,106,0.52,1.238,1,0.515,1.2261,4808,0
IWM190913P155,2019-09-12,2019-09-12 09:51:59,0.52,1.238,13,0.5,1.1904,66,0.52,1.238,1,0.51,1.2142,4808,0
IWM190913P155,2019-09-12,2019-09-12 09:52:00,0.52,1.238,31,0.5,1.1904,33,0.52,1.238,1,0.51,1.2142,4808,0
IWM190913P155,2019-09-12,2019-09-12 09:52:00,0.52,1.238,152,0.5,1.1904,33,0.52,1.238,1,0.51,1.2142,4808,0
IWM190913P155,2019-09-12,2019-09-12 09:52:01,0.52,1.238,120,0.5,1.1904,54,0.52,1.238,1,0.51,1.2142,4808,0
IWM190913P155,2019-09-12,2019-09-12 09:52:02,0.53,1.2619,47,0.52,1.238,10,0.52,1.238,1,0.525,1.25,4808,0
IWM190913P155,2019-09-12,2019-09-12 09:52:02,0.52,1.238,131,0.5,1.1904,69,0.52,1.238,1,0.51,1.2142,4808,0
IWM190913P155,2019-09-12,2019-09-12 09:52:03,0.53,1.2619,38,0.52,1.238,10,0.52,1.238,1,0.525,1.25,4808,0
IWM190913P155,2019-09-12,2019-09-12 09:52:04,0.52,1.238,28,0.5,1.1904,31,0.52,1.238,1,0.51,1.2142,4808,0
IWM190913P155,2019-09-12,2019-09-12 09:52:04,0.53,1.2619,51,0.51,1.2142,63,0.52,1.238,1,0.52,1.238,4808,0
IWM190913P155,2019-09-12,2019-09-12 09:52:05,0.52,1.238,225,0.5,1.1904,31,0.52,1.238,1,0.51,1.2142,4808,0
IWM190913P155,2019-09-12,2019-09-12 09:52:06,0.51,1.2142,86,0.49,1.1666,56,0.49,1.1666,4,0.5,1.1904,4812,4
IWM190913P155,2019-09-12,2019-09-12 09:52:06,0.5,1.1904,25,0.49,1.1666,18,0.49,1.1666,4,0.495,1.1785,4812,0
IWM190913P155,2019-09-12,2019-09-12 09:52:07,0.51,1.2142,81,0.49,1.1666,37,0.49,1.1666,4,0.5,1.1904,4812,0
IWM190913P155,2019-09-12,2019-09-12 09:52:07,0.51,1.2142,80,0.49,1.1666,98,0.49,1.1666,4,0.5,1.1904,4812,0
IWM190913P155,2019-09-12,2019-09-12 09:52:08,0.51,1.2142,189,0.49,1.1666,56,0.49,1.1666,4,0.5,1.1904,4812,0
IWM190913P155,2019-09-12,2019-09-12 09:52:08,0.51,1.2142,77,0.49,1.1666,84,0.49,1.1666,4,0.5,1.1904,4812,0
IWM190913P155,2019-09-12,2019-09-12 09:52:09,0.51,1.2142,164,0.49,1.1666,24,0.49,1.1666,4,0.5,1.1904,4812,0
IWM190913P155,2019-09-12,2019-09-12 09:52:09,0.51,1.2142,18,0.5,1.1904,11,0.49,1.1666,4,0.505,1.2023,4812,0
IWM190913P155,2019-09-12,2019-09-12 09:52:10,0.5,1.1904,67,0.48,1.1428,90,0.49,1.1666,4,0.49,1.1666,4812,0
IWM190913P155,2019-09-12,2019-09-12 09:52:10,0.51,1.2142,190,0.48,1.1428,63,0.49,1.1666,4,0.495,1.1785,4812,0
IWM190913P155,2019-09-12,2019-09-12 09:52:11,0.5,1.1904,10,0.48,1.1428,222,0.49,1.1666,4,0.49,1.1666,4812,0
IWM190913P155,2019-09-12,2019-09-12 09:52:11,0.5,1.1904,25,0.48,1.1428,195,0.49,1.1666,4,0.49,1.1666,4812,0
IWM190913P155,2019-09-12,2019-09-12 09:52:12,0.49,1.1666,13,0.48,1.1428,9,0.49,1.1666,4,0.485,1.1547,4812,0
IWM190913P155,2019-09-12,2019-09-12 09:52:12,0.5,1.1904,243,0.48,1.1428,22,0.49,1.1666,4,0.49,1.1666,4812,0
IWM190913P155,2019-09-12,2019-09-12 09:52:13,0.48,1.1428,26,0.47,1.119,35,0.49,1.1666,4,0.475,1.1309,4812,0
IWM190913P155,2019-09-12,2019-09-12 09:52:13,0.48,1.1428,163,0.46,1.0952,68,0.49,1.1666,4,0.47,1.119,4812,0
IWM190913P155,2019-09-12,2019-09-12 09:52:14,0.48,1.1428,236,0.46,1.0952,75,0.49,1.1666,4,0.47,1.119,4812,0
IWM190913P155,2019-09-12,2019-09-12 09:52:14,0.48,1.1428,155,0.46,1.0952,75,0.49,1.1666,4,0.47,1.119,4812,0
IWM190913P155,2019-09-12,2019-09-12 09:52:15,0.48,1.1428,155,0.46,1.0952,66,0.49,1.1666,4,0.47,1.119,4812,0
IWM190913P155,2019-09-12,2019-09-12 09:52:15,0.48,1.1428,88,0.46,1.0952,66,0.49,1.1666,4,0.47,1.119,4812,0
IWM190913P155,2019-09-12,2019-09-12 09:52:16,0.48,1.1428,73,0.46,1.0952,14,0.49,1.1666,4,0.47,1.119,4812,0
IWM190913P155,2019-09-12,2019-09-12 09:52:16,0.48,1.1428,73,0.46,1.0952,69,0.49,1.1666,4,0.47,1.119,4812,0
IWM190913P155,2019-09-12,2019-09-12 09:52:17,0.48,1.1428,73,0.46,1.0952,14,0.49,1.1666,4,0.47,1.119,4812,0
IWM190913P155,2019-09-12,2019-09-12 09:52:17,0.48,1.1428,152,0.46,1.0952,46,0.49,1.1666,4,0.47,1.119,4812,0
IWM190913P155,2019-09-12,2019-09-12 09:52:18,0.48,1.1428,181,0.46,1.0952,46,0.49,1.1666,4,0.47,1.119,4812,0
IWM190913P155,2019-09-12,2019-09-12 09:52:19,0.48,1.1428,126,0.46,1.0952,72,0.49,1.1666,4,0.47,1.119,4812,0
IWM190913P155,2019-09-12,2019-09-12 09:52:20,0.48,1.1428,30,0.46,1.0952,99,0.46,1.0952,1,0.47,1.119,4813,1
IWM190913P155,2019-09-12,2019-09-12 09:52:20,0.48,1.1428,274,0.46,1.0952,78,0.46,1.0952,1,0.47,1.119,4813,0
IWM190913P155,2019-09-12,2019-09-12 09:52:21,0.49,1.1666,168,0.47,1.119,40,0.46,1.0952,1,0.48,1.1428,4813,0
IWM190913P155,2019-09-12,2019-09-12 09:52:21,0.48,1.1428,247,0.46,1.0952,46,0.46,1.0952,1,0.47,1.119,4813,0
IWM190913P155,2019-09-12,2019-09-12 09:52:22,0.49,1.1666,170,0.48,1.1428,4,0.46,1.0952,1,0.485,1.1547,4813,0
IWM190913P155,2019-09-12,2019-09-12 09:52:22,0.49,1.1666,299,0.47,1.119,86,0.46,1.0952,1,0.48,1.1428,4813,0
IWM190913P155,2019-09-12,2019-09-12 09:52:23,0.49,1.1666,200,0.47,1.119,31,0.46,1.0952,1,0.48,1.1428,4813,0
IWM190913P155,2019-09-12,2019-09-12 09:52:23,0.49,1.1666,200,0.47,1.119,27,0.46,1.0952,1,0.48,1.1428,4813,0
IWM190913P155,2019-09-12,2019-09-12 09:52:24,0.49,1.1666,242,0.47,1.119,27,0.46,1.0952,1,0.48,1.1428,4813,0
IWM190913P155,2019-09-12,2019-09-12 09:52:24,0.49,1.1666,200,0.47,1.119,27,0.46,1.0952,1,0.48,1.1428,4813,0
IWM190913P155,2019-09-12,2019-09-12 09:52:25,0.49,1.1666,327,0.47,1.119,27,0.46,1.0952,1,0.48,1.1428,4813,0
IWM190913P155,2019-09-12,2019-09-12 09:52:25,0.49,1.1666,139,0.48,1.1428,14,0.46,1.0952,1,0.485,1.1547,4813,0
IWM190913P155,2019-09-12,2019-09-12 09:52:26,0.49,1.1666,138,0.48,1.1428,14,0.46,1.0952,1,0.485,1.1547,4813,0
IWM190913P155,2019-09-12,2019-09-12 09:52:26,0.49,1.1666,139,0.48,1.1428,14,0.46,1.0952,1,0.485,1.1547,4813,0
IWM190913P155,2019-09-12,2019-09-12 09:52:27,0.49,1.1666,87,0.48,1.1428,14,0.46,1.0952,1,0.485,1.1547,4813,0
IWM190913P155,2019-09-12,2019-09-12 09:52:27,0.49,1.1666,63,0.48,1.1428,27,0.46,1.0952,1,0.485,1.1547,4813,0
IWM190913P155,2019-09-12,2019-09-12 09:52:28,0.49,1.1666,177,0.47,1.119,27,0.46,1.0952,1,0.48,1.1428,4813,0
IWM190913P155,2019-09-12,2019-09-12 09:52:28,0.49,1.1666,177,0.47,1.119,47,0.46,1.0952,1,0.48,1.1428,4813,0
IWM190913P155,2019-09-12,2019-09-12 09:52:29,0.49,1.1666,304,0.47,1.119,14,0.46,1.0952,1,0.48,1.1428,4813,0
IWM190913P155,2019-09-12,2019-09-12 09:52:29,0.49,1.1666,197,0.47,1.119,27,0.46,1.0952,1,0.48,1.1428,4813,0
IWM190913P155,2019-09-12,2019-09-12 09:52:30,0.49,1.1666,260,0.47,1.119,27,0.46,1.0952,1,0.48,1.1428,4813,0
IWM190913P155,2019-09-12,2019-09-12 09:52:30,0.49,1.1666,218,0.47,1.119,27,0.46,1.0952,1,0.48,1.1428,4813,0
IWM190913P155,2019-09-12,2019-09-12 09:52:31,0.48,1.1428,50,0.47,1.119,14,0.46,1.0952,1,0.475,1.1309,4813,0
IWM190913P155,2019-09-12,2019-09-12 09:52:31,0.48,1.1428,127,0.47,1.119,14,0.46,1.0952,1,0.475,1.1309,4813,0
IWM190913P155,2019-09-12,2019-09-12 09:52:32,0.49,1.1666,146,0.47,1.119,27,0.46,1.0952,1,0.48,1.1428,4813,0
IWM190913P155,2019-09-12,2019-09-12 09:52:33,0.49,1.1666,179,0.47,1.119,27,0.46,1.0952,1,0.48,1.1428,4813,0
IWM190913P155,2019-09-12,2019-09-12 09:52:34,0.49,1.1666,201,0.47,1.119,27,0.46,1.0952,1,0.48,1.1428,4813,0
IWM190913P155,2019-09-12,2019-09-12 09:52:34,0.49,1.1666,335,0.47,1.119,27,0.46,1.0952,1,0.48,1.1428,4813,0
IWM190913P155,2019-09-12,2019-09-12 09:52:35,0.49,1.1666,335,0.47,1.119,27,0.46,1.0952,1,0.48,1.1428,4813,0
IWM190913P155,2019-09-12,2019-09-12 09:52:36,0.48,1.1428,53,0.47,1.119,14,0.46,1.0952,1,0.475,1.1309,4813,0
IWM190913P155,2019-09-12,2019-09-12 09:52:36,0.48,1.1428,60,0.46,1.0952,27,0.46,1.0952,1,0.47,1.119,4813,0
IWM190913P155,2019-09-12,2019-09-12 09:52:37,0.48,1.1428,185,0.46,1.0952,61,0.46,1.0952,1,0.47,1.119,4813,0
IWM190913P155,2019-09-12,2019-09-12 09:52:37,0.48,1.1428,167,0.46,1.0952,88,0.46,1.0952,1,0.47,1.119,4813,0
IWM190913P155,2019-09-12,2019-09-12 09:52:38,0.47,1.119,37,0.46,1.0952,14,0.46,1.0952,1,0.465,1.1071,4813,0
IWM190913P155,2019-09-12,2019-09-12 09:52:39,0.48,1.1428,190,0.46,1.0952,14,0.46,1.0952,1,0.47,1.119,4813,0
IWM190913P155,2019-09-12,2019-09-12 09:52:39,0.48,1.1428,104,0.46,1.0952,14,0.46,1.0952,1,0.47,1.119,4813,0
IWM190913P155,2019-09-12,2019-09-12 09:52:40,0.48,1.1428,190,0.46,1.0952,27,0.46,1.0952,1,0.47,1.119,4813,0
IWM190913P155,2019-09-12,2019-09-12 09:52:40,0.48,1.1428,274,0.46,1.0952,27,0.46,1.0952,1,0.47,1.119,4813,0
IWM190913P155,2019-09-12,2019-09-12 09:52:41,0.48,1.1428,148,0.46,1.0952,78,0.46,1.0952,1,0.47,1.119,4813,0
IWM190913P155,2019-09-12,2019-09-12 09:52:41,0.48,1.1428,232,0.46,1.0952,70,0.46,1.0952,1,0.47,1.119,4813,0
IWM190913P155,2019-09-12,2019-09-12 09:52:42,0.48,1.1428,328,0.46,1.0952,14,0.46,1.0952,1,0.47,1.119,4813,0
IWM190913P155,2019-09-12,2019-09-12 09:52:42,0.48,1.1428,106,0.46,1.0952,14,0.46,1.0952,1,0.47,1.119,4813,0
IWM190913P155,2019-09-12,2019-09-12 09:52:43,0.47,1.119,36,0.46,1.0952,27,0.46,1.0952,1,0.465,1.1071,4813,0
IWM190913P155,2019-09-12,2019-09-12 09:52:43,0.48,1.1428,210,0.46,1.0952,27,0.46,1.0952,1,0.47,1.119,4813,0
IWM190913P155,2019-09-12,2019-09-12 09:52:44,0.48,1.1428,210,0.46,1.0952,27,0.46,1.0952,1,0.47,1.119,4813,0
IWM190913P155,2019-09-12,2019-09-12 09:52:44,0.48,1.1428,262,0.46,1.0952,14,0.46,1.0952,1,0.47,1.119,4813,0
IWM190913P155,2019-09-12,2019-09-12 09:52:45,0.46,1.0952,37,0.45,1.0714,14,0.46,1.0952,1,0.455,1.0833,4813,0
IWM190913P155,2019-09-12,2019-09-12 09:52:45,0.46,1.0952,56,0.45,1.0714,14,0.46,1.0952,1,0.455,1.0833,4813,0
IWM190913P155,2019-09-12,2019-09-12 09:52:46,0.46,1.0952,114,0.45,1.0714,14,0.46,1.0952,1,0.455,1.0833,4813,0
IWM190913P155,2019-09-12,2019-09-12 09:52:46,0.47,1.119,326,0.45,1.0714,54,0.46,1.0952,1,0.46,1.0952,4813,0
IWM190913P155,2019-09-12,2019-09-12 09:52:47,0.47,1.119,233,0.45,1.0714,27,0.46,1.0952,1,0.46,1.0952,4813,0
IWM190913P155,2019-09-12,2019-09-12 09:52:47,0.46,1.0952,107,0.45,1.0714,14,0.46,1.0952,1,0.455,1.0833,4813,0
IWM190913P155,2019-09-12,2019-09-12 09:52:48,0.46,1.0952,58,0.45,1.0714,14,0.46,1.0952,1,0.455,1.0833,4813,0
IWM190913P155,2019-09-12,2019-09-12 09:52:48,0.46,1.0952,89,0.45,1.0714,14,0.46,1.0952,1,0.455,1.0833,4813,0
IWM190913P155,2019-09-12,2019-09-12 09:52:49,0.46,1.0952,201,0.44,1.0476,131,0.46,1.0952,1,0.45,1.0714,4813,0
IWM190913P155,2019-09-12,2019-09-12 09:52:49,0.46,1.0952,201,0.44,1.0476,80,0.46,1.0952,1,0.45,1.0714,4813,0
IWM190913P155,2019-09-12,2019-09-12 09:52:50,0.46,1.0952,169,0.44,1.0476,89,0.46,1.0952,1,0.45,1.0714,4813,0
IWM190913P155,2019-09-12,2019-09-12 09:52:50,0.46,1.0952,119,0.44,1.0476,131,0.46,1.0952,1,0.45,1.0714,4813,0
IWM190913P155,2019-09-12,2019-09-12 09:52:51,0.45,1.0714,72,0.43,1.0238,141,0.46,1.0952,1,0.44,1.0476,4813,0
IWM190913P155,2019-09-12,2019-09-12 09:52:51,0.45,1.0714,220,0.43,1.0238,118,0.46,1.0952,1,0.44,1.0476,4813,0
IWM190913P155,2019-09-12,2019-09-12 09:52:52,0.45,1.0714,148,0.43,1.0238,94,0.46,1.0952,1,0.44,1.0476,4813,0
IWM190913P155,2019-09-12,2019-09-12 09:52:53,0.45,1.0714,221,0.43,1.0238,100,0.46,1.0952,1,0.44,1.0476,4813,0
IWM190913P155,2019-09-12,2019-09-12 09:52:53,0.45,1.0714,221,0.43,1.0238,70,0.46,1.0952,1,0.44,1.0476,4813,0
IWM190913P155,2019-09-12,2019-09-12 09:52:54,0.45,1.0714,295,0.43,1.0238,76,0.46,1.0952,1,0.44,1.0476,4813,0
IWM190913P155,2019-09-12,2019-09-12 09:52:54,0.45,1.0714,208,0.43,1.0238,67,0.46,1.0952,1,0.44,1.0476,4813,0
IWM190913P155,2019-09-12,2019-09-12 09:52:55,0.45,1.0714,295,0.43,1.0238,113,0.46,1.0952,1,0.44,1.0476,4813,0
IWM190913P155,2019-09-12,2019-09-12 09:52:56,0.45,1.0714,180,0.43,1.0238,81,0.46,1.0952,1,0.44,1.0476,4813,0
IWM190913P155,2019-09-12,2019-09-12 09:52:56,0.45,1.0714,352,0.43,1.0238,18,0.46,1.0952,1,0.44,1.0476,4813,0
IWM190913P155,2019-09-12,2019-09-12 09:52:57,0.43,1.0238,45,0.42,1.0,24,0.46,1.0952,1,0.425,1.0119,4813,0
IWM190913P155,2019-09-12,2019-09-12 09:52:57,0.44,1.0476,155,0.42,1.0,87,0.46,1.0952,1,0.43,1.0238,4813,0
IWM190913P155,2019-09-12,2019-09-12 09:52:58,0.43,1.0238,45,0.42,1.0,24,0.46,1.0952,1,0.425,1.0119,4813,0
IWM190913P155,2019-09-12,2019-09-12 09:52:59,0.43,1.0238,107,0.41,0.9761,87,0.46,1.0952,1,0.42,1.0,4813,0
IWM190913P155,2019-09-12,2019-09-12 09:52:59,0.43,1.0238,45,0.42,1.0,24,0.46,1.0952,1,0.425,1.0119,4813,0
IWM190913P155,2019-09-12,2019-09-12 09:53:00,0.42,1.0,13,0.41,0.9761,109,0.46,1.0952,1,0.415,0.988,4813,0
IWM190913P155,2019-09-12,2019-09-12 09:53:00,0.43,1.0238,177,0.41,0.9761,89,0.46,1.0952,1,0.42,1.0,4813,0
IWM190913P155,2019-09-12,2019-09-12 09:53:01,0.43,1.0238,186,0.41,0.9761,89,0.46,1.0952,1,0.42,1.0,4813,0
IWM190913P155,2019-09-12,2019-09-12 09:53:01,0.42,1.0,13,0.41,0.9761,89,0.46,1.0952,1,0.415,0.988,4813,0
IWM190913P155,2019-09-12,2019-09-12 09:53:02,0.43,1.0238,143,0.41,0.9761,134,0.46,1.0952,1,0.42,1.0,4813,0
IWM190913P155,2019-09-12,2019-09-12 09:53:02,0.43,1.0238,156,0.41,0.9761,134,0.46,1.0952,1,0.42,1.0,4813,0
IWM190913P155,2019-09-12,2019-09-12 09:53:03,0.43,1.0238,44,0.41,0.9761,134,0.46,1.0952,1,0.42,1.0,4813,0
IWM190913P155,2019-09-12,2019-09-12 09:53:03,0.44,1.0476,267,0.42,1.0,47,0.46,1.0952,1,0.43,1.0238,4813,0
IWM190913P155,2019-09-12,2019-09-12 09:53:04,0.44,1.0476,261,0.42,1.0,40,0.46,1.0952,1,0.43,1.0238,4813,0
IWM190913P155,2019-09-12,2019-09-12 09:53:04,0.44,1.0476,267,0.42,1.0,47,0.46,1.0952,1,0.43,1.0238,4813,0
IWM190913P155,2019-09-12,2019-09-12 09:53:05,0.44,1.0476,227,0.42,1.0,40,0.46,1.0952,1,0.43,1.0238,4813,0
IWM190913P155,2019-09-12,2019-09-12 09:53:05,0.44,1.0476,265,0.42,1.0,40,0.46,1.0952,1,0.43,1.0238,4813,0
IWM190913P155,2019-09-12,2019-09-12 09:53:06,0.44,1.0476,265,0.42,1.0,23,0.46,1.0952,1,0.43,1.0238,4813,0
IWM190913P155,2019-09-12,2019-09-12 09:53:06,0.44,1.0476,265,0.42,1.0,35,0.46,1.0952,1,0.43,1.0238,4813,0
IWM190913P155,2019-09-12,2019-09-12 09:53:07,0.44,1.0476,265,0.42,1.0,35,0.46,1.0952,1,0.43,1.0238,4813,0
IWM190913P155,2019-09-12,2019-09-12 09:53:08,0.44,1.0476,265,0.42,1.0,35,0.46,1.0952,1,0.43,1.0238,4813,0
IWM190913P155,2019-09-12,2019-09-12 09:53:08,0.43,1.0238,67,0.42,1.0,42,0.46,1.0952,1,0.425,1.0119,4813,0
IWM190913P155,2019-09-12,2019-09-12 09:53:09,0.43,1.0238,69,0.41,0.9761,81,0.46,1.0952,1,0.42,1.0,4813,0
IWM190913P155,2019-09-12,2019-09-12 09:53:09,0.43,1.0238,69,0.42,1.0,11,0.46,1.0952,1,0.425,1.0119,4813,0
IWM190913P155,2019-09-12,2019-09-12 09:53:10,0.42,1.0,44,0.4,0.9523,120,0.46,1.0952,1,0.41,0.9761,4813,0
IWM190913P155,2019-09-12,2019-09-12 09:53:10,0.42,1.0,44,0.41,0.9761,24,0.46,1.0952,1,0.415,0.988,4813,0
IWM190913P155,2019-09-12,2019-09-12 09:53:11,0.42,1.0,20,0.4,0.9523,108,0.46,1.0952,1,0.41,0.9761,4813,0
IWM190913P155,2019-09-12,2019-09-12 09:53:11,0.42,1.0,120,0.4,0.9523,80,0.46,1.0952,1,0.41,0.9761,4813,0
IWM190913P155,2019-09-12,2019-09-12 09:53:12,0.41,0.9761,13,0.4,0.9523,79,0.46,1.0952,1,0.405,0.9642,4813,0
IWM190913P155,2019-09-12,2019-09-12 09:53:12,0.42,1.0,43,0.41,0.9761,18,0.46,1.0952,1,0.415,0.988,4813,0
IWM190913P155,2019-09-12,2019-09-12 09:53:13,0.42,1.0,42,0.4,0.9523,80,0.46,1.0952,1,0.41,0.9761,4813,0
IWM190913P155,2019-09-12,2019-09-12 09:53:13,0.42,1.0,75,0.41,0.9761,18,0.46,1.0952,1,0.415,0.988,4813,0
IWM190913P155,2019-09-12,2019-09-12 09:53:14,0.42,1.0,42,0.4,0.9523,80,0.46,1.0952,1,0.41,0.9761,4813,0
IWM190913P155,2019-09-12,2019-09-12 09:53:14,0.42,1.0,75,0.41,0.9761,18,0.46,1.0952,1,0.415,0.988,4813,0
IWM190913P155,2019-09-12,2019-09-12 09:53:15,0.42,1.0,41,0.41,0.9761,18,0.46,1.0952,1,0.415,0.988,4813,0
IWM190913P155,2019-09-12,2019-09-12 09:53:16,0.42,1.0,41,0.41,0.9761,18,0.46,1.0952,1,0.415,0.988,4813,0
IWM190913P155,2019-09-12,2019-09-12 09:53:17,0.42,1.0,30,0.41,0.9761,18,0.46,1.0952,1,0.415,0.988,4813,0
IWM190913P155,2019-09-12,2019-09-12 09:53:17,0.42,1.0,33,0.41,0.9761,18,0.46,1.0952,1,0.415,0.988,4813,0
IWM190913P155,2019-09-12,2019-09-12 09:53:18,0.42,1.0,156,0.4,0.9523,14,0.4,0.9523,18,0.41,0.9761,5313,0
IWM190913P155,2019-09-12,2019-09-12 09:53:18,0.42,1.0,87,0.4,0.9523,14,0.4,0.9523,18,0.41,0.9761,5313,500
IWM190913P155,2019-09-12,2019-09-12 09:53:19,0.42,1.0,156,0.4,0.9523,17,0.4,0.9523,18,0.41,0.9761,5313,0
IWM190913P155,2019-09-12,2019-09-12 09:53:19,0.42,1.0,156,0.4,0.9523,14,0.4,0.9523,18,0.41,0.9761,5313,0
IWM190913P155,2019-09-12,2019-09-12 09:53:20,0.42,1.0,171,0.4,0.9523,17,0.4,0.9523,18,0.41,0.9761,5313,0
IWM190913P155,2019-09-12,2019-09-12 09:53:20,0.42,1.0,171,0.4,0.9523,24,0.4,0.9523,18,0.41,0.9761,5313,0
IWM190913P155,2019-09-12,2019-09-12 09:53:21,0.41,0.9761,13,0.4,0.9523,24,0.4,0.9523,18,0.405,0.9642,5313,0
IWM190913P155,2019-09-12,2019-09-12 09:53:21,0.42,1.0,154,0.4,0.9523,24,0.4,0.9523,18,0.41,0.9761,5313,0
IWM190913P155,2019-09-12,2019-09-12 09:53:22,0.42,1.0,172,0.4,0.9523,24,0.4,0.9523,18,0.41,0.9761,5313,0
IWM190913P155,2019-09-12,2019-09-12 09:53:23,0.41,0.9761,35,0.39,0.9285,98,0.4,0.9523,18,0.4,0.9523,5313,0
IWM190913P155,2019-09-12,2019-09-12 09:53:23,0.41,0.9761,110,0.39,0.9285,82,0.4,0.9523,18,0.4,0.9523,5313,0
IWM190913P155,2019-09-12,2019-09-12 09:53:24,0.41,0.9761,103,0.39,0.9285,82,0.4,0.9523,18,0.4,0.9523,5313,0
IWM190913P155,2019-09-12,2019-09-12 09:53:24,0.41,0.9761,106,0.39,0.9285,82,0.4,0.9523,18,0.4,0.9523,5313,0
IWM190913P155,2019-09-12,2019-09-12 09:53:25,0.41,0.9761,106,0.39,0.9285,82,0.4,0.9523,18,0.4,0.9523,5313,0
IWM190913P155,2019-09-12,2019-09-12 09:53:26,0.41,0.9761,106,0.39,0.9285,82,0.4,0.9523,30,0.4,0.9523,5344,31
IWM190913P155,2019-09-12,2019-09-12 09:53:26,0.41,0.9761,180,0.39,0.9285,82,0.4,0.9523,30,0.4,0.9523,5344,0
IWM190913P155,2019-09-12,2019-09-12 09:53:27,0.42,1.0,218,0.41,0.9761,13,0.4,0.9523,30,0.415,0.988,5344,0
IWM190913P155,2019-09-12,2019-09-12 09:53:27,0.42,1.0,40,0.41,0.9761,13,0.4,0.9523,30,0.415,0.988,5344,0
IWM190913P155,2019-09-12,2019-09-12 09:53:28,0.42,1.0,27,0.41,0.9761,53,0.4,0.9523,30,0.415,0.988,5344,0
IWM190913P155,2019-09-12,2019-09-12 09:53:28,0.42,1.0,27,0.41,0.9761,17,0.4,0.9523,30,0.415,0.988,5344,0
IWM190913P155,2019-09-12,2019-09-12 09:53:29,0.42,1.0,34,0.41,0.9761,19,0.4,0.9523,30,0.415,0.988,5344,0
IWM190913P155,2019-09-12,2019-09-12 09:53:29,0.42,1.0,58,0.41,0.9761,13,0.4,0.9523,30,0.415,0.988,5344,0
IWM190913P155,2019-09-12,2019-09-12 09:53:30,0.42,1.0,193,0.4,0.9523,46,0.4,0.9523,30,0.41,0.9761,5344,0
IWM190913P155,2019-09-12,2019-09-12 09:53:30,0.42,1.0,106,0.4,0.9523,33,0.4,0.9523,30,0.41,0.9761,5344,0
IWM190913P155,2019-09-12,2019-09-12 09:53:31,0.42,1.0,155,0.4,0.9523,79,0.4,0.9523,30,0.41,0.9761,5344,0
IWM190913P155,2019-09-12,2019-09-12 09:53:31,0.42,1.0,193,0.4,0.9523,46,0.4,0.9523,30,0.41,0.9761,5344,0
IWM190913P155,2019-09-12,2019-09-12 09:53:32,0.42,1.0,187,0.4,0.9523,79,0.4,0.9523,30,0.41,0.9761,5344,0
IWM190913P155,2019-09-12,2019-09-12 09:53:32,0.42,1.0,155,0.4,0.9523,79,0.4,0.9523,30,0.41,0.9761,5344,0
IWM190913P155,2019-09-12,2019-09-12 09:53:33,0.42,1.0,187,0.4,0.9523,81,0.4,0.9523,30,0.41,0.9761,5344,0
IWM190913P155,2019-09-12,2019-09-12 09:53:33,0.42,1.0,177,0.41,0.9761,13,0.4,0.9523,30,0.415,0.988,5344,0
IWM190913P155,2019-09-12,2019-09-12 09:53:34,0.42,1.0,177,0.41,0.9761,13,0.4,0.9523,30,0.415,0.988,5344,0
IWM190913P155,2019-09-12,2019-09-12 09:53:35,0.42,1.0,63,0.41,0.9761,17,0.4,0.9523,30,0.415,0.988,5344,0
IWM190913P155,2019-09-12,2019-09-12 09:53:35,0.42,1.0,100,0.41,0.9761,13,0.4,0.9523,30,0.415,0.988,5344,0
IWM190913P155,2019-09-12,2019-09-12 09:53:36,0.42,1.0,100,0.41,0.9761,31,0.4,0.9523,30,0.415,0.988,5344,0
IWM190913P155,2019-09-12,2019-09-12 09:53:36,0.43,1.0238,228,0.41,0.9761,31,0.4,0.9523,30,0.42,1.0,5344,0
IWM190913P155,2019-09-12,2019-09-12 09:53:37,0.43,1.0238,228,0.41,0.9761,35,0.4,0.9523,30,0.42,1.0,5344,0
IWM190913P155,2019-09-12,2019-09-12 09:53:37,0.43,1.0238,228,0.41,0.9761,36,0.4,0.9523,30,0.42,1.0,5344,0
IWM190913P155,2019-09-12,2019-09-12 09:53:38,0.43,1.0238,228,0.41,0.9761,35,0.4,0.9523,30,0.42,1.0,5344,0
IWM190913P155,2019-09-12,2019-09-12 09:53:39,0.43,1.0238,175,0.41,0.9761,31,0.4,0.9523,30,0.42,1.0,5344,0
IWM190913P155,2019-09-12,2019-09-12 09:53:39,0.43,1.0238,228,0.41,0.9761,35,0.4,0.9523,30,0.42,1.0,5344,0
IWM190913P155,2019-09-12,2019-09-12 09:53:40,0.42,1.0,41,0.4,0.9523,98,0.4,0.9523,30,0.41,0.9761,5344,0
IWM190913P155,2019-09-12,2019-09-12 09:53:40,0.41,0.9761,25,0.39,0.9285,85,0.4,0.9523,30,0.4,0.9523,5344,0
IWM190913P155,2019-09-12,2019-09-12 09:53:41,0.41,0.9761,110,0.39,0.9285,112,0.4,0.9523,30,0.4,0.9523,5344,0
IWM190913P155,2019-09-12,2019-09-12 09:53:42,0.41,0.9761,191,0.39,0.9285,112,0.4,0.9523,30,0.4,0.9523,5344,0
IWM190913P155,2019-09-12,2019-09-12 09:53:42,0.41,0.9761,163,0.39,0.9285,112,0.4,0.9523,30,0.4,0.9523,5344,0
IWM190913P155,2019-09-12,2019-09-12 09:53:43,0.41,0.9761,163,0.39,0.9285,112,0.4,0.9523,30,0.4,0.9523,5344,0
IWM190913P155,2019-09-12,2019-09-12 09:53:44,0.41,0.9761,110,0.39,0.9285,112,0.4,0.9523,30,0.4,0.9523,5344,0
IWM190913P155,2019-09-12,2019-09-12 09:53:44,0.41,0.9761,191,0.4,0.9523,13,0.4,0.9523,30,0.405,0.9642,5344,0
IWM190913P155,2019-09-12,2019-09-12 09:53:45,0.41,0.9761,183,0.39,0.9285,41,0.4,0.9523,30,0.4,0.9523,5344,0
IWM190913P155,2019-09-12,2019-09-12 09:53:46,0.4,0.9523,196,0.38,0.9047,107,0.4,0.9523,15,0.39,0.9285,5359,0
IWM190913P155,2019-09-12,2019-09-12 09:53:46,0.4,0.9523,150,0.38,0.9047,76,0.4,0.9523,15,0.39,0.9285,5359,15
IWM190913P155,2019-09-12,2019-09-12 09:53:47,0.4,0.9523,196,0.38,0.9047,107,0.4,0.9523,15,0.39,0.9285,5359,0
IWM190913P155,2019-09-12,2019-09-12 09:53:47,0.4,0.9523,196,0.38,0.9047,117,0.4,0.9523,15,0.39,0.9285,5359,0
IWM190913P155,2019-09-12,2019-09-12 09:53:48,0.4,0.9523,154,0.38,0.9047,102,0.4,0.9523,15,0.39,0.9285,5359,0
IWM190913P155,2019-09-12,2019-09-12 09:53:48,0.4,0.9523,154,0.38,0.9047,107,0.4,0.9523,15,0.39,0.9285,5359,0
IWM190913P155,2019-09-12,2019-09-12 09:53:49,0.39,0.9285,42,0.38,0.9047,59,0.4,0.9523,15,0.385,0.9166,5359,0
IWM190913P155,2019-09-12,2019-09-12 09:53:49,0.39,0.9285,42,0.38,0.9047,75,0.4,0.9523,15,0.385,0.9166,5359,0
IWM190913P155,2019-09-12,2019-09-12 09:53:50,0.39,0.9285,65,0.38,0.9047,59,0.4,0.9523,15,0.385,0.9166,5359,0
IWM190913P155,2019-09-12,2019-09-12 09:53:50,0.39,0.9285,42,0.38,0.9047,59,0.4,0.9523,15,0.385,0.9166,5359,0
IWM190913P155,2019-09-12,2019-09-12 09:53:51,0.4,0.9523,19,0.39,0.9285,61,0.4,0.9523,15,0.395,0.9404,5359,0
IWM190913P155,2019-09-12,2019-09-12 09:53:51,0.4,0.9523,173,0.39,0.9285,61,0.4,0.9523,15,0.395,0.9404,5359,0
IWM190913P155,2019-09-12,2019-09-12 09:53:52,0.4,0.9523,173,0.39,0.9285,61,0.4,0.9523,15,0.395,0.9404,5359,0
IWM190913P155,2019-09-12,2019-09-12 09:53:53,0.4,0.9523,173,0.39,0.9285,61,0.4,0.9523,15,0.395,0.9404,5359,0
IWM190913P155,2019-09-12,2019-09-12 09:53:53,0.4,0.9523,173,0.39,0.9285,67,0.4,0.9523,15,0.395,0.9404,5359,0
IWM190913P155,2019-09-12,2019-09-12 09:53:54,0.4,0.9523,173,0.39,0.9285,67,0.4,0.9523,15,0.395,0.9404,5359,0
IWM190913P155,2019-09-12,2019-09-12 09:53:55,0.4,0.9523,173,0.39,0.9285,67,0.4,0.9523,15,0.395,0.9404,5359,0
IWM190913P155,2019-09-12,2019-09-12 09:53:55,0.4,0.9523,173,0.39,0.9285,13,0.4,0.9523,15,0.395,0.9404,5359,0
IWM190913P155,2019-09-12,2019-09-12 09:53:56,0.4,0.9523,233,0.38,0.9047,111,0.4,0.9523,15,0.39,0.9285,5359,0
IWM190913P155,2019-09-12,2019-09-12 09:53:57,0.4,0.9523,233,0.38,0.9047,35,0.4,0.9523,15,0.39,0.9285,5359,0
IWM190913P155,2019-09-12,2019-09-12 09:53:58,0.4,0.9523,218,0.38,0.9047,45,0.4,0.9523,15,0.39,0.9285,5359,0
IWM190913P155,2019-09-12,2019-09-12 09:53:58,0.4,0.9523,233,0.38,0.9047,45,0.4,0.9523,15,0.39,0.9285,5359,0
IWM190913P155,2019-09-12,2019-09-12 09:53:59,0.4,0.9523,156,0.38,0.9047,35,0.4,0.9523,15,0.39,0.9285,5359,0
IWM190913P155,2019-09-12,2019-09-12 09:53:59,0.4,0.9523,218,0.38,0.9047,45,0.4,0.9523,15,0.39,0.9285,5359,0
IWM190913P155,2019-09-12,2019-09-12 09:54:00,0.4,0.9523,110,0.39,0.9285,36,0.4,0.9523,15,0.395,0.9404,5359,0
IWM190913P155,2019-09-12,2019-09-12 09:54:00,0.4,0.9523,100,0.39,0.9285,36,0.4,0.9523,15,0.395,0.9404,5359,0
IWM190913P155,2019-09-12,2019-09-12 09:54:01,0.4,0.9523,58,0.39,0.9285,13,0.4,0.9523,15,0.395,0.9404,5359,0
IWM190913P155,2019-09-12,2019-09-12 09:54:01,0.41,0.9761,72,0.39,0.9285,79,0.4,0.9523,15,0.4,0.9523,5359,0
IWM190913P155,2019-09-12,2019-09-12 09:54:02,0.41,0.9761,66,0.4,0.9523,13,0.4,0.9523,15,0.405,0.9642,5359,0
IWM190913P155,2019-09-12,2019-09-12 09:54:03,0.41,0.9761,66,0.4,0.9523,32,0.4,0.9523,15,0.405,0.9642,5359,0
IWM190913P155,2019-09-12,2019-09-12 09:54:03,0.41,0.9761,110,0.4,0.9523,32,0.4,0.9523,15,0.405,0.9642,5359,0
IWM190913P155,2019-09-12,2019-09-12 09:54:04,0.41,0.9761,180,0.39,0.9285,60,0.4,0.9523,15,0.4,0.9523,5359,0
IWM190913P155,2019-09-12,2019-09-12 09:54:04,0.41,0.9761,89,0.39,0.9285,91,0.4,0.9523,15,0.4,0.9523,5359,0
IWM190913P155,2019-09-12,2019-09-12 09:54:05,0.41,0.9761,55,0.39,0.9285,91,0.4,0.9523,15,0.4,0.9523,5359,0
IWM190913P155,2019-09-12,2019-09-12 09:54:05,0.41,0.9761,49,0.4,0.9523,76,0.4,0.9523,15,0.405,0.9642,5359,0
IWM190913P155,2019-09-12,2019-09-12 09:54:06,0.42,1.0,64,0.41,0.9761,95,0.4,0.9523,15,0.415,0.988,5359,0
IWM190913P155,2019-09-12,2019-09-12 09:54:06,0.41,0.9761,12,0.41,0.9761,13,0.4,0.9523,15,0.41,0.9761,5359,0
IWM190913P155,2019-09-12,2019-09-12 09:54:07,0.42,1.0,12,0.41,0.9761,13,0.4,0.9523,15,0.415,0.988,5359,0
IWM190913P155,2019-09-12,2019-09-12 09:54:07,0.42,1.0,12,0.41,0.9761,95,0.4,0.9523,15,0.415,0.988,5359,0
IWM190913P155,2019-09-12,2019-09-12 09:54:08,0.42,1.0,62,0.41,0.9761,60,0.4,0.9523,15,0.415,0.988,5359,0
IWM190913P155,2019-09-12,2019-09-12 09:54:08,0.42,1.0,12,0.41,0.9761,60,0.4,0.9523,15,0.415,0.988,5359,0
IWM190913P155,2019-09-12,2019-09-12 09:54:09,0.43,1.0238,186,0.41,0.9761,64,0.4,0.9523,15,0.42,1.0,5359,0
IWM190913P155,2019-09-12,2019-09-12 09:54:09,0.42,1.0,60,0.41,0.9761,58,0.4,0.9523,15,0.415,0.988,5359,0
IWM190913P155,2019-09-12,2019-09-12 09:54:10,0.43,1.0238,159,0.41,0.9761,81,0.4,0.9523,15,0.42,1.0,5359,0
IWM190913P155,2019-09-12,2019-09-12 09:54:10,0.43,1.0238,104,0.42,1.0,13,0.4,0.9523,15,0.425,1.0119,5359,0
IWM190913P155,2019-09-12,2019-09-12 09:54:11,0.43,1.0238,98,0.42,1.0,41,0.4,0.9523,15,0.425,1.0119,5359,0
IWM190913P155,2019-09-12,2019-09-12 09:54:11,0.43,1.0238,75,0.42,1.0,41,0.4,0.9523,15,0.425,1.0119,5359,0
IWM190913P155,2019-09-12,2019-09-12 09:54:12,0.43,1.0238,57,0.42,1.0,18,0.4,0.9523,15,0.425,1.0119,5359,0
IWM190913P155,2019-09-12,2019-09-12 09:54:12,0.43,1.0238,75,0.42,1.0,41,0.4,0.9523,15,0.425,1.0119,5359,0
IWM190913P155,2019-09-12,2019-09-12 09:54:13,0.43,1.0238,150,0.41,0.9761,58,0.4,0.9523,15,0.42,1.0,5359,0
IWM190913P155,2019-09-12,2019-09-12 09:54:14,0.42,1.0,21,0.41,0.9761,58,0.4,0.9523,15,0.415,0.988,5359,0
IWM190913P155,2019-09-12,2019-09-12 09:54:14,0.42,1.0,57,0.41,0.9761,18,0.4,0.9523,15,0.415,0.988,5359,0
IWM190913P155,2019-09-12,2019-09-12 09:54:15,0.42,1.0,63,0.41,0.9761,18,0.4,0.9523,15,0.415,0.988,5359,0
IWM190913P155,2019-09-12,2019-09-12 09:54:15,0.42,1.0,142,0.4,0.9523,61,0.4,0.9523,15,0.41,0.9761,5359,0
IWM190913P155,2019-09-12,2019-09-12 09:54:16,0.42,1.0,102,0.41,0.9761,18,0.4,0.9523,15,0.415,0.988,5359,0
IWM190913P155,2019-09-12,2019-09-12 09:54:17,0.42,1.0,243,0.4,0.9523,24,0.4,0.9523,15,0.41,0.9761,5359,0
IWM190913P155,2019-09-12,2019-09-12 09:54:17,0.42,1.0,135,0.4,0.9523,130,0.4,0.9523,15,0.41,0.9761,5359,0
IWM190913P155,2019-09-12,2019-09-12 09:54:18,0.42,1.0,213,0.4,0.9523,13,0.42,1.0,1,0.41,0.9761,5360,0
IWM190913P155,2019-09-12,2019-09-12 09:54:18,0.42,1.0,243,0.4,0.9523,13,0.42,1.0,1,0.41,0.9761,5360,1
IWM190913P155,2019-09-12,2019-09-12 09:54:19,0.41,0.9761,53,0.39,0.9285,63,0.42,1.0,1,0.4,0.9523,5360,0
IWM190913P155,2019-09-12,2019-09-12 09:54:19,0.41,0.9761,81,0.39,0.9285,59,0.42,1.0,1,0.4,0.9523,5360,0
IWM190913P155,2019-09-12,2019-09-12 09:54:20,0.42,1.0,26,0.4,0.9523,46,0.42,1.0,1,0.41,0.9761,5360,0
IWM190913P155,2019-09-12,2019-09-12 09:54:20,0.42,1.0,215,0.4,0.9523,44,0.42,1.0,1,0.41,0.9761,5360,0
IWM190913P155,2019-09-12,2019-09-12 09:54:21,0.43,1.0238,35,0.41,0.9761,88,0.42,1.0,1,0.42,1.0,5360,0
IWM190913P155,2019-09-12,2019-09-12 09:54:21,0.43,1.0238,135,0.41,0.9761,88,0.42,1.0,1,0.42,1.0,5360,0
IWM190913P155,2019-09-12,2019-09-12 09:54:22,0.43,1.0238,51,0.42,1.0,18,0.42,1.0,1,0.425,1.0119,5360,0
IWM190913P155,2019-09-12,2019-09-12 09:54:22,0.43,1.0238,49,0.42,1.0,13,0.42,1.0,1,0.425,1.0119,5360,0
IWM190913P155,2019-09-12,2019-09-12 09:54:23,0.43,1.0238,84,0.41,0.9761,54,0.42,1.0,1,0.42,1.0,5360,0
IWM190913P155,2019-09-12,2019-09-12 09:54:23,0.43,1.0238,179,0.41,0.9761,13,0.42,1.0,1,0.42,1.0,5360,0
IWM190913P155,2019-09-12,2019-09-12 09:54:24,0.42,1.0,59,0.41,0.9761,18,0.42,1.0,1,0.415,0.988,5360,0
IWM190913P155,2019-09-12,2019-09-12 09:54:24,0.42,1.0,62,0.4,0.9523,118,0.42,1.0,1,0.41,0.9761,5360,0
IWM190913P155,2019-09-12,2019-09-12 09:54:25,0.42,1.0,182,0.4,0.9523,24,0.42,1.0,1,0.41,0.9761,5360,0
IWM190913P155,2019-09-12,2019-09-12 09:54:25,0.42,1.0,62,0.4,0.9523,69,0.42,1.0,1,0.41,0.9761,5360,0
IWM190913P155,2019-09-12,2019-09-12 09:54:26,0.42,1.0,223,0.4,0.9523,13,0.42,1.0,1,0.41,0.9761,5360,0
IWM190913P155,2019-09-12,2019-09-12 09:54:27,0.41,0.9761,20,0.4,0.9523,21,0.42,1.0,1,0.405,0.9642,5360,0
IWM190913P155,2019-09-12,2019-09-12 09:54:28,0.41,0.9761,90,0.39,0.9285,137,0.42,1.0,1,0.4,0.9523,5360,0
IWM190913P155,2019-09-12,2019-09-12 09:54:28,0.41,0.9761,120,0.39,0.9285,88,0.42,1.0,1,0.4,0.9523,5360,0
IWM190913P155,2019-09-12,2019-09-12 09:54:29,0.41,0.9761,120,0.39,0.9285,91,0.42,1.0,1,0.4,0.9523,5360,0
IWM190913P155,2019-09-12,2019-09-12 09:54:30,0.41,0.9761,139,0.39,0.9285,91,0.42,1.0,1,0.4,0.9523,5360,0
IWM190913P155,2019-09-12,2019-09-12 09:54:31,0.41,0.9761,226,0.39,0.9285,68,0.42,1.0,1,0.4,0.9523,5360,0
IWM190913P155,2019-09-12,2019-09-12 09:54:32,0.4,0.9523,59,0.39,0.9285,55,0.42,1.0,1,0.395,0.9404,5360,0
IWM190913P155,2019-09-12,2019-09-12 09:54:32,0.4,0.9523,13,0.39,0.9285,52,0.42,1.0,1,0.395,0.9404,5360,0
IWM190913P155,2019-09-12,2019-09-12 09:54:33,0.4,0.9523,44,0.39,0.9285,24,0.42,1.0,1,0.395,0.9404,5360,0
IWM190913P155,2019-09-12,2019-09-12 09:54:34,0.4,0.9523,44,0.39,0.9285,147,0.42,1.0,1,0.395,0.9404,5360,0
IWM190913P155,2019-09-12,2019-09-12 09:54:34,0.4,0.9523,44,0.39,0.9285,104,0.42,1.0,1,0.395,0.9404,5360,0
IWM190913P155,2019-09-12,2019-09-12 09:54:35,0.4,0.9523,44,0.39,0.9285,104,0.42,1.0,1,0.395,0.9404,5360,0
IWM190913P155,2019-09-12,2019-09-12 09:54:35,0.41,0.9761,134,0.39,0.9285,119,0.42,1.0,1,0.4,0.9523,5360,0
IWM190913P155,2019-09-12,2019-09-12 09:54:36,0.41,0.9761,98,0.4,0.9523,13,0.42,1.0,1,0.405,0.9642,5360,0
IWM190913P155,2019-09-12,2019-09-12 09:54:36,0.41,0.9761,126,0.39,0.9285,128,0.42,1.0,1,0.4,0.9523,5360,0
IWM190913P155,2019-09-12,2019-09-12 09:54:37,0.41,0.9761,179,0.39,0.9285,24,0.42,1.0,1,0.4,0.9523,5360,0
IWM190913P155,2019-09-12,2019-09-12 09:54:37,0.41,0.9761,208,0.39,0.9285,24,0.42,1.0,1,0.4,0.9523,5360,0
IWM190913P155,2019-09-12,2019-09-12 09:54:38,0.4,0.9523,58,0.39,0.9285,24,0.42,1.0,1,0.395,0.9404,5360,0
IWM190913P155,2019-09-12,2019-09-12 09:54:38,0.4,0.9523,58,0.38,0.9047,235,0.42,1.0,1,0.39,0.9285,5360,0
IWM190913P155,2019-09-12,2019-09-12 09:54:39,0.41,0.9761,209,0.39,0.9285,50,0.42,1.0,1,0.4,0.9523,5360,0
IWM190913P155,2019-09-12,2019-09-12 09:54:39,0.4,0.9523,58,0.39,0.9285,18,0.42,1.0,1,0.395,0.9404,5360,0
IWM190913P155,2019-09-12,2019-09-12 09:54:40,0.4,0.9523,24,0.39,0.9285,146,0.42,1.0,1,0.395,0.9404,5360,0
IWM190913P155,2019-09-12,2019-09-12 09:54:40,0.41,0.9761,221,0.39,0.9285,86,0.42,1.0,1,0.4,0.9523,5360,0
IWM190913P155,2019-09-12,2019-09-12 09:54:41,0.4,0.9523,42,0.39,0.9285,24,0.42,1.0,1,0.395,0.9404,5360,0
IWM190913P155,2019-09-12,2019-09-12 09:54:41,0.4,0.9523,18,0.39,0.9285,89,0.42,1.0,1,0.395,0.9404,5360,0
IWM190913P155,2019-09-12,2019-09-12 09:54:42,0.4,0.9523,84,0.38,0.9047,201,0.42,1.0,1,0.39,0.9285,5360,0
IWM190913P155,2019-09-12,2019-09-12 09:54:42,0.4,0.9523,42,0.39,0.9285,89,0.42,1.0,1,0.395,0.9404,5360,0
IWM190913P155,2019-09-12,2019-09-12 09:54:43,0.4,0.9523,56,0.39,0.9285,4,0.42,1.0,1,0.395,0.9404,5360,0
IWM190913P155,2019-09-12,2019-09-12 09:54:43,0.4,0.9523,84,0.39,0.9285,27,0.42,1.0,1,0.395,0.9404,5360,0
IWM190913P155,2019-09-12,2019-09-12 09:54:44,0.4,0.9523,109,0.38,0.9047,167,0.42,1.0,1,0.39,0.9285,5360,0
IWM190913P155,2019-09-12,2019-09-12 09:54:44,0.4,0.9523,56,0.39,0.9285,22,0.42,1.0,1,0.395,0.9404,5360,0
IWM190913P155,2019-09-12,2019-09-12 09:54:45,0.4,0.9523,239,0.38,0.9047,75,0.42,1.0,1,0.39,0.9285,5360,0
IWM190913P155,2019-09-12,2019-09-12 09:54:45,0.4,0.9523,196,0.38,0.9047,35,0.42,1.0,1,0.39,0.9285,5360,0
IWM190913P155,2019-09-12,2019-09-12 09:54:46,0.4,0.9523,239,0.38,0.9047,136,0.42,1.0,1,0.39,0.9285,5360,0
IWM190913P155,2019-09-12,2019-09-12 09:54:46,0.4,0.9523,236,0.38,0.9047,75,0.42,1.0,1,0.39,0.9285,5360,0
IWM190913P155,2019-09-12,2019-09-12 09:54:47,0.4,0.9523,236,0.38,0.9047,75,0.42,1.0,1,0.39,0.9285,5360,0
IWM190913P155,2019-09-12,2019-09-12 09:54:48,0.39,0.9285,94,0.38,0.9047,75,0.42,1.0,1,0.385,0.9166,5360,0
IWM190913P155,2019-09-12,2019-09-12 09:54:48,0.4,0.9523,236,0.38,0.9047,75,0.42,1.0,1,0.39,0.9285,5360,0
IWM190913P155,2019-09-12,2019-09-12 09:54:49,0.39,0.9285,104,0.38,0.9047,75,0.42,1.0,1,0.385,0.9166,5360,0
IWM190913P155,2019-09-12,2019-09-12 09:54:49,0.39,0.9285,133,0.38,0.9047,75,0.42,1.0,1,0.385,0.9166,5360,0
IWM190913P155,2019-09-12,2019-09-12 09:54:50,0.39,0.9285,182,0.38,0.9047,75,0.38,0.9047,3,0.385,0.9166,5370,10
IWM190913P155,2019-09-12,2019-09-12 09:54:50,0.39,0.9285,219,0.37,0.8809,59,0.38,0.9047,3,0.38,0.9047,5370,0
IWM190913P155,2019-09-12,2019-09-12 09:54:51,0.39,0.9285,170,0.37,0.8809,59,0.38,0.9047,3,0.38,0.9047,5370,0
IWM190913P155,2019-09-12,2019-09-12 09:54:51,0.39,0.9285,170,0.37,0.8809,152,0.38,0.9047,3,0.38,0.9047,5370,0
IWM190913P155,2019-09-12,2019-09-12 09:54:52,0.39,0.9285,170,0.37,0.8809,152,0.38,0.9047,3,0.38,0.9047,5370,0
IWM190913P155,2019-09-12,2019-09-12 09:54:52,0.38,0.9047,27,0.37,0.8809,128,0.38,0.9047,3,0.375,0.8928,5370,0
IWM190913P155,2019-09-12,2019-09-12 09:54:53,0.39,0.9285,170,0.37,0.8809,147,0.38,0.9047,3,0.38,0.9047,5370,0
IWM190913P155,2019-09-12,2019-09-12 09:54:54,0.38,0.9047,18,0.37,0.8809,147,0.38,0.9047,3,0.375,0.8928,5370,0
IWM190913P155,2019-09-12,2019-09-12 09:54:54,0.39,0.9285,170,0.37,0.8809,147,0.38,0.9047,3,0.38,0.9047,5370,0
IWM190913P155,2019-09-12,2019-09-12 09:54:55,0.38,0.9047,18,0.37,0.8809,147,0.38,0.9047,3,0.375,0.8928,5370,0
IWM190913P155,2019-09-12,2019-09-12 09:54:55,0.38,0.9047,40,0.37,0.8809,147,0.38,0.9047,3,0.375,0.8928,5370,0
IWM190913P155,2019-09-12,2019-09-12 09:54:56,0.38,0.9047,40,0.36,0.8571,253,0.38,0.9047,3,0.37,0.8809,5370,0
IWM190913P155,2019-09-12,2019-09-12 09:54:56,0.38,0.9047,40,0.36,0.8571,213,0.38,0.9047,3,0.37,0.8809,5370,0
IWM190913P155,2019-09-12,2019-09-12 09:54:57,0.38,0.9047,49,0.36,0.8571,222,0.38,0.9047,3,0.37,0.8809,5370,0
IWM190913P155,2019-09-12,2019-09-12 09:54:57,0.38,0.9047,82,0.36,0.8571,182,0.38,0.9047,3,0.37,0.8809,5370,0
IWM190913P155,2019-09-12,2019-09-12 09:54:58,0.38,0.9047,59,0.36,0.8571,222,0.38,0.9047,3,0.37,0.8809,5370,0
IWM190913P155,2019-09-12,2019-09-12 09:54:58,0.38,0.9047,83,0.36,0.8571,70,0.38,0.9047,3,0.37,0.8809,5370,0
IWM190913P155,2019-09-12,2019-09-12 09:54:59,0.38,0.9047,64,0.36,0.8571,139,0.38,0.9047,3,0.37,0.8809,5370,0
IWM190913P155,2019-09-12,2019-09-12 09:54:59,0.37,0.8809,26,0.36,0.8571,69,0.38,0.9047,3,0.365,0.869,5370,0
IWM190913P155,2019-09-12,2019-09-12 09:55:00,0.37,0.8809,50,0.36,0.8571,69,0.38,0.9047,3,0.365,0.869,5370,0
IWM190913P155,2019-09-12,2019-09-12 09:55:00,0.37,0.8809,43,0.36,0.8571,9,0.38,0.9047,3,0.365,0.869,5370,0
IWM190913P155,2019-09-12,2019-09-12 09:55:01,0.38,0.9047,170,0.36,0.8571,13,0.38,0.9047,3,0.37,0.8809,5370,0
IWM190913P155,2019-09-12,2019-09-12 09:55:01,0.37,0.8809,43,0.35,0.8333,250,0.38,0.9047,3,0.36,0.8571,5370,0
IWM190913P155,2019-09-12,2019-09-12 09:55:02,0.38,0.9047,170,0.36,0.8571,157,0.38,0.9047,3,0.37,0.8809,5370,0
IWM190913P155,2019-09-12,2019-09-12 09:55:02,0.38,0.9047,114,0.36,0.8571,153,0.38,0.9047,3,0.37,0.8809,5370,0
IWM190913P155,2019-09-12,2019-09-12 09:55:03,0.38,0.9047,114,0.36,0.8571,136,0.38,0.9047,3,0.37,0.8809,5370,0
IWM190913P155,2019-09-12,2019-09-12 09:55:03,0.38,0.9047,114,0.36,0.8571,105,0.38,0.9047,3,0.37,0.8809,5370,0
IWM190913P155,2019-09-12,2019-09-12 09:55:04,0.37,0.8809,18,0.36,0.8571,105,0.38,0.9047,3,0.365,0.869,5370,0
IWM190913P155,2019-09-12,2019-09-12 09:55:04,0.37,0.8809,27,0.36,0.8571,90,0.38,0.9047,3,0.365,0.869,5370,0
IWM190913P155,2019-09-12,2019-09-12 09:55:05,0.37,0.8809,27,0.36,0.8571,90,0.38,0.9047,3,0.365,0.869,5370,0
IWM190913P155,2019-09-12,2019-09-12 09:55:05,0.37,0.8809,39,0.36,0.8571,76,0.38,0.9047,3,0.365,0.869,5370,0
IWM190913P155,2019-09-12,2019-09-12 09:55:06,0.37,0.8809,52,0.36,0.8571,62,0.38,0.9047,3,0.365,0.869,5370,0
IWM190913P155,2019-09-12,2019-09-12 09:55:06,0.37,0.8809,39,0.36,0.8571,81,0.38,0.9047,3,0.365,0.869,5370,0
IWM190913P155,2019-09-12,2019-09-12 09:55:07,0.37,0.8809,34,0.36,0.8571,59,0.38,0.9047,3,0.365,0.869,5370,0
IWM190913P155,2019-09-12,2019-09-12 09:55:07,0.37,0.8809,39,0.36,0.8571,92,0.38,0.9047,3,0.365,0.869,5370,0
IWM190913P155,2019-09-12,2019-09-12 09:55:08,0.37,0.8809,34,0.35,0.8333,208,0.38,0.9047,3,0.36,0.8571,5370,0
IWM190913P155,2019-09-12,2019-09-12 09:55:08,0.37,0.8809,34,0.35,0.8333,225,0.38,0.9047,3,0.36,0.8571,5370,0
IWM190913P155,2019-09-12,2019-09-12 09:55:09,0.37,0.8809,62,0.36,0.8571,47,0.38,0.9047,3,0.365,0.869,5370,0
IWM190913P155,2019-09-12,2019-09-12 09:55:10,0.37,0.8809,6,0.36,0.8571,89,0.38,0.9047,3,0.365,0.869,5370,0
IWM190913P155,2019-09-12,2019-09-12 09:55:10,0.37,0.8809,6,0.36,0.8571,100,0.38,0.9047,3,0.365,0.869,5370,0
IWM190913P155,2019-09-12,2019-09-12 09:55:11,0.38,0.9047,89,0.37,0.8809,52,0.38,0.9047,3,0.375,0.8928,5370,0
IWM190913P155,2019-09-12,2019-09-12 09:55:11,0.38,0.9047,82,0.36,0.8571,233,0.38,0.9047,3,0.37,0.8809,5370,0
IWM190913P155,2019-09-12,2019-09-12 09:55:12,0.38,0.9047,72,0.37,0.8809,64,0.38,0.9047,3,0.375,0.8928,5370,0
IWM190913P155,2019-09-12,2019-09-12 09:55:13,0.39,0.9285,123,0.37,0.8809,129,0.38,0.9047,3,0.38,0.9047,5370,0
IWM190913P155,2019-09-12,2019-09-12 09:55:13,0.38,0.9047,18,0.37,0.8809,133,0.38,0.9047,3,0.375,0.8928,5370,0
IWM190913P155,2019-09-12,2019-09-12 09:55:14,0.38,0.9047,18,0.37,0.8809,186,0.38,0.9047,3,0.375,0.8928,5370,0
IWM190913P155,2019-09-12,2019-09-12 09:55:14,0.38,0.9047,18,0.37,0.8809,133,0.38,0.9047,3,0.375,0.8928,5370,0
IWM190913P155,2019-09-12,2019-09-12 09:55:15,0.38,0.9047,27,0.37,0.8809,186,0.38,0.9047,3,0.375,0.8928,5370,0
IWM190913P155,2019-09-12,2019-09-12 09:55:15,0.39,0.9285,128,0.37,0.8809,186,0.38,0.9047,3,0.38,0.9047,5370,0
IWM190913P155,2019-09-12,2019-09-12 09:55:16,0.38,0.9047,34,0.37,0.8809,89,0.38,0.9047,3,0.375,0.8928,5370,0
IWM190913P155,2019-09-12,2019-09-12 09:55:16,0.38,0.9047,34,0.37,0.8809,13,0.38,0.9047,3,0.375,0.8928,5370,0
IWM190913P155,2019-09-12,2019-09-12 09:55:17,0.38,0.9047,34,0.36,0.8571,259,0.38,0.9047,3,0.37,0.8809,5370,0
IWM190913P155,2019-09-12,2019-09-12 09:55:17,0.38,0.9047,80,0.37,0.8809,26,0.38,0.9047,3,0.375,0.8928,5370,0
IWM190913P155,2019-09-12,2019-09-12 09:55:18,0.38,0.9047,88,0.37,0.8809,26,0.38,0.9047,3,0.375,0.8928,5370,0
IWM190913P155,2019-09-12,2019-09-12 09:55:19,0.38,0.9047,88,0.37,0.8809,13,0.38,0.9047,3,0.375,0.8928,5370,0
IWM190913P155,2019-09-12,2019-09-12 09:55:19,0.38,0.9047,156,0.36,0.8571,37,0.38,0.9047,3,0.37,0.8809,5370,0
IWM190913P155,2019-09-12,2019-09-12 09:55:20,0.37,0.8809,40,0.36,0.8571,63,0.38,0.9047,3,0.365,0.869,5370,0
IWM190913P155,2019-09-12,2019-09-12 09:55:20,0.38,0.9047,137,0.36,0.8571,101,0.38,0.9047,3,0.37,0.8809,5370,0
IWM190913P155,2019-09-12,2019-09-12 09:55:21,0.38,0.9047,137,0.36,0.8571,170,0.38,0.9047,3,0.37,0.8809,5370,0
