symbol,Date,quote_time,ask_price,norm_ask_price,ask_size,bid_price,norm_bid_price,bid_size,last_trade_price,norm_last_trade_price,last_trade_size,mark_price,norm_mark_price,volume,Volume
SPY190731P300,2019-07-29,2019-07-29 09:30:00,0.76,1.0,724,0.74,0.9736,100,0.73,0.9605,7,0.75,0.9868,7,7
SPY190731P300,2019-07-29,2019-07-29 09:30:08,0.76,1.0,784,0.74,0.9736,120,0.76,1.0,1,0.75,0.9868,8,1
SPY190731P300,2019-07-29,2019-07-29 09:30:09,0.76,1.0,830,0.74,0.9736,319,0.76,1.0,1,0.75,0.9868,8,0
SPY190731P300,2019-07-29,2019-07-29 09:30:10,0.75,0.9868,341,0.74,0.9736,5,0.76,1.0,1,0.745,0.9802,8,0
SPY190731P300,2019-07-29,2019-07-29 09:30:10,0.75,0.9868,606,0.74,0.9736,5,0.76,1.0,1,0.745,0.9802,8,0
SPY190731P300,2019-07-29,2019-07-29 09:30:11,0.76,1.0,70,0.74,0.9736,100,0.76,1.0,1,0.75,0.9868,8,0
SPY190731P300,2019-07-29,2019-07-29 09:30:12,0.76,1.0,70,0.75,0.9868,5,0.76,1.0,1,0.755,0.9934,8,0
SPY190731P300,2019-07-29,2019-07-29 09:30:13,0.76,1.0,230,0.75,0.9868,5,0.76,1.0,1,0.755,0.9934,8,0
SPY190731P300,2019-07-29,2019-07-29 09:30:13,0.76,1.0,70,0.75,0.9868,5,0.76,1.0,1,0.755,0.9934,8,0
SPY190731P300,2019-07-29,2019-07-29 09:30:14,0.77,1.0131,1450,0.75,0.9868,5,0.76,1.0,1,0.76,1.0,8,0
SPY190731P300,2019-07-29,2019-07-29 09:30:15,0.76,1.0,70,0.75,0.9868,5,0.76,1.0,1,0.755,0.9934,8,0
SPY190731P300,2019-07-29,2019-07-29 09:30:16,0.77,1.0131,70,0.76,1.0,5,0.75,0.9868,1,0.765,1.0065,9,0
SPY190731P300,2019-07-29,2019-07-29 09:30:16,0.78,1.0263,1305,0.74,0.9736,826,0.75,0.9868,1,0.76,1.0,9,1
SPY190731P300,2019-07-29,2019-07-29 09:30:17,0.77,1.0131,70,0.76,1.0,5,0.75,0.9868,1,0.765,1.0065,9,0
SPY190731P300,2019-07-29,2019-07-29 09:30:18,0.77,1.0131,218,0.73,0.9605,340,0.75,0.9868,1,0.75,0.9868,9,0
SPY190731P300,2019-07-29,2019-07-29 09:30:18,0.78,1.0263,983,0.76,1.0,5,0.75,0.9868,1,0.77,1.0131,9,0
SPY190731P300,2019-07-29,2019-07-29 09:30:19,0.77,1.0131,229,0.76,1.0,5,0.75,0.9868,1,0.765,1.0065,9,0
SPY190731P300,2019-07-29,2019-07-29 09:30:20,0.77,1.0131,232,0.76,1.0,5,0.75,0.9868,1,0.765,1.0065,9,0
SPY190731P300,2019-07-29,2019-07-29 09:30:20,0.77,1.0131,5,0.76,1.0,5,0.75,0.9868,1,0.765,1.0065,9,0
SPY190731P300,2019-07-29,2019-07-29 09:30:21,0.77,1.0131,90,0.76,1.0,5,0.75,0.9868,1,0.765,1.0065,9,0
SPY190731P300,2019-07-29,2019-07-29 09:30:21,0.77,1.0131,70,0.76,1.0,5,0.75,0.9868,1,0.765,1.0065,9,0
SPY190731P300,2019-07-29,2019-07-29 09:30:22,0.77,1.0131,70,0.76,1.0,5,0.75,0.9868,1,0.765,1.0065,9,0
SPY190731P300,2019-07-29,2019-07-29 09:30:23,0.78,1.0263,2430,0.75,0.9868,1024,0.75,0.9868,1,0.765,1.0065,9,0
SPY190731P300,2019-07-29,2019-07-29 09:30:23,0.78,1.0263,111,0.75,0.9868,1024,0.75,0.9868,1,0.765,1.0065,9,0
SPY190731P300,2019-07-29,2019-07-29 09:30:24,0.78,1.0263,266,0.77,1.0131,5,0.75,0.9868,1,0.775,1.0197,9,0
SPY190731P300,2019-07-29,2019-07-29 09:30:24,0.78,1.0263,271,0.77,1.0131,5,0.75,0.9868,1,0.775,1.0197,9,0
SPY190731P300,2019-07-29,2019-07-29 09:30:25,0.78,1.0263,861,0.75,0.9868,256,0.75,0.9868,1,0.765,1.0065,9,0
SPY190731P300,2019-07-29,2019-07-29 09:30:26,0.78,1.0263,648,0.77,1.0131,5,0.75,0.9868,1,0.775,1.0197,9,0
SPY190731P300,2019-07-29,2019-07-29 09:30:26,0.78,1.0263,696,0.77,1.0131,5,0.75,0.9868,1,0.775,1.0197,9,0
SPY190731P300,2019-07-29,2019-07-29 09:30:27,0.78,1.0263,565,0.76,1.0,100,0.75,0.9868,1,0.77,1.0131,9,0
SPY190731P300,2019-07-29,2019-07-29 09:30:27,0.78,1.0263,546,0.76,1.0,100,0.75,0.9868,1,0.77,1.0131,9,0
SPY190731P300,2019-07-29,2019-07-29 09:30:28,0.78,1.0263,546,0.76,1.0,100,0.75,0.9868,1,0.77,1.0131,9,0
SPY190731P300,2019-07-29,2019-07-29 09:30:29,0.77,1.0131,1,0.76,1.0,100,0.77,1.0131,5,0.765,1.0065,14,5
SPY190731P300,2019-07-29,2019-07-29 09:30:29,0.78,1.0263,546,0.76,1.0,100,0.75,0.9868,1,0.77,1.0131,9,0
SPY190731P300,2019-07-29,2019-07-29 09:30:30,0.77,1.0131,1,0.76,1.0,466,0.77,1.0131,42,0.765,1.0065,56,42
SPY190731P300,2019-07-29,2019-07-29 09:30:30,0.77,1.0131,1,0.76,1.0,466,0.77,1.0131,42,0.765,1.0065,56,0
SPY190731P300,2019-07-29,2019-07-29 09:30:31,0.77,1.0131,1,0.76,1.0,466,0.77,1.0131,42,0.765,1.0065,56,0
SPY190731P300,2019-07-29,2019-07-29 09:30:32,0.77,1.0131,1,0.76,1.0,466,0.76,1.0,3,0.765,1.0065,59,0
SPY190731P300,2019-07-29,2019-07-29 09:30:32,0.77,1.0131,1,0.76,1.0,466,0.76,1.0,3,0.765,1.0065,59,3
SPY190731P300,2019-07-29,2019-07-29 09:30:33,0.77,1.0131,1,0.76,1.0,466,0.76,1.0,3,0.765,1.0065,59,0
SPY190731P300,2019-07-29,2019-07-29 09:30:34,0.77,1.0131,1,0.76,1.0,466,0.76,1.0,3,0.765,1.0065,59,0
SPY190731P300,2019-07-29,2019-07-29 09:30:36,0.77,1.0131,101,0.76,1.0,177,0.76,1.0,3,0.765,1.0065,59,0
SPY190731P300,2019-07-29,2019-07-29 09:30:37,0.77,1.0131,682,0.76,1.0,100,0.76,1.0,3,0.765,1.0065,59,0
SPY190731P300,2019-07-29,2019-07-29 09:30:38,0.77,1.0131,853,0.76,1.0,15,0.76,1.0,3,0.765,1.0065,59,0
SPY190731P300,2019-07-29,2019-07-29 09:30:38,0.77,1.0131,1015,0.76,1.0,15,0.76,1.0,3,0.765,1.0065,59,0
SPY190731P300,2019-07-29,2019-07-29 09:30:39,0.76,1.0,33,0.76,1.0,15,0.76,1.0,10,0.76,1.0,69,10
SPY190731P300,2019-07-29,2019-07-29 09:30:40,0.76,1.0,1056,0.74,0.9736,466,0.76,1.0,3,0.75,0.9868,72,0
SPY190731P300,2019-07-29,2019-07-29 09:30:40,0.76,1.0,1238,0.75,0.9868,5,0.76,1.0,3,0.755,0.9934,72,3
SPY190731P300,2019-07-29,2019-07-29 09:30:41,0.76,1.0,1462,0.74,0.9736,466,0.76,1.0,3,0.75,0.9868,72,0
SPY190731P300,2019-07-29,2019-07-29 09:30:42,0.75,0.9868,887,0.74,0.9736,5,0.76,1.0,3,0.745,0.9802,72,0
SPY190731P300,2019-07-29,2019-07-29 09:30:43,0.75,0.9868,953,0.74,0.9736,5,0.76,1.0,3,0.745,0.9802,72,0
SPY190731P300,2019-07-29,2019-07-29 09:30:44,0.75,0.9868,1270,0.74,0.9736,5,0.76,1.0,3,0.745,0.9802,72,0
SPY190731P300,2019-07-29,2019-07-29 09:30:45,0.75,0.9868,870,0.73,0.9605,341,0.76,1.0,3,0.74,0.9736,72,0
SPY190731P300,2019-07-29,2019-07-29 09:30:45,0.75,0.9868,955,0.74,0.9736,5,0.76,1.0,3,0.745,0.9802,72,0
SPY190731P300,2019-07-29,2019-07-29 09:30:46,0.75,0.9868,367,0.74,0.9736,5,0.76,1.0,3,0.745,0.9802,72,0
SPY190731P300,2019-07-29,2019-07-29 09:30:47,0.75,0.9868,603,0.73,0.9605,167,0.76,1.0,3,0.74,0.9736,72,0
SPY190731P300,2019-07-29,2019-07-29 09:30:47,0.75,0.9868,767,0.73,0.9605,167,0.76,1.0,3,0.74,0.9736,72,0
SPY190731P300,2019-07-29,2019-07-29 09:30:48,0.75,0.9868,654,0.73,0.9605,167,0.76,1.0,3,0.74,0.9736,72,0
SPY190731P300,2019-07-29,2019-07-29 09:30:48,0.75,0.9868,899,0.73,0.9605,167,0.76,1.0,3,0.74,0.9736,72,0
SPY190731P300,2019-07-29,2019-07-29 09:30:49,0.76,1.0,1687,0.74,0.9736,5,0.76,1.0,3,0.75,0.9868,72,0
SPY190731P300,2019-07-29,2019-07-29 09:30:49,0.75,0.9868,1198,0.73,0.9605,167,0.76,1.0,3,0.74,0.9736,72,0
SPY190731P300,2019-07-29,2019-07-29 09:30:50,0.75,0.9868,252,0.74,0.9736,5,0.76,1.0,3,0.745,0.9802,72,0
SPY190731P300,2019-07-29,2019-07-29 09:30:51,0.75,0.9868,1004,0.74,0.9736,5,0.76,1.0,3,0.745,0.9802,72,0
SPY190731P300,2019-07-29,2019-07-29 09:30:51,0.75,0.9868,1229,0.74,0.9736,5,0.76,1.0,3,0.745,0.9802,72,0
SPY190731P300,2019-07-29,2019-07-29 09:30:52,0.74,0.9736,857,0.73,0.9605,5,0.76,1.0,3,0.735,0.9671,72,0
SPY190731P300,2019-07-29,2019-07-29 09:30:52,0.74,0.9736,1065,0.72,0.9473,100,0.76,1.0,3,0.73,0.9605,72,0
SPY190731P300,2019-07-29,2019-07-29 09:30:53,0.74,0.9736,601,0.72,0.9473,150,0.76,1.0,3,0.73,0.9605,72,0
SPY190731P300,2019-07-29,2019-07-29 09:30:53,0.74,0.9736,962,0.72,0.9473,150,0.76,1.0,3,0.73,0.9605,72,0
SPY190731P300,2019-07-29,2019-07-29 09:30:54,0.74,0.9736,962,0.72,0.9473,150,0.76,1.0,3,0.73,0.9605,72,0
SPY190731P300,2019-07-29,2019-07-29 09:30:55,0.74,0.9736,109,0.73,0.9605,5,0.76,1.0,3,0.735,0.9671,72,0
SPY190731P300,2019-07-29,2019-07-29 09:30:56,0.75,0.9868,278,0.73,0.9605,324,0.76,1.0,3,0.74,0.9736,72,0
SPY190731P300,2019-07-29,2019-07-29 09:30:57,0.73,0.9605,70,0.72,0.9473,167,0.72,0.9473,1,0.725,0.9539,73,1
SPY190731P300,2019-07-29,2019-07-29 09:30:57,0.73,0.9605,150,0.72,0.9473,5,0.76,1.0,3,0.725,0.9539,72,0
SPY190731P300,2019-07-29,2019-07-29 09:30:58,0.73,0.9605,100,0.72,0.9473,166,0.72,0.9473,1,0.725,0.9539,73,0
SPY190731P300,2019-07-29,2019-07-29 09:30:59,0.73,0.9605,70,0.72,0.9473,4,0.72,0.9473,1,0.725,0.9539,73,0
SPY190731P300,2019-07-29,2019-07-29 09:31:00,0.73,0.9605,137,0.72,0.9473,4,0.73,0.9605,20,0.725,0.9539,93,20
SPY190731P300,2019-07-29,2019-07-29 09:31:01,0.73,0.9605,627,0.72,0.9473,4,0.73,0.9605,20,0.725,0.9539,93,0
SPY190731P300,2019-07-29,2019-07-29 09:31:01,0.73,0.9605,1225,0.72,0.9473,4,0.73,0.9605,20,0.725,0.9539,93,0
SPY190731P300,2019-07-29,2019-07-29 09:31:02,0.73,0.9605,1309,0.72,0.9473,4,0.73,0.9605,20,0.725,0.9539,93,0
SPY190731P300,2019-07-29,2019-07-29 09:31:03,0.73,0.9605,1352,0.72,0.9473,4,0.73,0.9605,20,0.725,0.9539,93,0
SPY190731P300,2019-07-29,2019-07-29 09:31:04,0.73,0.9605,711,0.72,0.9473,4,0.73,0.9605,20,0.725,0.9539,93,0
SPY190731P300,2019-07-29,2019-07-29 09:31:05,0.73,0.9605,919,0.72,0.9473,4,0.73,0.9605,20,0.725,0.9539,93,0
SPY190731P300,2019-07-29,2019-07-29 09:31:05,0.73,0.9605,780,0.72,0.9473,4,0.73,0.9605,20,0.725,0.9539,93,0
SPY190731P300,2019-07-29,2019-07-29 09:31:06,0.73,0.9605,646,0.72,0.9473,4,0.73,0.9605,1,0.725,0.9539,94,1
SPY190731P300,2019-07-29,2019-07-29 09:31:06,0.73,0.9605,627,0.72,0.9473,4,0.73,0.9605,20,0.725,0.9539,93,0
SPY190731P300,2019-07-29,2019-07-29 09:31:07,0.73,0.9605,861,0.72,0.9473,4,0.73,0.9605,1,0.725,0.9539,94,0
SPY190731P300,2019-07-29,2019-07-29 09:31:08,0.73,0.9605,859,0.72,0.9473,4,0.73,0.9605,1,0.725,0.9539,94,0
SPY190731P300,2019-07-29,2019-07-29 09:31:08,0.73,0.9605,861,0.72,0.9473,4,0.73,0.9605,1,0.725,0.9539,94,0
SPY190731P300,2019-07-29,2019-07-29 09:31:09,0.73,0.9605,859,0.72,0.9473,4,0.73,0.9605,1,0.725,0.9539,94,0
SPY190731P300,2019-07-29,2019-07-29 09:31:10,0.73,0.9605,70,0.71,0.9342,450,0.73,0.9605,1,0.72,0.9473,94,0
SPY190731P300,2019-07-29,2019-07-29 09:31:11,0.73,0.9605,70,0.71,0.9342,450,0.73,0.9605,1,0.72,0.9473,94,0
SPY190731P300,2019-07-29,2019-07-29 09:31:11,0.73,0.9605,70,0.72,0.9473,5,0.73,0.9605,1,0.725,0.9539,94,0
SPY190731P300,2019-07-29,2019-07-29 09:31:12,0.73,0.9605,70,0.72,0.9473,5,0.73,0.9605,1,0.725,0.9539,94,0
SPY190731P300,2019-07-29,2019-07-29 09:31:12,0.73,0.9605,70,0.72,0.9473,267,0.73,0.9605,1,0.725,0.9539,94,0
SPY190731P300,2019-07-29,2019-07-29 09:31:13,0.74,0.9736,70,0.73,0.9605,1,0.73,0.9605,1,0.735,0.9671,107,13
SPY190731P300,2019-07-29,2019-07-29 09:31:14,0.74,0.9736,70,0.73,0.9605,1,0.73,0.9605,1,0.735,0.9671,107,0
SPY190731P300,2019-07-29,2019-07-29 09:31:15,0.76,1.0,750,0.74,0.9736,5,0.73,0.9605,1,0.75,0.9868,107,0
SPY190731P300,2019-07-29,2019-07-29 09:31:15,0.75,0.9868,505,0.74,0.9736,5,0.73,0.9605,1,0.745,0.9802,107,0
SPY190731P300,2019-07-29,2019-07-29 09:31:16,0.76,1.0,878,0.74,0.9736,5,0.73,0.9605,1,0.75,0.9868,107,0
SPY190731P300,2019-07-29,2019-07-29 09:31:17,0.76,1.0,744,0.74,0.9736,5,0.73,0.9605,1,0.75,0.9868,107,0
SPY190731P300,2019-07-29,2019-07-29 09:31:18,0.76,1.0,1138,0.74,0.9736,5,0.73,0.9605,1,0.75,0.9868,107,0
SPY190731P300,2019-07-29,2019-07-29 09:31:19,0.75,0.9868,353,0.74,0.9736,324,0.73,0.9605,1,0.745,0.9802,107,0
SPY190731P300,2019-07-29,2019-07-29 09:31:19,0.75,0.9868,492,0.74,0.9736,324,0.73,0.9605,1,0.745,0.9802,107,0
SPY190731P300,2019-07-29,2019-07-29 09:31:20,0.75,0.9868,437,0.74,0.9736,56,0.73,0.9605,1,0.745,0.9802,107,0
SPY190731P300,2019-07-29,2019-07-29 09:31:20,0.75,0.9868,240,0.74,0.9736,56,0.73,0.9605,1,0.745,0.9802,107,0
SPY190731P300,2019-07-29,2019-07-29 09:31:21,0.75,0.9868,437,0.74,0.9736,56,0.73,0.9605,1,0.745,0.9802,107,0
SPY190731P300,2019-07-29,2019-07-29 09:31:22,0.75,0.9868,1000,0.74,0.9736,5,0.73,0.9605,1,0.745,0.9802,107,0
SPY190731P300,2019-07-29,2019-07-29 09:31:23,0.75,0.9868,2834,0.74,0.9736,5,0.73,0.9605,1,0.745,0.9802,107,0
SPY190731P300,2019-07-29,2019-07-29 09:31:23,0.75,0.9868,2830,0.74,0.9736,5,0.73,0.9605,1,0.745,0.9802,107,0
SPY190731P300,2019-07-29,2019-07-29 09:31:24,0.74,0.9736,70,0.73,0.9605,5,0.74,0.9736,5,0.735,0.9671,112,5
SPY190731P300,2019-07-29,2019-07-29 09:31:24,0.74,0.9736,140,0.73,0.9605,324,0.74,0.9736,5,0.735,0.9671,112,0
SPY190731P300,2019-07-29,2019-07-29 09:31:25,0.74,0.9736,292,0.73,0.9605,5,0.74,0.9736,5,0.735,0.9671,112,0
SPY190731P300,2019-07-29,2019-07-29 09:31:26,0.74,0.9736,364,0.73,0.9605,5,0.74,0.9736,5,0.735,0.9671,112,0
SPY190731P300,2019-07-29,2019-07-29 09:31:26,0.74,0.9736,389,0.73,0.9605,5,0.74,0.9736,5,0.735,0.9671,112,0
SPY190731P300,2019-07-29,2019-07-29 09:31:27,0.74,0.9736,364,0.72,0.9473,622,0.74,0.9736,5,0.73,0.9605,112,0
SPY190731P300,2019-07-29,2019-07-29 09:31:28,0.74,0.9736,1152,0.73,0.9605,5,0.74,0.9736,5,0.735,0.9671,112,0
SPY190731P300,2019-07-29,2019-07-29 09:31:29,0.74,0.9736,1303,0.73,0.9605,5,0.74,0.9736,5,0.735,0.9671,112,0
SPY190731P300,2019-07-29,2019-07-29 09:31:30,0.74,0.9736,1379,0.73,0.9605,5,0.74,0.9736,5,0.735,0.9671,112,0
SPY190731P300,2019-07-29,2019-07-29 09:31:31,0.74,0.9736,1345,0.73,0.9605,5,0.74,0.9736,5,0.735,0.9671,112,0
SPY190731P300,2019-07-29,2019-07-29 09:31:32,0.74,0.9736,1345,0.73,0.9605,5,0.74,0.9736,5,0.735,0.9671,112,0
SPY190731P300,2019-07-29,2019-07-29 09:31:32,0.74,0.9736,1345,0.72,0.9473,126,0.74,0.9736,5,0.73,0.9605,112,0
SPY190731P300,2019-07-29,2019-07-29 09:31:33,0.73,0.9605,100,0.72,0.9473,167,0.74,0.9736,5,0.725,0.9539,112,0
SPY190731P300,2019-07-29,2019-07-29 09:31:34,0.73,0.9605,1182,0.72,0.9473,5,0.74,0.9736,5,0.725,0.9539,112,0
SPY190731P300,2019-07-29,2019-07-29 09:31:34,0.73,0.9605,1261,0.72,0.9473,5,0.74,0.9736,5,0.725,0.9539,112,0
SPY190731P300,2019-07-29,2019-07-29 09:31:35,0.73,0.9605,1109,0.72,0.9473,5,0.73,0.9605,5,0.725,0.9539,117,0
SPY190731P300,2019-07-29,2019-07-29 09:31:35,0.73,0.9605,1036,0.72,0.9473,5,0.73,0.9605,5,0.725,0.9539,117,5
SPY190731P300,2019-07-29,2019-07-29 09:31:36,0.73,0.9605,1109,0.72,0.9473,5,0.73,0.9605,5,0.725,0.9539,117,0
SPY190731P300,2019-07-29,2019-07-29 09:31:37,0.73,0.9605,1041,0.72,0.9473,5,0.73,0.9605,5,0.725,0.9539,117,0
SPY190731P300,2019-07-29,2019-07-29 09:31:37,0.73,0.9605,755,0.72,0.9473,5,0.73,0.9605,12,0.725,0.9539,137,20
SPY190731P300,2019-07-29,2019-07-29 09:31:38,0.73,0.9605,769,0.72,0.9473,5,0.73,0.9605,12,0.725,0.9539,137,0
SPY190731P300,2019-07-29,2019-07-29 09:31:38,0.73,0.9605,220,0.72,0.9473,5,0.73,0.9605,12,0.725,0.9539,137,0
SPY190731P300,2019-07-29,2019-07-29 09:31:39,0.73,0.9605,1255,0.72,0.9473,5,0.73,0.9605,12,0.725,0.9539,137,0
SPY190731P300,2019-07-29,2019-07-29 09:31:40,0.73,0.9605,1098,0.72,0.9473,5,0.73,0.9605,12,0.725,0.9539,137,0
SPY190731P300,2019-07-29,2019-07-29 09:31:40,0.73,0.9605,1185,0.72,0.9473,5,0.73,0.9605,12,0.725,0.9539,137,0
SPY190731P300,2019-07-29,2019-07-29 09:31:41,0.73,0.9605,1367,0.72,0.9473,5,0.73,0.9605,12,0.725,0.9539,137,0
SPY190731P300,2019-07-29,2019-07-29 09:31:42,0.73,0.9605,1416,0.72,0.9473,5,0.73,0.9605,12,0.725,0.9539,137,0
SPY190731P300,2019-07-29,2019-07-29 09:31:42,0.73,0.9605,1367,0.72,0.9473,5,0.73,0.9605,12,0.725,0.9539,137,0
SPY190731P300,2019-07-29,2019-07-29 09:31:43,0.73,0.9605,1270,0.72,0.9473,5,0.73,0.9605,12,0.725,0.9539,137,0
SPY190731P300,2019-07-29,2019-07-29 09:31:43,0.73,0.9605,1343,0.72,0.9473,5,0.73,0.9605,12,0.725,0.9539,137,0
SPY190731P300,2019-07-29,2019-07-29 09:31:44,0.73,0.9605,1270,0.72,0.9473,5,0.73,0.9605,12,0.725,0.9539,137,0
SPY190731P300,2019-07-29,2019-07-29 09:31:45,0.74,0.9736,563,0.72,0.9473,5,0.73,0.9605,12,0.73,0.9605,137,0
SPY190731P300,2019-07-29,2019-07-29 09:31:45,0.73,0.9605,715,0.72,0.9473,5,0.73,0.9605,12,0.725,0.9539,137,0
SPY190731P300,2019-07-29,2019-07-29 09:31:46,0.73,0.9605,70,0.72,0.9473,2,0.73,0.9605,12,0.725,0.9539,137,0
SPY190731P300,2019-07-29,2019-07-29 09:31:47,0.73,0.9605,93,0.72,0.9473,5,0.73,0.9605,12,0.725,0.9539,137,0
SPY190731P300,2019-07-29,2019-07-29 09:31:47,0.73,0.9605,93,0.72,0.9473,110,0.73,0.9605,12,0.725,0.9539,137,0
SPY190731P300,2019-07-29,2019-07-29 09:31:48,0.73,0.9605,1,0.72,0.9473,267,0.73,0.9605,12,0.725,0.9539,137,0
SPY190731P300,2019-07-29,2019-07-29 09:31:48,0.73,0.9605,81,0.72,0.9473,276,0.73,0.9605,12,0.725,0.9539,137,0
SPY190731P300,2019-07-29,2019-07-29 09:31:49,0.73,0.9605,70,0.72,0.9473,466,0.73,0.9605,12,0.725,0.9539,137,0
SPY190731P300,2019-07-29,2019-07-29 09:31:49,0.73,0.9605,70,0.72,0.9473,536,0.73,0.9605,12,0.725,0.9539,137,0
SPY190731P300,2019-07-29,2019-07-29 09:31:50,0.73,0.9605,70,0.72,0.9473,466,0.73,0.9605,12,0.725,0.9539,137,0
SPY190731P300,2019-07-29,2019-07-29 09:31:51,0.73,0.9605,101,0.72,0.9473,324,0.73,0.9605,12,0.725,0.9539,137,0
SPY190731P300,2019-07-29,2019-07-29 09:31:51,0.73,0.9605,128,0.72,0.9473,340,0.73,0.9605,12,0.725,0.9539,137,0
SPY190731P300,2019-07-29,2019-07-29 09:31:52,0.73,0.9605,128,0.72,0.9473,466,0.73,0.9605,12,0.725,0.9539,137,0
SPY190731P300,2019-07-29,2019-07-29 09:31:53,0.73,0.9605,128,0.72,0.9473,466,0.73,0.9605,10,0.725,0.9539,147,10
SPY190731P300,2019-07-29,2019-07-29 09:31:54,0.73,0.9605,128,0.72,0.9473,466,0.73,0.9605,10,0.725,0.9539,147,0
SPY190731P300,2019-07-29,2019-07-29 09:31:55,0.73,0.9605,179,0.72,0.9473,5,0.73,0.9605,10,0.725,0.9539,147,0
SPY190731P300,2019-07-29,2019-07-29 09:31:55,0.73,0.9605,179,0.72,0.9473,11,0.73,0.9605,10,0.725,0.9539,147,0
SPY190731P300,2019-07-29,2019-07-29 09:31:56,0.73,0.9605,757,0.72,0.9473,5,0.73,0.9605,10,0.725,0.9539,147,0
SPY190731P300,2019-07-29,2019-07-29 09:31:57,0.73,0.9605,1381,0.72,0.9473,5,0.73,0.9605,10,0.725,0.9539,147,0
SPY190731P300,2019-07-29,2019-07-29 09:31:57,0.73,0.9605,1468,0.71,0.9342,324,0.73,0.9605,10,0.72,0.9473,147,0
SPY190731P300,2019-07-29,2019-07-29 09:31:58,0.73,0.9605,1402,0.72,0.9473,5,0.73,0.9605,10,0.725,0.9539,147,0
SPY190731P300,2019-07-29,2019-07-29 09:31:58,0.73,0.9605,1454,0.72,0.9473,5,0.73,0.9605,10,0.725,0.9539,147,0
SPY190731P300,2019-07-29,2019-07-29 09:31:59,0.73,0.9605,553,0.71,0.9342,597,0.73,0.9605,10,0.72,0.9473,147,0
SPY190731P300,2019-07-29,2019-07-29 09:32:00,0.73,0.9605,1288,0.72,0.9473,5,0.73,0.9605,10,0.725,0.9539,147,0
SPY190731P300,2019-07-29,2019-07-29 09:32:00,0.73,0.9605,692,0.72,0.9473,5,0.73,0.9605,10,0.725,0.9539,147,0
SPY190731P300,2019-07-29,2019-07-29 09:32:01,0.73,0.9605,1001,0.72,0.9473,5,0.73,0.9605,10,0.725,0.9539,147,0
SPY190731P300,2019-07-29,2019-07-29 09:32:02,0.73,0.9605,1064,0.72,0.9473,5,0.73,0.9605,10,0.725,0.9539,147,0
SPY190731P300,2019-07-29,2019-07-29 09:32:02,0.73,0.9605,246,0.72,0.9473,5,0.73,0.9605,10,0.725,0.9539,147,0
SPY190731P300,2019-07-29,2019-07-29 09:32:03,0.73,0.9605,827,0.72,0.9473,5,0.73,0.9605,10,0.725,0.9539,147,0
SPY190731P300,2019-07-29,2019-07-29 09:32:04,0.73,0.9605,1002,0.71,0.9342,824,0.73,0.9605,10,0.72,0.9473,147,0
SPY190731P300,2019-07-29,2019-07-29 09:32:04,0.73,0.9605,827,0.71,0.9342,824,0.73,0.9605,10,0.72,0.9473,147,0
SPY190731P300,2019-07-29,2019-07-29 09:32:05,0.73,0.9605,859,0.72,0.9473,5,0.73,0.9605,10,0.725,0.9539,147,0
SPY190731P300,2019-07-29,2019-07-29 09:32:06,0.73,0.9605,166,0.72,0.9473,5,0.73,0.9605,10,0.725,0.9539,157,10
SPY190731P300,2019-07-29,2019-07-29 09:32:06,0.73,0.9605,950,0.71,0.9342,823,0.73,0.9605,10,0.72,0.9473,147,0
SPY190731P300,2019-07-29,2019-07-29 09:32:07,0.73,0.9605,3,0.72,0.9473,237,0.73,0.9605,10,0.725,0.9539,157,0
SPY190731P300,2019-07-29,2019-07-29 09:32:07,0.73,0.9605,39,0.72,0.9473,5,0.73,0.9605,10,0.725,0.9539,157,0
SPY190731P300,2019-07-29,2019-07-29 09:32:08,0.73,0.9605,12,0.72,0.9473,243,0.73,0.9605,10,0.725,0.9539,157,0
SPY190731P300,2019-07-29,2019-07-29 09:32:08,0.73,0.9605,12,0.72,0.9473,436,0.73,0.9605,10,0.725,0.9539,157,0
SPY190731P300,2019-07-29,2019-07-29 09:32:09,0.73,0.9605,12,0.72,0.9473,508,0.73,0.9605,10,0.725,0.9539,157,0
SPY190731P300,2019-07-29,2019-07-29 09:32:10,0.73,0.9605,12,0.72,0.9473,508,0.73,0.9605,10,0.725,0.9539,157,0
SPY190731P300,2019-07-29,2019-07-29 09:32:11,0.73,0.9605,3,0.72,0.9473,527,0.73,0.9605,10,0.725,0.9539,157,0
SPY190731P300,2019-07-29,2019-07-29 09:32:12,0.74,0.9736,94,0.73,0.9605,1,0.73,0.9605,3,0.735,0.9671,161,4
SPY190731P300,2019-07-29,2019-07-29 09:32:13,0.75,0.9868,253,0.73,0.9605,360,0.73,0.9605,3,0.74,0.9736,161,0
SPY190731P300,2019-07-29,2019-07-29 09:32:13,0.74,0.9736,31,0.73,0.9605,630,0.73,0.9605,3,0.735,0.9671,161,0
SPY190731P300,2019-07-29,2019-07-29 09:32:14,0.75,0.9868,243,0.74,0.9736,5,0.73,0.9605,3,0.745,0.9802,161,0
SPY190731P300,2019-07-29,2019-07-29 09:32:15,0.75,0.9868,168,0.74,0.9736,5,0.73,0.9605,3,0.745,0.9802,161,0
SPY190731P300,2019-07-29,2019-07-29 09:32:15,0.75,0.9868,144,0.74,0.9736,5,0.73,0.9605,3,0.745,0.9802,161,0
SPY190731P300,2019-07-29,2019-07-29 09:32:16,0.75,0.9868,170,0.74,0.9736,1,0.74,0.9736,1,0.745,0.9802,162,1
SPY190731P300,2019-07-29,2019-07-29 09:32:16,0.74,0.9736,102,0.74,0.9736,1,0.74,0.9736,1,0.74,0.9736,162,0
SPY190731P300,2019-07-29,2019-07-29 09:32:17,0.74,0.9736,36,0.73,0.9605,277,0.74,0.9736,1,0.735,0.9671,162,0
SPY190731P300,2019-07-29,2019-07-29 09:32:18,0.74,0.9736,6,0.73,0.9605,6,0.74,0.9736,1,0.735,0.9671,162,0
SPY190731P300,2019-07-29,2019-07-29 09:32:18,0.74,0.9736,108,0.73,0.9605,177,0.74,0.9736,1,0.735,0.9671,162,0
SPY190731P300,2019-07-29,2019-07-29 09:32:19,0.74,0.9736,108,0.73,0.9605,110,0.74,0.9736,1,0.735,0.9671,162,0
SPY190731P300,2019-07-29,2019-07-29 09:32:20,0.74,0.9736,89,0.73,0.9605,481,0.74,0.9736,1,0.735,0.9671,162,0
SPY190731P300,2019-07-29,2019-07-29 09:32:20,0.74,0.9736,82,0.73,0.9605,481,0.74,0.9736,1,0.735,0.9671,162,0
SPY190731P300,2019-07-29,2019-07-29 09:32:21,0.75,0.9868,623,0.74,0.9736,5,0.74,0.9736,1,0.745,0.9802,162,0
SPY190731P300,2019-07-29,2019-07-29 09:32:21,0.75,0.9868,1078,0.74,0.9736,6,0.74,0.9736,1,0.745,0.9802,162,0
SPY190731P300,2019-07-29,2019-07-29 09:32:22,0.75,0.9868,824,0.74,0.9736,6,0.74,0.9736,1,0.745,0.9802,162,0
SPY190731P300,2019-07-29,2019-07-29 09:32:22,0.75,0.9868,170,0.74,0.9736,167,0.74,0.9736,1,0.745,0.9802,162,0
SPY190731P300,2019-07-29,2019-07-29 09:32:23,0.75,0.9868,170,0.74,0.9736,6,0.74,0.9736,1,0.745,0.9802,162,0
SPY190731P300,2019-07-29,2019-07-29 09:32:24,0.75,0.9868,170,0.74,0.9736,6,0.74,0.9736,1,0.745,0.9802,162,0
SPY190731P300,2019-07-29,2019-07-29 09:32:25,0.76,1.0,966,0.75,0.9868,12,0.74,0.9736,1,0.755,0.9934,162,0
SPY190731P300,2019-07-29,2019-07-29 09:32:25,0.76,1.0,889,0.75,0.9868,5,0.74,0.9736,1,0.755,0.9934,162,0
SPY190731P300,2019-07-29,2019-07-29 09:32:26,0.77,1.0131,1,0.75,0.9868,435,0.74,0.9736,1,0.76,1.0,162,0
SPY190731P300,2019-07-29,2019-07-29 09:32:27,0.78,1.0263,412,0.76,1.0,437,0.74,0.9736,1,0.77,1.0131,162,0
SPY190731P300,2019-07-29,2019-07-29 09:32:27,0.78,1.0263,992,0.76,1.0,597,0.74,0.9736,1,0.77,1.0131,162,0
SPY190731P300,2019-07-29,2019-07-29 09:32:28,0.78,1.0263,470,0.76,1.0,437,0.74,0.9736,1,0.77,1.0131,162,0
SPY190731P300,2019-07-29,2019-07-29 09:32:29,0.78,1.0263,96,0.77,1.0131,6,0.74,0.9736,1,0.775,1.0197,162,0
SPY190731P300,2019-07-29,2019-07-29 09:32:30,0.78,1.0263,31,0.77,1.0131,6,0.74,0.9736,1,0.775,1.0197,162,0
SPY190731P300,2019-07-29,2019-07-29 09:32:31,0.78,1.0263,95,0.77,1.0131,126,0.74,0.9736,1,0.775,1.0197,162,0
SPY190731P300,2019-07-29,2019-07-29 09:32:32,0.78,1.0263,106,0.77,1.0131,6,0.74,0.9736,1,0.775,1.0197,162,0
SPY190731P300,2019-07-29,2019-07-29 09:32:32,0.78,1.0263,18,0.77,1.0131,30,0.74,0.9736,1,0.775,1.0197,162,0
SPY190731P300,2019-07-29,2019-07-29 09:32:33,0.78,1.0263,466,0.77,1.0131,5,0.74,0.9736,1,0.775,1.0197,162,0
SPY190731P300,2019-07-29,2019-07-29 09:32:33,0.78,1.0263,462,0.77,1.0131,5,0.74,0.9736,1,0.775,1.0197,162,0
SPY190731P300,2019-07-29,2019-07-29 09:32:34,0.78,1.0263,462,0.77,1.0131,5,0.74,0.9736,1,0.775,1.0197,162,0
SPY190731P300,2019-07-29,2019-07-29 09:32:35,0.78,1.0263,1,0.77,1.0131,221,0.74,0.9736,1,0.775,1.0197,162,0
SPY190731P300,2019-07-29,2019-07-29 09:32:35,0.78,1.0263,479,0.77,1.0131,221,0.74,0.9736,1,0.775,1.0197,162,0
SPY190731P300,2019-07-29,2019-07-29 09:32:36,0.78,1.0263,79,0.77,1.0131,221,0.74,0.9736,1,0.775,1.0197,162,0
SPY190731P300,2019-07-29,2019-07-29 09:32:36,0.78,1.0263,60,0.77,1.0131,6,0.74,0.9736,1,0.775,1.0197,162,0
SPY190731P300,2019-07-29,2019-07-29 09:32:37,0.78,1.0263,19,0.77,1.0131,314,0.74,0.9736,1,0.775,1.0197,162,0
SPY190731P300,2019-07-29,2019-07-29 09:32:38,0.78,1.0263,45,0.77,1.0131,337,0.74,0.9736,1,0.775,1.0197,162,0
SPY190731P300,2019-07-29,2019-07-29 09:32:39,0.78,1.0263,429,0.77,1.0131,6,0.74,0.9736,1,0.775,1.0197,162,0
SPY190731P300,2019-07-29,2019-07-29 09:32:39,0.78,1.0263,486,0.77,1.0131,161,0.74,0.9736,1,0.775,1.0197,162,0
SPY190731P300,2019-07-29,2019-07-29 09:32:40,0.78,1.0263,151,0.77,1.0131,6,0.74,0.9736,1,0.775,1.0197,162,0
SPY190731P300,2019-07-29,2019-07-29 09:32:41,0.78,1.0263,462,0.77,1.0131,106,0.74,0.9736,1,0.775,1.0197,162,0
SPY190731P300,2019-07-29,2019-07-29 09:32:41,0.78,1.0263,389,0.77,1.0131,106,0.74,0.9736,1,0.775,1.0197,162,0
SPY190731P300,2019-07-29,2019-07-29 09:32:42,0.78,1.0263,326,0.77,1.0131,5,0.74,0.9736,1,0.775,1.0197,162,0
SPY190731P300,2019-07-29,2019-07-29 09:32:43,0.78,1.0263,224,0.76,1.0,573,0.74,0.9736,1,0.77,1.0131,162,0
SPY190731P300,2019-07-29,2019-07-29 09:32:43,0.78,1.0263,149,0.77,1.0131,5,0.74,0.9736,1,0.775,1.0197,162,0
SPY190731P300,2019-07-29,2019-07-29 09:32:44,0.78,1.0263,892,0.76,1.0,452,0.74,0.9736,1,0.77,1.0131,162,0
SPY190731P300,2019-07-29,2019-07-29 09:32:45,0.78,1.0263,806,0.77,1.0131,6,0.74,0.9736,1,0.775,1.0197,162,0
SPY190731P300,2019-07-29,2019-07-29 09:32:46,0.78,1.0263,697,0.76,1.0,452,0.74,0.9736,1,0.77,1.0131,162,0
SPY190731P300,2019-07-29,2019-07-29 09:32:47,0.78,1.0263,806,0.76,1.0,323,0.74,0.9736,1,0.77,1.0131,162,0
SPY190731P300,2019-07-29,2019-07-29 09:32:47,0.78,1.0263,641,0.76,1.0,313,0.74,0.9736,1,0.77,1.0131,162,0
SPY190731P300,2019-07-29,2019-07-29 09:32:48,0.78,1.0263,611,0.77,1.0131,6,0.74,0.9736,1,0.775,1.0197,162,0
SPY190731P300,2019-07-29,2019-07-29 09:32:49,0.78,1.0263,601,0.77,1.0131,6,0.74,0.9736,1,0.775,1.0197,162,0
SPY190731P300,2019-07-29,2019-07-29 09:32:50,0.78,1.0263,601,0.77,1.0131,5,0.74,0.9736,1,0.775,1.0197,162,0
SPY190731P300,2019-07-29,2019-07-29 09:32:51,0.78,1.0263,601,0.77,1.0131,5,0.74,0.9736,1,0.775,1.0197,162,0
SPY190731P300,2019-07-29,2019-07-29 09:32:52,0.78,1.0263,403,0.77,1.0131,161,0.74,0.9736,1,0.775,1.0197,162,0
SPY190731P300,2019-07-29,2019-07-29 09:32:52,0.78,1.0263,61,0.77,1.0131,10,0.74,0.9736,1,0.775,1.0197,162,0
SPY190731P300,2019-07-29,2019-07-29 09:32:53,0.78,1.0263,468,0.77,1.0131,161,0.74,0.9736,1,0.775,1.0197,162,0
SPY190731P300,2019-07-29,2019-07-29 09:32:53,0.78,1.0263,468,0.77,1.0131,100,0.74,0.9736,1,0.775,1.0197,162,0
SPY190731P300,2019-07-29,2019-07-29 09:32:54,0.78,1.0263,409,0.77,1.0131,5,0.74,0.9736,1,0.775,1.0197,162,0
SPY190731P300,2019-07-29,2019-07-29 09:32:54,0.78,1.0263,408,0.77,1.0131,100,0.74,0.9736,1,0.775,1.0197,162,0
SPY190731P300,2019-07-29,2019-07-29 09:32:55,0.78,1.0263,408,0.77,1.0131,6,0.74,0.9736,1,0.775,1.0197,162,0
SPY190731P300,2019-07-29,2019-07-29 09:32:56,0.78,1.0263,408,0.77,1.0131,6,0.74,0.9736,1,0.775,1.0197,162,0
SPY190731P300,2019-07-29,2019-07-29 09:32:57,0.78,1.0263,587,0.77,1.0131,100,0.74,0.9736,1,0.775,1.0197,162,0
SPY190731P300,2019-07-29,2019-07-29 09:32:58,0.79,1.0394,384,0.77,1.0131,200,0.78,1.0263,1,0.78,1.0263,163,1
SPY190731P300,2019-07-29,2019-07-29 09:32:58,0.79,1.0394,378,0.78,1.0263,261,0.78,1.0263,1,0.785,1.0328,163,0
SPY190731P300,2019-07-29,2019-07-29 09:32:59,0.79,1.0394,378,0.78,1.0263,261,0.78,1.0263,1,0.785,1.0328,163,0
SPY190731P300,2019-07-29,2019-07-29 09:33:00,0.8,1.0526,1043,0.78,1.0263,756,0.78,1.0263,1,0.79,1.0394,163,0
SPY190731P300,2019-07-29,2019-07-29 09:33:00,0.8,1.0526,754,0.78,1.0263,524,0.78,1.0263,1,0.79,1.0394,163,0
SPY190731P300,2019-07-29,2019-07-29 09:33:01,0.8,1.0526,1193,0.78,1.0263,766,0.78,1.0263,1,0.79,1.0394,163,0
SPY190731P300,2019-07-29,2019-07-29 09:33:02,0.8,1.0526,380,0.79,1.0394,231,0.78,1.0263,1,0.795,1.046,163,0
SPY190731P300,2019-07-29,2019-07-29 09:33:02,0.8,1.0526,18,0.79,1.0394,231,0.78,1.0263,1,0.795,1.046,163,0
SPY190731P300,2019-07-29,2019-07-29 09:33:03,0.8,1.0526,20,0.79,1.0394,231,0.78,1.0263,1,0.795,1.046,163,0
SPY190731P300,2019-07-29,2019-07-29 09:33:04,0.8,1.0526,20,0.79,1.0394,231,0.78,1.0263,1,0.795,1.046,163,0
SPY190731P300,2019-07-29,2019-07-29 09:33:04,0.8,1.0526,20,0.79,1.0394,270,0.78,1.0263,1,0.795,1.046,163,0
SPY190731P300,2019-07-29,2019-07-29 09:33:05,0.8,1.0526,62,0.79,1.0394,270,0.78,1.0263,1,0.795,1.046,163,0
SPY190731P300,2019-07-29,2019-07-29 09:33:05,0.8,1.0526,20,0.79,1.0394,270,0.78,1.0263,1,0.795,1.046,163,0
SPY190731P300,2019-07-29,2019-07-29 09:33:06,0.8,1.0526,20,0.79,1.0394,333,0.78,1.0263,1,0.795,1.046,163,0
SPY190731P300,2019-07-29,2019-07-29 09:33:07,0.81,1.0657,852,0.79,1.0394,409,0.78,1.0263,1,0.8,1.0526,163,0
SPY190731P300,2019-07-29,2019-07-29 09:33:08,0.81,1.0657,14,0.8,1.0526,5,0.78,1.0263,1,0.805,1.0592,163,0
SPY190731P300,2019-07-29,2019-07-29 09:33:08,0.81,1.0657,530,0.8,1.0526,100,0.78,1.0263,1,0.805,1.0592,163,0
SPY190731P300,2019-07-29,2019-07-29 09:33:09,0.81,1.0657,447,0.79,1.0394,278,0.78,1.0263,1,0.8,1.0526,163,0
SPY190731P300,2019-07-29,2019-07-29 09:33:10,0.81,1.0657,514,0.79,1.0394,405,0.78,1.0263,1,0.8,1.0526,163,0
SPY190731P300,2019-07-29,2019-07-29 09:33:10,0.81,1.0657,1184,0.79,1.0394,405,0.78,1.0263,1,0.8,1.0526,163,0
SPY190731P300,2019-07-29,2019-07-29 09:33:11,0.81,1.0657,1110,0.79,1.0394,272,0.78,1.0263,1,0.8,1.0526,163,0
SPY190731P300,2019-07-29,2019-07-29 09:33:11,0.8,1.0526,66,0.79,1.0394,231,0.78,1.0263,1,0.795,1.046,163,0
SPY190731P300,2019-07-29,2019-07-29 09:33:12,0.8,1.0526,66,0.79,1.0394,221,0.78,1.0263,1,0.795,1.046,163,0
SPY190731P300,2019-07-29,2019-07-29 09:33:12,0.8,1.0526,66,0.79,1.0394,231,0.78,1.0263,1,0.795,1.046,163,0
SPY190731P300,2019-07-29,2019-07-29 09:33:13,0.81,1.0657,960,0.79,1.0394,336,0.78,1.0263,1,0.8,1.0526,163,0
SPY190731P300,2019-07-29,2019-07-29 09:33:14,0.8,1.0526,1,0.79,1.0394,318,0.78,1.0263,1,0.795,1.046,163,0
SPY190731P300,2019-07-29,2019-07-29 09:33:14,0.81,1.0657,1295,0.79,1.0394,397,0.78,1.0263,1,0.8,1.0526,163,0
SPY190731P300,2019-07-29,2019-07-29 09:33:15,0.81,1.0657,212,0.8,1.0526,5,0.78,1.0263,1,0.805,1.0592,163,0
SPY190731P300,2019-07-29,2019-07-29 09:33:16,0.81,1.0657,212,0.8,1.0526,5,0.78,1.0263,1,0.805,1.0592,163,0
SPY190731P300,2019-07-29,2019-07-29 09:33:16,0.81,1.0657,162,0.8,1.0526,5,0.78,1.0263,1,0.805,1.0592,163,0
SPY190731P300,2019-07-29,2019-07-29 09:33:17,0.82,1.0789,282,0.8,1.0526,913,0.79,1.0394,3,0.81,1.0657,166,0
SPY190731P300,2019-07-29,2019-07-29 09:33:17,0.82,1.0789,221,0.8,1.0526,2,0.79,1.0394,3,0.81,1.0657,166,3
SPY190731P300,2019-07-29,2019-07-29 09:33:18,0.82,1.0789,282,0.8,1.0526,1099,0.79,1.0394,3,0.81,1.0657,166,0
SPY190731P300,2019-07-29,2019-07-29 09:33:19,0.81,1.0657,5,0.8,1.0526,156,0.79,1.0394,3,0.805,1.0592,166,0
SPY190731P300,2019-07-29,2019-07-29 09:33:19,0.81,1.0657,22,0.8,1.0526,261,0.79,1.0394,3,0.805,1.0592,166,0
SPY190731P300,2019-07-29,2019-07-29 09:33:20,0.81,1.0657,133,0.8,1.0526,103,0.79,1.0394,3,0.805,1.0592,166,0
SPY190731P300,2019-07-29,2019-07-29 09:33:20,0.81,1.0657,515,0.8,1.0526,103,0.79,1.0394,3,0.805,1.0592,166,0
SPY190731P300,2019-07-29,2019-07-29 09:33:21,0.81,1.0657,515,0.79,1.0394,400,0.79,1.0394,3,0.8,1.0526,166,0
SPY190731P300,2019-07-29,2019-07-29 09:33:22,0.81,1.0657,1281,0.79,1.0394,421,0.79,1.0394,3,0.8,1.0526,166,0
SPY190731P300,2019-07-29,2019-07-29 09:33:22,0.81,1.0657,1281,0.79,1.0394,584,0.79,1.0394,3,0.8,1.0526,166,0
SPY190731P300,2019-07-29,2019-07-29 09:33:23,0.81,1.0657,944,0.79,1.0394,411,0.79,1.0394,3,0.8,1.0526,166,0
SPY190731P300,2019-07-29,2019-07-29 09:33:24,0.81,1.0657,619,0.8,1.0526,5,0.79,1.0394,3,0.805,1.0592,166,0
SPY190731P300,2019-07-29,2019-07-29 09:33:24,0.81,1.0657,944,0.79,1.0394,411,0.79,1.0394,3,0.8,1.0526,166,0
SPY190731P300,2019-07-29,2019-07-29 09:33:25,0.81,1.0657,549,0.8,1.0526,5,0.79,1.0394,3,0.805,1.0592,166,0
SPY190731P300,2019-07-29,2019-07-29 09:33:26,0.81,1.0657,531,0.8,1.0526,216,0.8,1.0526,5,0.805,1.0592,171,5
SPY190731P300,2019-07-29,2019-07-29 09:33:27,0.81,1.0657,531,0.8,1.0526,67,0.8,1.0526,5,0.805,1.0592,171,0
SPY190731P300,2019-07-29,2019-07-29 09:33:28,0.81,1.0657,694,0.8,1.0526,67,0.8,1.0526,5,0.805,1.0592,171,0
SPY190731P300,2019-07-29,2019-07-29 09:33:28,0.81,1.0657,609,0.8,1.0526,12,0.8,1.0526,5,0.805,1.0592,171,0
SPY190731P300,2019-07-29,2019-07-29 09:33:29,0.81,1.0657,249,0.8,1.0526,151,0.8,1.0526,20,0.805,1.0592,211,40
SPY190731P300,2019-07-29,2019-07-29 09:33:29,0.81,1.0657,249,0.8,1.0526,110,0.8,1.0526,5,0.805,1.0592,171,0
SPY190731P300,2019-07-29,2019-07-29 09:33:30,0.81,1.0657,249,0.8,1.0526,151,0.8,1.0526,20,0.805,1.0592,211,0
SPY190731P300,2019-07-29,2019-07-29 09:33:31,0.81,1.0657,354,0.8,1.0526,61,0.8,1.0526,20,0.805,1.0592,211,0
SPY190731P300,2019-07-29,2019-07-29 09:33:31,0.81,1.0657,354,0.8,1.0526,151,0.8,1.0526,20,0.805,1.0592,211,0
SPY190731P300,2019-07-29,2019-07-29 09:33:32,0.81,1.0657,416,0.8,1.0526,50,0.8,1.0526,20,0.805,1.0592,211,0
SPY190731P300,2019-07-29,2019-07-29 09:33:33,0.81,1.0657,416,0.8,1.0526,5,0.8,1.0526,20,0.805,1.0592,211,0
SPY190731P300,2019-07-29,2019-07-29 09:33:34,0.81,1.0657,233,0.8,1.0526,6,0.8,1.0526,20,0.805,1.0592,211,0
SPY190731P300,2019-07-29,2019-07-29 09:33:34,0.81,1.0657,633,0.8,1.0526,6,0.8,1.0526,20,0.805,1.0592,211,0
SPY190731P300,2019-07-29,2019-07-29 09:33:35,0.81,1.0657,366,0.8,1.0526,100,0.8,1.0526,20,0.805,1.0592,211,0
SPY190731P300,2019-07-29,2019-07-29 09:33:35,0.81,1.0657,248,0.8,1.0526,110,0.8,1.0526,20,0.805,1.0592,211,0
SPY190731P300,2019-07-29,2019-07-29 09:33:36,0.81,1.0657,366,0.8,1.0526,6,0.8,1.0526,20,0.805,1.0592,211,0
SPY190731P300,2019-07-29,2019-07-29 09:33:37,0.81,1.0657,366,0.8,1.0526,6,0.8,1.0526,20,0.805,1.0592,211,0
SPY190731P300,2019-07-29,2019-07-29 09:33:37,0.81,1.0657,589,0.8,1.0526,6,0.8,1.0526,20,0.805,1.0592,211,0
SPY190731P300,2019-07-29,2019-07-29 09:33:38,0.81,1.0657,710,0.8,1.0526,7,0.8,1.0526,20,0.805,1.0592,211,0
SPY190731P300,2019-07-29,2019-07-29 09:33:38,0.81,1.0657,710,0.8,1.0526,100,0.8,1.0526,20,0.805,1.0592,211,0
SPY190731P300,2019-07-29,2019-07-29 09:33:39,0.81,1.0657,710,0.8,1.0526,100,0.8,1.0526,20,0.805,1.0592,211,0
SPY190731P300,2019-07-29,2019-07-29 09:33:40,0.81,1.0657,402,0.8,1.0526,13,0.8,1.0526,20,0.805,1.0592,211,0
SPY190731P300,2019-07-29,2019-07-29 09:33:40,0.81,1.0657,393,0.8,1.0526,100,0.8,1.0526,20,0.805,1.0592,211,0
SPY190731P300,2019-07-29,2019-07-29 09:33:41,0.81,1.0657,393,0.8,1.0526,100,0.8,1.0526,20,0.805,1.0592,211,0
SPY190731P300,2019-07-29,2019-07-29 09:33:42,0.81,1.0657,458,0.8,1.0526,6,0.8,1.0526,20,0.805,1.0592,211,0
SPY190731P300,2019-07-29,2019-07-29 09:33:43,0.81,1.0657,761,0.79,1.0394,808,0.8,1.0526,20,0.8,1.0526,211,0
SPY190731P300,2019-07-29,2019-07-29 09:33:44,0.81,1.0657,441,0.8,1.0526,11,0.8,1.0526,20,0.805,1.0592,211,0
SPY190731P300,2019-07-29,2019-07-29 09:33:45,0.81,1.0657,598,0.8,1.0526,7,0.8,1.0526,20,0.805,1.0592,211,0
SPY190731P300,2019-07-29,2019-07-29 09:33:46,0.81,1.0657,592,0.8,1.0526,7,0.8,1.0526,20,0.805,1.0592,211,0
SPY190731P300,2019-07-29,2019-07-29 09:33:47,0.81,1.0657,678,0.8,1.0526,7,0.8,1.0526,20,0.805,1.0592,211,0
SPY190731P300,2019-07-29,2019-07-29 09:33:48,0.81,1.0657,592,0.8,1.0526,7,0.8,1.0526,20,0.805,1.0592,211,0
SPY190731P300,2019-07-29,2019-07-29 09:33:49,0.81,1.0657,723,0.79,1.0394,110,0.8,1.0526,20,0.8,1.0526,211,0
SPY190731P300,2019-07-29,2019-07-29 09:33:51,0.81,1.0657,180,0.79,1.0394,156,0.8,1.0526,20,0.8,1.0526,211,0
SPY190731P300,2019-07-29,2019-07-29 09:33:53,0.81,1.0657,256,0.8,1.0526,5,0.8,1.0526,20,0.805,1.0592,211,0
SPY190731P300,2019-07-29,2019-07-29 09:33:53,0.81,1.0657,156,0.8,1.0526,420,0.8,1.0526,20,0.805,1.0592,211,0
SPY190731P300,2019-07-29,2019-07-29 09:33:54,0.82,1.0789,553,0.8,1.0526,754,0.8,1.0526,20,0.81,1.0657,211,0
SPY190731P300,2019-07-29,2019-07-29 09:33:55,0.82,1.0789,360,0.81,1.0657,7,0.8,1.0526,20,0.815,1.0723,211,0
SPY190731P300,2019-07-29,2019-07-29 09:33:55,0.82,1.0789,1014,0.81,1.0657,6,0.8,1.0526,20,0.815,1.0723,211,0
SPY190731P300,2019-07-29,2019-07-29 09:33:56,0.82,1.0789,284,0.81,1.0657,5,0.8,1.0526,20,0.815,1.0723,211,0
SPY190731P300,2019-07-29,2019-07-29 09:33:57,0.82,1.0789,284,0.8,1.0526,922,0.8,1.0526,20,0.81,1.0657,211,0
SPY190731P300,2019-07-29,2019-07-29 09:33:58,0.82,1.0789,362,0.8,1.0526,922,0.8,1.0526,20,0.81,1.0657,211,0
SPY190731P300,2019-07-29,2019-07-29 09:33:59,0.81,1.0657,1,0.8,1.0526,216,0.81,1.0657,1,0.805,1.0592,212,1
SPY190731P300,2019-07-29,2019-07-29 09:34:00,0.82,1.0789,812,0.8,1.0526,604,0.81,1.0657,1,0.81,1.0657,212,0
SPY190731P300,2019-07-29,2019-07-29 09:34:00,0.81,1.0657,153,0.8,1.0526,156,0.81,1.0657,1,0.805,1.0592,212,0
SPY190731P300,2019-07-29,2019-07-29 09:34:01,0.81,1.0657,186,0.8,1.0526,100,0.81,1.0657,1,0.805,1.0592,212,0
SPY190731P300,2019-07-29,2019-07-29 09:34:02,0.81,1.0657,253,0.8,1.0526,110,0.81,1.0657,1,0.805,1.0592,212,0
SPY190731P300,2019-07-29,2019-07-29 09:34:02,0.81,1.0657,898,0.79,1.0394,697,0.81,1.0657,1,0.8,1.0526,212,0
SPY190731P300,2019-07-29,2019-07-29 09:34:03,0.8,1.0526,5,0.79,1.0394,536,0.81,1.0657,1,0.795,1.046,212,0
SPY190731P300,2019-07-29,2019-07-29 09:34:03,0.8,1.0526,5,0.79,1.0394,633,0.81,1.0657,1,0.795,1.046,212,0
SPY190731P300,2019-07-29,2019-07-29 09:34:04,0.8,1.0526,5,0.79,1.0394,680,0.81,1.0657,1,0.795,1.046,212,0
SPY190731P300,2019-07-29,2019-07-29 09:34:04,0.8,1.0526,5,0.79,1.0394,284,0.81,1.0657,1,0.795,1.046,212,0
SPY190731P300,2019-07-29,2019-07-29 09:34:05,0.8,1.0526,188,0.79,1.0394,677,0.81,1.0657,1,0.795,1.046,212,0
SPY190731P300,2019-07-29,2019-07-29 09:34:06,0.8,1.0526,488,0.79,1.0394,392,0.81,1.0657,1,0.795,1.046,212,0
SPY190731P300,2019-07-29,2019-07-29 09:34:06,0.8,1.0526,486,0.79,1.0394,100,0.81,1.0657,1,0.795,1.046,212,0
SPY190731P300,2019-07-29,2019-07-29 09:34:07,0.8,1.0526,486,0.77,1.0131,504,0.81,1.0657,1,0.785,1.0328,212,0
SPY190731P300,2019-07-29,2019-07-29 09:34:08,0.8,1.0526,959,0.78,1.0263,150,0.81,1.0657,1,0.79,1.0394,212,0
SPY190731P300,2019-07-29,2019-07-29 09:34:09,0.79,1.0394,641,0.78,1.0263,6,0.81,1.0657,1,0.785,1.0328,212,0
SPY190731P300,2019-07-29,2019-07-29 09:34:09,0.78,1.0263,1,0.77,1.0131,888,0.81,1.0657,1,0.775,1.0197,212,0
SPY190731P300,2019-07-29,2019-07-29 09:34:10,0.78,1.0263,1,0.77,1.0131,698,0.81,1.0657,1,0.775,1.0197,212,0
SPY190731P300,2019-07-29,2019-07-29 09:34:11,0.78,1.0263,29,0.77,1.0131,1106,0.81,1.0657,1,0.775,1.0197,212,0
SPY190731P300,2019-07-29,2019-07-29 09:34:11,0.78,1.0263,29,0.78,1.0263,7,0.81,1.0657,1,0.78,1.0263,212,0
SPY190731P300,2019-07-29,2019-07-29 09:34:12,0.78,1.0263,27,0.77,1.0131,925,0.81,1.0657,1,0.775,1.0197,212,0
SPY190731P300,2019-07-29,2019-07-29 09:34:12,0.78,1.0263,27,0.77,1.0131,763,0.81,1.0657,1,0.775,1.0197,212,0
SPY190731P300,2019-07-29,2019-07-29 09:34:13,0.78,1.0263,26,0.77,1.0131,216,0.81,1.0657,1,0.775,1.0197,212,0
SPY190731P300,2019-07-29,2019-07-29 09:34:14,0.78,1.0263,10,0.77,1.0131,428,0.81,1.0657,1,0.775,1.0197,212,0
SPY190731P300,2019-07-29,2019-07-29 09:34:14,0.78,1.0263,10,0.78,1.0263,6,0.81,1.0657,1,0.78,1.0263,212,0
SPY190731P300,2019-07-29,2019-07-29 09:34:15,0.78,1.0263,234,0.77,1.0131,7,0.81,1.0657,1,0.775,1.0197,212,0
SPY190731P300,2019-07-29,2019-07-29 09:34:16,0.78,1.0263,511,0.77,1.0131,6,0.81,1.0657,1,0.775,1.0197,212,0
SPY190731P300,2019-07-29,2019-07-29 09:34:16,0.78,1.0263,374,0.77,1.0131,7,0.81,1.0657,1,0.775,1.0197,212,0
SPY190731P300,2019-07-29,2019-07-29 09:34:17,0.78,1.0263,319,0.77,1.0131,7,0.81,1.0657,1,0.775,1.0197,212,0
SPY190731P300,2019-07-29,2019-07-29 09:34:18,0.78,1.0263,602,0.77,1.0131,7,0.81,1.0657,1,0.775,1.0197,212,0
SPY190731P300,2019-07-29,2019-07-29 09:34:18,0.78,1.0263,319,0.77,1.0131,7,0.81,1.0657,1,0.775,1.0197,212,0
SPY190731P300,2019-07-29,2019-07-29 09:34:19,0.78,1.0263,577,0.77,1.0131,7,0.81,1.0657,1,0.775,1.0197,212,0
SPY190731P300,2019-07-29,2019-07-29 09:34:19,0.78,1.0263,577,0.77,1.0131,6,0.81,1.0657,1,0.775,1.0197,212,0
SPY190731P300,2019-07-29,2019-07-29 09:34:20,0.77,1.0131,93,0.76,1.0,221,0.81,1.0657,1,0.765,1.0065,212,0
SPY190731P300,2019-07-29,2019-07-29 09:34:21,0.77,1.0131,89,0.76,1.0,221,0.81,1.0657,1,0.765,1.0065,212,0
SPY190731P300,2019-07-29,2019-07-29 09:34:21,0.77,1.0131,26,0.75,0.9868,360,0.81,1.0657,1,0.76,1.0,212,0
SPY190731P300,2019-07-29,2019-07-29 09:34:22,0.77,1.0131,101,0.76,1.0,6,0.81,1.0657,1,0.765,1.0065,212,0
SPY190731P300,2019-07-29,2019-07-29 09:34:23,0.77,1.0131,255,0.76,1.0,6,0.81,1.0657,1,0.765,1.0065,212,0
SPY190731P300,2019-07-29,2019-07-29 09:34:24,0.77,1.0131,234,0.76,1.0,100,0.81,1.0657,1,0.765,1.0065,212,0
SPY190731P300,2019-07-29,2019-07-29 09:34:24,0.77,1.0131,248,0.76,1.0,100,0.81,1.0657,1,0.765,1.0065,212,0
SPY190731P300,2019-07-29,2019-07-29 09:34:25,0.77,1.0131,551,0.76,1.0,100,0.81,1.0657,1,0.765,1.0065,212,0
SPY190731P300,2019-07-29,2019-07-29 09:34:26,0.76,1.0,2,0.75,0.9868,231,0.81,1.0657,1,0.755,0.9934,212,0
SPY190731P300,2019-07-29,2019-07-29 09:34:26,0.76,1.0,5,0.75,0.9868,591,0.81,1.0657,1,0.755,0.9934,212,0
SPY190731P300,2019-07-29,2019-07-29 09:34:27,0.76,1.0,7,0.75,0.9868,6,0.81,1.0657,1,0.755,0.9934,212,0
SPY190731P300,2019-07-29,2019-07-29 09:34:27,0.76,1.0,109,0.75,0.9868,231,0.81,1.0657,1,0.755,0.9934,212,0
SPY190731P300,2019-07-29,2019-07-29 09:34:28,0.76,1.0,697,0.75,0.9868,6,0.81,1.0657,1,0.755,0.9934,212,0
SPY190731P300,2019-07-29,2019-07-29 09:34:29,0.76,1.0,111,0.75,0.9868,243,0.81,1.0657,1,0.755,0.9934,212,0
SPY190731P300,2019-07-29,2019-07-29 09:34:29,0.76,1.0,105,0.75,0.9868,10,0.81,1.0657,1,0.755,0.9934,212,0
SPY190731P300,2019-07-29,2019-07-29 09:34:30,0.76,1.0,91,0.75,0.9868,231,0.81,1.0657,1,0.755,0.9934,212,0
SPY190731P300,2019-07-29,2019-07-29 09:34:32,0.76,1.0,71,0.75,0.9868,279,0.81,1.0657,1,0.755,0.9934,212,0
SPY190731P300,2019-07-29,2019-07-29 09:34:33,0.76,1.0,1,0.76,1.0,6,0.81,1.0657,1,0.76,1.0,212,0
SPY190731P300,2019-07-29,2019-07-29 09:34:34,0.77,1.0131,1094,0.75,0.9868,248,0.81,1.0657,1,0.76,1.0,212,0
SPY190731P300,2019-07-29,2019-07-29 09:34:34,0.77,1.0131,1045,0.75,0.9868,231,0.81,1.0657,1,0.76,1.0,212,0
SPY190731P300,2019-07-29,2019-07-29 09:34:35,0.77,1.0131,867,0.75,0.9868,459,0.81,1.0657,1,0.76,1.0,212,0
SPY190731P300,2019-07-29,2019-07-29 09:34:36,0.76,1.0,721,0.75,0.9868,459,0.81,1.0657,1,0.755,0.9934,212,0
SPY190731P300,2019-07-29,2019-07-29 09:34:36,0.77,1.0131,867,0.75,0.9868,459,0.81,1.0657,1,0.76,1.0,212,0
SPY190731P300,2019-07-29,2019-07-29 09:34:37,0.76,1.0,64,0.75,0.9868,161,0.81,1.0657,1,0.755,0.9934,212,0
SPY190731P300,2019-07-29,2019-07-29 09:34:38,0.76,1.0,10,0.75,0.9868,50,0.81,1.0657,1,0.755,0.9934,212,0
SPY190731P300,2019-07-29,2019-07-29 09:34:39,0.76,1.0,110,0.75,0.9868,90,0.75,0.9868,10,0.755,0.9934,222,10
SPY190731P300,2019-07-29,2019-07-29 09:34:40,0.77,1.0131,213,0.76,1.0,6,0.75,0.9868,10,0.765,1.0065,222,0
SPY190731P300,2019-07-29,2019-07-29 09:34:40,0.77,1.0131,936,0.75,0.9868,731,0.75,0.9868,10,0.76,1.0,222,0
SPY190731P300,2019-07-29,2019-07-29 09:34:41,0.77,1.0131,350,0.75,0.9868,347,0.75,0.9868,10,0.76,1.0,222,0
SPY190731P300,2019-07-29,2019-07-29 09:34:42,0.78,1.0263,108,0.77,1.0131,5,0.75,0.9868,10,0.775,1.0197,222,0
SPY190731P300,2019-07-29,2019-07-29 09:34:42,0.78,1.0263,157,0.77,1.0131,7,0.75,0.9868,10,0.775,1.0197,222,0
SPY190731P300,2019-07-29,2019-07-29 09:34:43,0.78,1.0263,157,0.77,1.0131,5,0.75,0.9868,10,0.775,1.0197,222,0
SPY190731P300,2019-07-29,2019-07-29 09:34:44,0.78,1.0263,134,0.77,1.0131,7,0.75,0.9868,10,0.775,1.0197,222,0
SPY190731P300,2019-07-29,2019-07-29 09:34:44,0.78,1.0263,134,0.77,1.0131,13,0.75,0.9868,10,0.775,1.0197,222,0
SPY190731P300,2019-07-29,2019-07-29 09:34:45,0.78,1.0263,169,0.77,1.0131,221,0.75,0.9868,10,0.775,1.0197,222,0
SPY190731P300,2019-07-29,2019-07-29 09:34:45,0.78,1.0263,733,0.76,1.0,261,0.75,0.9868,10,0.77,1.0131,222,0
SPY190731P300,2019-07-29,2019-07-29 09:34:46,0.77,1.0131,44,0.76,1.0,261,0.75,0.9868,10,0.765,1.0065,222,0
SPY190731P300,2019-07-29,2019-07-29 09:34:47,0.78,1.0263,456,0.76,1.0,583,0.75,0.9868,10,0.77,1.0131,222,0
SPY190731P300,2019-07-29,2019-07-29 09:34:47,0.77,1.0131,13,0.76,1.0,261,0.75,0.9868,10,0.765,1.0065,222,0
SPY190731P300,2019-07-29,2019-07-29 09:34:48,0.78,1.0263,1374,0.77,1.0131,5,0.75,0.9868,10,0.775,1.0197,222,0
SPY190731P300,2019-07-29,2019-07-29 09:34:49,0.78,1.0263,161,0.77,1.0131,5,0.75,0.9868,10,0.775,1.0197,222,0
SPY190731P300,2019-07-29,2019-07-29 09:34:49,0.78,1.0263,100,0.77,1.0131,5,0.75,0.9868,10,0.775,1.0197,222,0
SPY190731P300,2019-07-29,2019-07-29 09:34:50,0.78,1.0263,7,0.77,1.0131,5,0.75,0.9868,10,0.775,1.0197,222,0
SPY190731P300,2019-07-29,2019-07-29 09:34:51,0.78,1.0263,114,0.77,1.0131,5,0.75,0.9868,10,0.775,1.0197,222,0
SPY190731P300,2019-07-29,2019-07-29 09:34:51,0.78,1.0263,424,0.77,1.0131,190,0.75,0.9868,10,0.775,1.0197,222,0
SPY190731P300,2019-07-29,2019-07-29 09:34:52,0.78,1.0263,344,0.77,1.0131,190,0.75,0.9868,10,0.775,1.0197,222,0
SPY190731P300,2019-07-29,2019-07-29 09:34:52,0.78,1.0263,581,0.77,1.0131,6,0.75,0.9868,10,0.775,1.0197,222,0
SPY190731P300,2019-07-29,2019-07-29 09:34:53,0.78,1.0263,584,0.77,1.0131,5,0.75,0.9868,10,0.775,1.0197,222,0
SPY190731P300,2019-07-29,2019-07-29 09:34:53,0.78,1.0263,584,0.77,1.0131,12,0.75,0.9868,10,0.775,1.0197,222,0
SPY190731P300,2019-07-29,2019-07-29 09:34:54,0.78,1.0263,311,0.76,1.0,769,0.78,1.0263,1,0.77,1.0131,223,1
SPY190731P300,2019-07-29,2019-07-29 09:34:55,0.78,1.0263,165,0.76,1.0,769,0.78,1.0263,1,0.77,1.0131,223,0
SPY190731P300,2019-07-29,2019-07-29 09:34:55,0.78,1.0263,117,0.77,1.0131,106,0.78,1.0263,1,0.775,1.0197,223,0
SPY190731P300,2019-07-29,2019-07-29 09:34:56,0.78,1.0263,10,0.77,1.0131,221,0.78,1.0263,1,0.775,1.0197,223,0
SPY190731P300,2019-07-29,2019-07-29 09:34:56,0.78,1.0263,16,0.77,1.0131,221,0.78,1.0263,1,0.775,1.0197,223,0
SPY190731P300,2019-07-29,2019-07-29 09:34:57,0.78,1.0263,118,0.77,1.0131,221,0.78,1.0263,1,0.775,1.0197,223,0
SPY190731P300,2019-07-29,2019-07-29 09:34:58,0.78,1.0263,418,0.77,1.0131,221,0.78,1.0263,1,0.775,1.0197,223,0
SPY190731P300,2019-07-29,2019-07-29 09:34:59,0.78,1.0263,545,0.77,1.0131,221,0.78,1.0263,1,0.775,1.0197,223,0
SPY190731P300,2019-07-29,2019-07-29 09:35:00,0.79,1.0394,393,0.78,1.0263,5,0.78,1.0263,1,0.785,1.0328,223,0
SPY190731P300,2019-07-29,2019-07-29 09:35:00,0.78,1.0263,1,0.77,1.0131,156,0.78,1.0263,1,0.775,1.0197,223,0
SPY190731P300,2019-07-29,2019-07-29 09:35:01,0.79,1.0394,13,0.78,1.0263,100,0.78,1.0263,1,0.785,1.0328,223,0
SPY190731P300,2019-07-29,2019-07-29 09:35:01,0.79,1.0394,343,0.78,1.0263,5,0.78,1.0263,1,0.785,1.0328,223,0
SPY190731P300,2019-07-29,2019-07-29 09:35:02,0.8,1.0526,871,0.79,1.0394,5,0.78,1.0263,1,0.795,1.046,223,0
SPY190731P300,2019-07-29,2019-07-29 09:35:03,0.8,1.0526,1184,0.79,1.0394,5,0.78,1.0263,1,0.795,1.046,223,0
SPY190731P300,2019-07-29,2019-07-29 09:35:03,0.8,1.0526,859,0.79,1.0394,5,0.78,1.0263,1,0.795,1.046,223,0
SPY190731P300,2019-07-29,2019-07-29 09:35:04,0.8,1.0526,488,0.79,1.0394,5,0.78,1.0263,1,0.795,1.046,223,0
SPY190731P300,2019-07-29,2019-07-29 09:35:05,0.79,1.0394,1,0.79,1.0394,5,0.78,1.0263,1,0.79,1.0394,223,0
SPY190731P300,2019-07-29,2019-07-29 09:35:06,0.79,1.0394,6,0.78,1.0263,267,0.78,1.0263,1,0.785,1.0328,223,0
SPY190731P300,2019-07-29,2019-07-29 09:35:07,0.79,1.0394,10,0.78,1.0263,267,0.78,1.0263,1,0.785,1.0328,223,0
SPY190731P300,2019-07-29,2019-07-29 09:35:07,0.8,1.0526,634,0.78,1.0263,745,0.78,1.0263,1,0.79,1.0394,223,0
SPY190731P300,2019-07-29,2019-07-29 09:35:08,0.8,1.0526,234,0.79,1.0394,65,0.78,1.0263,1,0.795,1.046,223,0
SPY190731P300,2019-07-29,2019-07-29 09:35:09,0.8,1.0526,106,0.79,1.0394,65,0.78,1.0263,1,0.795,1.046,223,0
SPY190731P300,2019-07-29,2019-07-29 09:35:09,0.8,1.0526,171,0.79,1.0394,65,0.78,1.0263,1,0.795,1.046,223,0
SPY190731P300,2019-07-29,2019-07-29 09:35:10,0.8,1.0526,79,0.79,1.0394,189,0.78,1.0263,1,0.795,1.046,223,0
SPY190731P300,2019-07-29,2019-07-29 09:35:11,0.8,1.0526,79,0.79,1.0394,189,0.78,1.0263,1,0.795,1.046,223,0
SPY190731P300,2019-07-29,2019-07-29 09:35:11,0.8,1.0526,71,0.79,1.0394,189,0.78,1.0263,1,0.795,1.046,223,0
SPY190731P300,2019-07-29,2019-07-29 09:35:12,0.8,1.0526,61,0.79,1.0394,435,0.78,1.0263,1,0.795,1.046,223,0
SPY190731P300,2019-07-29,2019-07-29 09:35:12,0.8,1.0526,39,0.79,1.0394,266,0.78,1.0263,1,0.795,1.046,223,0
SPY190731P300,2019-07-29,2019-07-29 09:35:13,0.8,1.0526,5,0.79,1.0394,266,0.78,1.0263,1,0.795,1.046,223,0
SPY190731P300,2019-07-29,2019-07-29 09:35:14,0.8,1.0526,6,0.79,1.0394,581,0.78,1.0263,1,0.795,1.046,223,0
SPY190731P300,2019-07-29,2019-07-29 09:35:14,0.8,1.0526,234,0.79,1.0394,100,0.78,1.0263,1,0.795,1.046,223,0
SPY190731P300,2019-07-29,2019-07-29 09:35:15,0.8,1.0526,227,0.79,1.0394,5,0.78,1.0263,1,0.795,1.046,223,0
SPY190731P300,2019-07-29,2019-07-29 09:35:15,0.8,1.0526,167,0.79,1.0394,6,0.78,1.0263,1,0.795,1.046,223,0
SPY190731P300,2019-07-29,2019-07-29 09:35:16,0.8,1.0526,167,0.79,1.0394,621,0.78,1.0263,1,0.795,1.046,223,0
SPY190731P300,2019-07-29,2019-07-29 09:35:16,0.81,1.0657,925,0.79,1.0394,621,0.78,1.0263,1,0.8,1.0526,223,0
SPY190731P300,2019-07-29,2019-07-29 09:35:17,0.81,1.0657,1211,0.79,1.0394,621,0.78,1.0263,1,0.8,1.0526,223,0
SPY190731P300,2019-07-29,2019-07-29 09:35:18,0.81,1.0657,1211,0.79,1.0394,742,0.78,1.0263,1,0.8,1.0526,223,0
SPY190731P300,2019-07-29,2019-07-29 09:35:18,0.81,1.0657,1221,0.79,1.0394,631,0.78,1.0263,1,0.8,1.0526,223,0
SPY190731P300,2019-07-29,2019-07-29 09:35:19,0.8,1.0526,5,0.79,1.0394,631,0.78,1.0263,1,0.795,1.046,223,0
SPY190731P300,2019-07-29,2019-07-29 09:35:19,0.8,1.0526,5,0.79,1.0394,231,0.78,1.0263,1,0.795,1.046,223,0
SPY190731P300,2019-07-29,2019-07-29 09:35:20,0.8,1.0526,65,0.79,1.0394,248,0.78,1.0263,1,0.795,1.046,223,0
SPY190731P300,2019-07-29,2019-07-29 09:35:21,0.79,1.0394,127,0.78,1.0263,220,0.78,1.0263,1,0.785,1.0328,223,0
SPY190731P300,2019-07-29,2019-07-29 09:35:21,0.79,1.0394,185,0.78,1.0263,161,0.78,1.0263,1,0.785,1.0328,223,0
SPY190731P300,2019-07-29,2019-07-29 09:35:22,0.79,1.0394,127,0.78,1.0263,220,0.78,1.0263,1,0.785,1.0328,223,0
SPY190731P300,2019-07-29,2019-07-29 09:35:22,0.79,1.0394,5,0.78,1.0263,221,0.78,1.0263,1,0.785,1.0328,223,0
SPY190731P300,2019-07-29,2019-07-29 09:35:23,0.79,1.0394,5,0.78,1.0263,248,0.78,1.0263,1,0.785,1.0328,223,0
SPY190731P300,2019-07-29,2019-07-29 09:35:24,0.79,1.0394,212,0.78,1.0263,161,0.78,1.0263,1,0.785,1.0328,223,0
SPY190731P300,2019-07-29,2019-07-29 09:35:25,0.79,1.0394,242,0.78,1.0263,5,0.78,1.0263,1,0.785,1.0328,223,0
SPY190731P300,2019-07-29,2019-07-29 09:35:25,0.79,1.0394,292,0.78,1.0263,5,0.78,1.0263,1,0.785,1.0328,223,0
SPY190731P300,2019-07-29,2019-07-29 09:35:26,0.79,1.0394,373,0.77,1.0131,1140,0.78,1.0263,1,0.78,1.0263,223,0
SPY190731P300,2019-07-29,2019-07-29 09:35:26,0.79,1.0394,325,0.78,1.0263,1,0.78,1.0263,1,0.785,1.0328,223,0
SPY190731P300,2019-07-29,2019-07-29 09:35:27,0.79,1.0394,325,0.78,1.0263,7,0.78,1.0263,1,0.785,1.0328,223,0
SPY190731P300,2019-07-29,2019-07-29 09:35:28,0.78,1.0263,60,0.77,1.0131,507,0.78,1.0263,1,0.775,1.0197,223,0
SPY190731P300,2019-07-29,2019-07-29 09:35:29,0.78,1.0263,216,0.77,1.0131,221,0.78,1.0263,1,0.775,1.0197,223,0
SPY190731P300,2019-07-29,2019-07-29 09:35:29,0.78,1.0263,576,0.77,1.0131,221,0.78,1.0263,1,0.775,1.0197,223,0
SPY190731P300,2019-07-29,2019-07-29 09:35:30,0.78,1.0263,1094,0.76,1.0,764,0.78,1.0263,1,0.77,1.0131,223,0
SPY190731P300,2019-07-29,2019-07-29 09:35:30,0.78,1.0263,679,0.76,1.0,516,0.78,1.0263,1,0.77,1.0131,223,0
SPY190731P300,2019-07-29,2019-07-29 09:35:31,0.77,1.0131,232,0.76,1.0,303,0.78,1.0263,1,0.765,1.0065,223,0
SPY190731P300,2019-07-29,2019-07-29 09:35:32,0.76,1.0,17,0.75,0.9868,6,0.78,1.0263,1,0.755,0.9934,223,0
SPY190731P300,2019-07-29,2019-07-29 09:35:32,0.77,1.0131,603,0.75,0.9868,721,0.78,1.0263,1,0.76,1.0,223,0
SPY190731P300,2019-07-29,2019-07-29 09:35:33,0.76,1.0,1404,0.75,0.9868,1,0.78,1.0263,1,0.755,0.9934,223,0
SPY190731P300,2019-07-29,2019-07-29 09:35:33,0.76,1.0,645,0.75,0.9868,1,0.78,1.0263,1,0.755,0.9934,223,0
SPY190731P300,2019-07-29,2019-07-29 09:35:34,0.76,1.0,792,0.75,0.9868,1,0.78,1.0263,1,0.755,0.9934,223,0
SPY190731P300,2019-07-29,2019-07-29 09:35:35,0.76,1.0,717,0.75,0.9868,1,0.78,1.0263,1,0.755,0.9934,223,0
SPY190731P300,2019-07-29,2019-07-29 09:35:35,0.76,1.0,1174,0.75,0.9868,1,0.78,1.0263,1,0.755,0.9934,223,0
SPY190731P300,2019-07-29,2019-07-29 09:35:36,0.76,1.0,536,0.75,0.9868,1,0.78,1.0263,1,0.755,0.9934,223,0
SPY190731P300,2019-07-29,2019-07-29 09:35:37,0.76,1.0,636,0.75,0.9868,5,0.78,1.0263,1,0.755,0.9934,223,0
SPY190731P300,2019-07-29,2019-07-29 09:35:37,0.76,1.0,636,0.75,0.9868,1,0.78,1.0263,1,0.755,0.9934,223,0
SPY190731P300,2019-07-29,2019-07-29 09:35:38,0.77,1.0131,813,0.75,0.9868,261,0.78,1.0263,1,0.76,1.0,223,0
SPY190731P300,2019-07-29,2019-07-29 09:35:39,0.77,1.0131,216,0.76,1.0,1,0.78,1.0263,1,0.765,1.0065,223,0
SPY190731P300,2019-07-29,2019-07-29 09:35:39,0.77,1.0131,351,0.75,0.9868,731,0.78,1.0263,1,0.76,1.0,223,0
SPY190731P300,2019-07-29,2019-07-29 09:35:40,0.77,1.0131,727,0.75,0.9868,621,0.78,1.0263,1,0.76,1.0,223,0
SPY190731P300,2019-07-29,2019-07-29 09:35:40,0.76,1.0,9,0.75,0.9868,626,0.78,1.0263,1,0.755,0.9934,223,0
SPY190731P300,2019-07-29,2019-07-29 09:35:41,0.76,1.0,20,0.75,0.9868,626,0.78,1.0263,1,0.755,0.9934,223,0
SPY190731P300,2019-07-29,2019-07-29 09:35:42,0.76,1.0,42,0.75,0.9868,753,0.78,1.0263,1,0.755,0.9934,223,0
SPY190731P300,2019-07-29,2019-07-29 09:35:42,0.77,1.0131,866,0.75,0.9868,753,0.78,1.0263,1,0.76,1.0,223,0
SPY190731P300,2019-07-29,2019-07-29 09:35:43,0.77,1.0131,1432,0.75,0.9868,840,0.78,1.0263,1,0.76,1.0,223,0
SPY190731P300,2019-07-29,2019-07-29 09:35:43,0.78,1.0263,681,0.76,1.0,482,0.78,1.0263,1,0.77,1.0131,223,0
SPY190731P300,2019-07-29,2019-07-29 09:35:44,0.78,1.0263,256,0.77,1.0131,70,0.78,1.0263,1,0.775,1.0197,223,0
SPY190731P300,2019-07-29,2019-07-29 09:35:45,0.78,1.0263,133,0.77,1.0131,70,0.78,1.0263,1,0.775,1.0197,223,0
SPY190731P300,2019-07-29,2019-07-29 09:35:46,0.78,1.0263,5,0.77,1.0131,66,0.78,1.0263,1,0.775,1.0197,223,0
SPY190731P300,2019-07-29,2019-07-29 09:35:47,0.78,1.0263,5,0.77,1.0131,66,0.78,1.0263,1,0.775,1.0197,223,0
SPY190731P300,2019-07-29,2019-07-29 09:35:48,0.78,1.0263,5,0.77,1.0131,76,0.78,1.0263,1,0.775,1.0197,223,0
SPY190731P300,2019-07-29,2019-07-29 09:35:49,0.78,1.0263,5,0.77,1.0131,76,0.78,1.0263,1,0.775,1.0197,223,0
SPY190731P300,2019-07-29,2019-07-29 09:35:50,0.78,1.0263,5,0.77,1.0131,425,0.78,1.0263,1,0.775,1.0197,223,0
SPY190731P300,2019-07-29,2019-07-29 09:35:51,0.78,1.0263,5,0.77,1.0131,420,0.78,1.0263,1,0.775,1.0197,223,0
SPY190731P300,2019-07-29,2019-07-29 09:35:52,0.78,1.0263,5,0.77,1.0131,420,0.78,1.0263,1,0.775,1.0197,223,0
SPY190731P300,2019-07-29,2019-07-29 09:35:52,0.78,1.0263,110,0.77,1.0131,500,0.78,1.0263,1,0.775,1.0197,223,0
SPY190731P300,2019-07-29,2019-07-29 09:35:53,0.78,1.0263,110,0.77,1.0131,6,0.78,1.0263,1,0.775,1.0197,223,0
SPY190731P300,2019-07-29,2019-07-29 09:35:54,0.79,1.0394,298,0.77,1.0131,90,0.78,1.0263,1,0.78,1.0263,223,0
SPY190731P300,2019-07-29,2019-07-29 09:35:54,0.78,1.0263,208,0.77,1.0131,6,0.78,1.0263,1,0.775,1.0197,223,0
SPY190731P300,2019-07-29,2019-07-29 09:35:55,0.78,1.0263,10,0.77,1.0131,474,0.78,1.0263,1,0.775,1.0197,223,0
SPY190731P300,2019-07-29,2019-07-29 09:35:56,0.78,1.0263,1246,0.76,1.0,1053,0.78,1.0263,1,0.77,1.0131,223,0
SPY190731P300,2019-07-29,2019-07-29 09:35:56,0.78,1.0263,5,0.77,1.0131,100,0.78,1.0263,1,0.775,1.0197,223,0
SPY190731P300,2019-07-29,2019-07-29 09:35:57,0.78,1.0263,121,0.77,1.0131,6,0.78,1.0263,1,0.775,1.0197,223,0
SPY190731P300,2019-07-29,2019-07-29 09:35:58,0.78,1.0263,652,0.77,1.0131,6,0.78,1.0263,1,0.775,1.0197,223,0
SPY190731P300,2019-07-29,2019-07-29 09:35:58,0.78,1.0263,223,0.77,1.0131,70,0.78,1.0263,1,0.775,1.0197,223,0
SPY190731P300,2019-07-29,2019-07-29 09:35:59,0.78,1.0263,1179,0.76,1.0,801,0.78,1.0263,1,0.77,1.0131,223,0
SPY190731P300,2019-07-29,2019-07-29 09:36:00,0.77,1.0131,321,0.76,1.0,1,0.78,1.0263,1,0.765,1.0065,223,0
SPY190731P300,2019-07-29,2019-07-29 09:36:00,0.77,1.0131,1512,0.75,0.9868,643,0.78,1.0263,1,0.76,1.0,223,0
SPY190731P300,2019-07-29,2019-07-29 09:36:02,0.76,1.0,72,0.75,0.9868,258,0.76,1.0,1,0.755,0.9934,224,1
SPY190731P300,2019-07-29,2019-07-29 09:36:02,0.76,1.0,531,0.75,0.9868,1,0.76,1.0,1,0.755,0.9934,224,0
SPY190731P300,2019-07-29,2019-07-29 09:36:03,0.76,1.0,311,0.75,0.9868,7,0.76,1.0,1,0.755,0.9934,224,0
SPY190731P300,2019-07-29,2019-07-29 09:36:04,0.76,1.0,241,0.75,0.9868,107,0.76,1.0,1,0.755,0.9934,224,0
SPY190731P300,2019-07-29,2019-07-29 09:36:04,0.76,1.0,292,0.75,0.9868,77,0.76,1.0,1,0.755,0.9934,224,0
SPY190731P300,2019-07-29,2019-07-29 09:36:05,0.76,1.0,387,0.75,0.9868,77,0.75,0.9868,2,0.755,0.9934,226,2
SPY190731P300,2019-07-29,2019-07-29 09:36:05,0.76,1.0,387,0.75,0.9868,70,0.75,0.9868,2,0.755,0.9934,226,0
SPY190731P300,2019-07-29,2019-07-29 09:36:06,0.76,1.0,100,0.75,0.9868,472,0.75,0.9868,2,0.755,0.9934,226,0
SPY190731P300,2019-07-29,2019-07-29 09:36:07,0.76,1.0,7,0.75,0.9868,745,0.75,0.9868,2,0.755,0.9934,226,0
SPY190731P300,2019-07-29,2019-07-29 09:36:08,0.76,1.0,70,0.75,0.9868,576,0.75,0.9868,2,0.755,0.9934,226,0
SPY190731P300,2019-07-29,2019-07-29 09:36:08,0.77,1.0131,1148,0.75,0.9868,656,0.75,0.9868,2,0.76,1.0,226,0
SPY190731P300,2019-07-29,2019-07-29 09:36:09,0.77,1.0131,222,0.76,1.0,6,0.75,0.9868,2,0.765,1.0065,226,0
SPY190731P300,2019-07-29,2019-07-29 09:36:09,0.77,1.0131,150,0.76,1.0,6,0.75,0.9868,2,0.765,1.0065,226,0
SPY190731P300,2019-07-29,2019-07-29 09:36:10,0.77,1.0131,222,0.76,1.0,6,0.75,0.9868,2,0.765,1.0065,226,0
SPY190731P300,2019-07-29,2019-07-29 09:36:11,0.77,1.0131,1336,0.75,0.9868,720,0.75,0.9868,14,0.76,1.0,240,14
SPY190731P300,2019-07-29,2019-07-29 09:36:11,0.77,1.0131,1386,0.75,0.9868,720,0.75,0.9868,2,0.76,1.0,226,0
SPY190731P300,2019-07-29,2019-07-29 09:36:12,0.77,1.0131,930,0.75,0.9868,671,0.75,0.9868,14,0.76,1.0,240,0
SPY190731P300,2019-07-29,2019-07-29 09:36:13,0.77,1.0131,1382,0.76,1.0,7,0.75,0.9868,14,0.765,1.0065,240,0
SPY190731P300,2019-07-29,2019-07-29 09:36:13,0.77,1.0131,1382,0.75,0.9868,671,0.76,1.0,5,0.76,1.0,245,5
SPY190731P300,2019-07-29,2019-07-29 09:36:14,0.77,1.0131,1188,0.75,0.9868,986,0.76,1.0,5,0.76,1.0,245,0
SPY190731P300,2019-07-29,2019-07-29 09:36:14,0.77,1.0131,1382,0.75,0.9868,671,0.76,1.0,5,0.76,1.0,245,0
SPY190731P300,2019-07-29,2019-07-29 09:36:15,0.77,1.0131,1093,0.76,1.0,1,0.76,1.0,5,0.765,1.0065,245,0
SPY190731P300,2019-07-29,2019-07-29 09:36:16,0.77,1.0131,684,0.76,1.0,95,0.76,1.0,5,0.765,1.0065,245,0
SPY190731P300,2019-07-29,2019-07-29 09:36:16,0.77,1.0131,585,0.76,1.0,95,0.76,1.0,5,0.765,1.0065,245,0
SPY190731P300,2019-07-29,2019-07-29 09:36:17,0.77,1.0131,447,0.76,1.0,6,0.76,1.0,5,0.765,1.0065,245,0
SPY190731P300,2019-07-29,2019-07-29 09:36:18,0.77,1.0131,585,0.76,1.0,70,0.76,1.0,5,0.765,1.0065,245,0
SPY190731P300,2019-07-29,2019-07-29 09:36:18,0.77,1.0131,734,0.75,0.9868,900,0.76,1.0,5,0.76,1.0,245,0
SPY190731P300,2019-07-29,2019-07-29 09:36:19,0.77,1.0131,156,0.75,0.9868,1037,0.76,1.0,5,0.76,1.0,245,0
SPY190731P300,2019-07-29,2019-07-29 09:36:20,0.77,1.0131,595,0.75,0.9868,846,0.76,1.0,5,0.76,1.0,245,0
SPY190731P300,2019-07-29,2019-07-29 09:36:20,0.77,1.0131,291,0.76,1.0,70,0.76,1.0,5,0.765,1.0065,245,0
SPY190731P300,2019-07-29,2019-07-29 09:36:21,0.77,1.0131,866,0.75,0.9868,275,0.76,1.0,5,0.76,1.0,245,0
SPY190731P300,2019-07-29,2019-07-29 09:36:21,0.77,1.0131,866,0.76,1.0,2,0.76,1.0,5,0.765,1.0065,245,0
SPY190731P300,2019-07-29,2019-07-29 09:36:22,0.76,1.0,5,0.75,0.9868,146,0.76,1.0,5,0.755,0.9934,245,0
SPY190731P300,2019-07-29,2019-07-29 09:36:22,0.76,1.0,20,0.75,0.9868,341,0.76,1.0,5,0.755,0.9934,245,0
SPY190731P300,2019-07-29,2019-07-29 09:36:23,0.77,1.0131,460,0.75,0.9868,660,0.76,1.0,5,0.76,1.0,245,0
SPY190731P300,2019-07-29,2019-07-29 09:36:24,0.77,1.0131,637,0.75,0.9868,916,0.76,1.0,5,0.76,1.0,245,0
SPY190731P300,2019-07-29,2019-07-29 09:36:24,0.77,1.0131,267,0.76,1.0,111,0.76,1.0,5,0.765,1.0065,245,0
SPY190731P300,2019-07-29,2019-07-29 09:36:25,0.77,1.0131,231,0.76,1.0,110,0.76,1.0,5,0.765,1.0065,245,0
SPY190731P300,2019-07-29,2019-07-29 09:36:26,0.78,1.0263,955,0.77,1.0131,6,0.76,1.0,5,0.775,1.0197,245,0
SPY190731P300,2019-07-29,2019-07-29 09:36:26,0.78,1.0263,955,0.77,1.0131,7,0.76,1.0,5,0.775,1.0197,245,0
SPY190731P300,2019-07-29,2019-07-29 09:36:27,0.78,1.0263,1254,0.77,1.0131,7,0.76,1.0,5,0.775,1.0197,245,0
SPY190731P300,2019-07-29,2019-07-29 09:36:27,0.78,1.0263,592,0.77,1.0131,6,0.76,1.0,5,0.775,1.0197,245,0
SPY190731P300,2019-07-29,2019-07-29 09:36:28,0.78,1.0263,434,0.76,1.0,931,0.76,1.0,5,0.77,1.0131,245,0
SPY190731P300,2019-07-29,2019-07-29 09:36:29,0.78,1.0263,640,0.76,1.0,719,0.76,1.0,5,0.77,1.0131,245,0
SPY190731P300,2019-07-29,2019-07-29 09:36:29,0.78,1.0263,640,0.77,1.0131,6,0.76,1.0,5,0.775,1.0197,245,0
SPY190731P300,2019-07-29,2019-07-29 09:36:30,0.78,1.0263,125,0.77,1.0131,6,0.76,1.0,5,0.775,1.0197,245,0
SPY190731P300,2019-07-29,2019-07-29 09:36:31,0.78,1.0263,1059,0.76,1.0,1275,0.76,1.0,5,0.77,1.0131,245,0
SPY190731P300,2019-07-29,2019-07-29 09:36:31,0.78,1.0263,1341,0.76,1.0,1196,0.76,1.0,5,0.77,1.0131,245,0
SPY190731P300,2019-07-29,2019-07-29 09:36:32,0.78,1.0263,1289,0.76,1.0,1196,0.76,1.0,5,0.77,1.0131,245,0
SPY190731P300,2019-07-29,2019-07-29 09:36:33,0.78,1.0263,1239,0.76,1.0,1196,0.76,1.0,1,0.77,1.0131,245,0
SPY190731P300,2019-07-29,2019-07-29 09:36:34,0.78,1.0263,1239,0.76,1.0,1187,0.76,1.0,1,0.77,1.0131,254,0
SPY190731P300,2019-07-29,2019-07-29 09:36:34,0.78,1.0263,1239,0.76,1.0,1187,0.76,1.0,1,0.77,1.0131,254,9
SPY190731P300,2019-07-29,2019-07-29 09:36:35,0.78,1.0263,1239,0.76,1.0,1187,0.76,1.0,1,0.77,1.0131,254,0
SPY190731P300,2019-07-29,2019-07-29 09:36:36,0.78,1.0263,1250,0.76,1.0,1220,0.76,1.0,1,0.77,1.0131,254,0
SPY190731P300,2019-07-29,2019-07-29 09:36:37,0.78,1.0263,1112,0.76,1.0,1100,0.76,1.0,1,0.77,1.0131,254,0
SPY190731P300,2019-07-29,2019-07-29 09:36:37,0.78,1.0263,1250,0.76,1.0,1220,0.76,1.0,1,0.77,1.0131,254,0
SPY190731P300,2019-07-29,2019-07-29 09:36:38,0.77,1.0131,102,0.76,1.0,145,0.76,1.0,1,0.765,1.0065,254,0
SPY190731P300,2019-07-29,2019-07-29 09:36:38,0.77,1.0131,222,0.76,1.0,140,0.76,1.0,1,0.765,1.0065,254,0
SPY190731P300,2019-07-29,2019-07-29 09:36:39,0.77,1.0131,542,0.76,1.0,140,0.76,1.0,1,0.765,1.0065,254,0
SPY190731P300,2019-07-29,2019-07-29 09:36:40,0.78,1.0263,950,0.76,1.0,898,0.76,1.0,1,0.77,1.0131,254,0
SPY190731P300,2019-07-29,2019-07-29 09:36:40,0.78,1.0263,1088,0.76,1.0,1075,0.76,1.0,1,0.77,1.0131,254,0
SPY190731P300,2019-07-29,2019-07-29 09:36:41,0.78,1.0263,1121,0.76,1.0,1149,0.76,1.0,1,0.77,1.0131,254,0
SPY190731P300,2019-07-29,2019-07-29 09:36:41,0.78,1.0263,815,0.76,1.0,848,0.76,1.0,1,0.77,1.0131,254,0
SPY190731P300,2019-07-29,2019-07-29 09:36:42,0.78,1.0263,10,0.77,1.0131,261,0.76,1.0,1,0.775,1.0197,254,0
SPY190731P300,2019-07-29,2019-07-29 09:36:42,0.78,1.0263,70,0.77,1.0131,72,0.76,1.0,1,0.775,1.0197,254,0
SPY190731P300,2019-07-29,2019-07-29 09:36:43,0.78,1.0263,10,0.77,1.0131,157,0.76,1.0,1,0.775,1.0197,254,0
SPY190731P300,2019-07-29,2019-07-29 09:36:44,0.78,1.0263,178,0.76,1.0,913,0.76,1.0,1,0.77,1.0131,254,0
SPY190731P300,2019-07-29,2019-07-29 09:36:44,0.78,1.0263,10,0.77,1.0131,236,0.76,1.0,1,0.775,1.0197,254,0
SPY190731P300,2019-07-29,2019-07-29 09:36:45,0.78,1.0263,78,0.76,1.0,1112,0.76,1.0,1,0.77,1.0131,254,0
SPY190731P300,2019-07-29,2019-07-29 09:36:45,0.78,1.0263,319,0.76,1.0,913,0.76,1.0,1,0.77,1.0131,254,0
SPY190731P300,2019-07-29,2019-07-29 09:36:46,0.78,1.0263,521,0.76,1.0,521,0.76,1.0,1,0.77,1.0131,254,0
SPY190731P300,2019-07-29,2019-07-29 09:36:46,0.78,1.0263,515,0.76,1.0,781,0.76,1.0,1,0.77,1.0131,254,0
SPY190731P300,2019-07-29,2019-07-29 09:36:47,0.78,1.0263,751,0.76,1.0,1256,0.76,1.0,1,0.77,1.0131,254,0
SPY190731P300,2019-07-29,2019-07-29 09:36:48,0.78,1.0263,1,0.77,1.0131,5,0.76,1.0,1,0.775,1.0197,254,0
SPY190731P300,2019-07-29,2019-07-29 09:36:49,0.78,1.0263,7,0.77,1.0131,259,0.76,1.0,1,0.775,1.0197,254,0
SPY190731P300,2019-07-29,2019-07-29 09:36:49,0.79,1.0394,756,0.77,1.0131,866,0.76,1.0,1,0.78,1.0263,254,0
SPY190731P300,2019-07-29,2019-07-29 09:36:50,0.78,1.0263,10,0.77,1.0131,924,0.76,1.0,1,0.775,1.0197,254,0
SPY190731P300,2019-07-29,2019-07-29 09:36:51,0.78,1.0263,57,0.77,1.0131,879,0.76,1.0,1,0.775,1.0197,254,0
SPY190731P300,2019-07-29,2019-07-29 09:36:51,0.78,1.0263,22,0.77,1.0131,879,0.76,1.0,1,0.775,1.0197,254,0
SPY190731P300,2019-07-29,2019-07-29 09:36:52,0.78,1.0263,99,0.77,1.0131,259,0.76,1.0,1,0.775,1.0197,254,0
SPY190731P300,2019-07-29,2019-07-29 09:36:52,0.78,1.0263,121,0.77,1.0131,259,0.76,1.0,1,0.775,1.0197,254,0
SPY190731P300,2019-07-29,2019-07-29 09:36:53,0.78,1.0263,22,0.77,1.0131,259,0.76,1.0,1,0.775,1.0197,254,0
SPY190731P300,2019-07-29,2019-07-29 09:36:53,0.78,1.0263,25,0.77,1.0131,860,0.76,1.0,1,0.775,1.0197,254,0
SPY190731P300,2019-07-29,2019-07-29 09:36:54,0.78,1.0263,22,0.77,1.0131,733,0.77,1.0131,14,0.775,1.0197,268,14
SPY190731P300,2019-07-29,2019-07-29 09:36:55,0.78,1.0263,22,0.77,1.0131,860,0.77,1.0131,14,0.775,1.0197,268,0
SPY190731P300,2019-07-29,2019-07-29 09:36:56,0.79,1.0394,119,0.77,1.0131,360,0.77,1.0131,14,0.78,1.0263,268,0
SPY190731P300,2019-07-29,2019-07-29 09:36:57,0.79,1.0394,28,0.78,1.0263,454,0.77,1.0131,14,0.785,1.0328,268,0
SPY190731P300,2019-07-29,2019-07-29 09:36:58,0.79,1.0394,62,0.78,1.0263,793,0.77,1.0131,14,0.785,1.0328,268,0
SPY190731P300,2019-07-29,2019-07-29 09:36:59,0.79,1.0394,642,0.77,1.0131,771,0.77,1.0131,14,0.78,1.0263,268,0
SPY190731P300,2019-07-29,2019-07-29 09:36:59,0.78,1.0263,22,0.77,1.0131,958,0.78,1.0263,1,0.775,1.0197,269,1
SPY190731P300,2019-07-29,2019-07-29 09:37:00,0.78,1.0263,138,0.77,1.0131,161,0.78,1.0263,1,0.775,1.0197,269,0
SPY190731P300,2019-07-29,2019-07-29 09:37:00,0.78,1.0263,143,0.77,1.0131,161,0.78,1.0263,1,0.775,1.0197,269,0
SPY190731P300,2019-07-29,2019-07-29 09:37:01,0.78,1.0263,238,0.77,1.0131,161,0.78,1.0263,1,0.775,1.0197,269,0
SPY190731P300,2019-07-29,2019-07-29 09:37:02,0.78,1.0263,304,0.76,1.0,863,0.78,1.0263,1,0.77,1.0131,269,0
SPY190731P300,2019-07-29,2019-07-29 09:37:02,0.77,1.0131,235,0.76,1.0,61,0.78,1.0263,1,0.765,1.0065,269,0
SPY190731P300,2019-07-29,2019-07-29 09:37:03,0.77,1.0131,235,0.76,1.0,61,0.78,1.0263,1,0.765,1.0065,269,0
SPY190731P300,2019-07-29,2019-07-29 09:37:04,0.76,1.0,36,0.75,0.9868,459,0.78,1.0263,1,0.755,0.9934,269,0
SPY190731P300,2019-07-29,2019-07-29 09:37:04,0.76,1.0,25,0.75,0.9868,459,0.78,1.0263,1,0.755,0.9934,269,0
SPY190731P300,2019-07-29,2019-07-29 09:37:05,0.77,1.0131,283,0.76,1.0,6,0.78,1.0263,1,0.765,1.0065,269,0
SPY190731P300,2019-07-29,2019-07-29 09:37:05,0.76,1.0,37,0.75,0.9868,732,0.78,1.0263,1,0.755,0.9934,269,0
SPY190731P300,2019-07-29,2019-07-29 09:37:06,0.77,1.0131,471,0.76,1.0,70,0.78,1.0263,1,0.765,1.0065,269,0
SPY190731P300,2019-07-29,2019-07-29 09:37:07,0.76,1.0,10,0.75,0.9868,645,0.78,1.0263,1,0.755,0.9934,269,0
SPY190731P300,2019-07-29,2019-07-29 09:37:07,0.76,1.0,10,0.75,0.9868,826,0.78,1.0263,1,0.755,0.9934,269,0
SPY190731P300,2019-07-29,2019-07-29 09:37:08,0.76,1.0,10,0.75,0.9868,853,0.78,1.0263,1,0.755,0.9934,269,0
SPY190731P300,2019-07-29,2019-07-29 09:37:08,0.76,1.0,10,0.75,0.9868,1186,0.78,1.0263,1,0.755,0.9934,269,0
SPY190731P300,2019-07-29,2019-07-29 09:37:09,0.76,1.0,35,0.75,0.9868,867,0.78,1.0263,1,0.755,0.9934,269,0
SPY190731P300,2019-07-29,2019-07-29 09:37:09,0.76,1.0,30,0.75,0.9868,867,0.78,1.0263,1,0.755,0.9934,269,0
SPY190731P300,2019-07-29,2019-07-29 09:37:10,0.76,1.0,1,0.75,0.9868,733,0.78,1.0263,1,0.755,0.9934,269,0
SPY190731P300,2019-07-29,2019-07-29 09:37:11,0.77,1.0131,360,0.75,0.9868,360,0.78,1.0263,1,0.76,1.0,269,0
SPY190731P300,2019-07-29,2019-07-29 09:37:11,0.76,1.0,10,0.75,0.9868,817,0.78,1.0263,1,0.755,0.9934,269,0
SPY190731P300,2019-07-29,2019-07-29 09:37:12,0.77,1.0131,782,0.75,0.9868,721,0.78,1.0263,1,0.76,1.0,269,0
SPY190731P300,2019-07-29,2019-07-29 09:37:13,0.76,1.0,1,0.75,0.9868,696,0.78,1.0263,1,0.755,0.9934,269,0
SPY190731P300,2019-07-29,2019-07-29 09:37:13,0.76,1.0,1,0.75,0.9868,721,0.78,1.0263,1,0.755,0.9934,269,0
SPY190731P300,2019-07-29,2019-07-29 09:37:14,0.76,1.0,10,0.75,0.9868,721,0.78,1.0263,1,0.755,0.9934,269,0
SPY190731P300,2019-07-29,2019-07-29 09:37:15,0.76,1.0,10,0.75,0.9868,1286,0.78,1.0263,1,0.755,0.9934,269,0
SPY190731P300,2019-07-29,2019-07-29 09:37:16,0.76,1.0,459,0.75,0.9868,1,0.78,1.0263,1,0.755,0.9934,269,0
SPY190731P300,2019-07-29,2019-07-29 09:37:16,0.76,1.0,10,0.75,0.9868,568,0.78,1.0263,1,0.755,0.9934,269,0
SPY190731P300,2019-07-29,2019-07-29 09:37:17,0.76,1.0,868,0.75,0.9868,1,0.78,1.0263,1,0.755,0.9934,269,0
SPY190731P300,2019-07-29,2019-07-29 09:37:18,0.77,1.0131,549,0.75,0.9868,216,0.78,1.0263,1,0.76,1.0,269,0
SPY190731P300,2019-07-29,2019-07-29 09:37:19,0.76,1.0,10,0.75,0.9868,167,0.78,1.0263,1,0.755,0.9934,269,0
SPY190731P300,2019-07-29,2019-07-29 09:37:19,0.76,1.0,98,0.75,0.9868,102,0.78,1.0263,1,0.755,0.9934,269,0
SPY190731P300,2019-07-29,2019-07-29 09:37:20,0.76,1.0,203,0.75,0.9868,70,0.78,1.0263,1,0.755,0.9934,269,0
SPY190731P300,2019-07-29,2019-07-29 09:37:20,0.76,1.0,416,0.75,0.9868,70,0.78,1.0263,1,0.755,0.9934,269,0
SPY190731P300,2019-07-29,2019-07-29 09:37:21,0.76,1.0,241,0.75,0.9868,1,0.78,1.0263,1,0.755,0.9934,269,0
SPY190731P300,2019-07-29,2019-07-29 09:37:21,0.76,1.0,133,0.75,0.9868,1,0.78,1.0263,1,0.755,0.9934,269,0
SPY190731P300,2019-07-29,2019-07-29 09:37:22,0.76,1.0,553,0.75,0.9868,1,0.78,1.0263,1,0.755,0.9934,269,0
SPY190731P300,2019-07-29,2019-07-29 09:37:23,0.76,1.0,1142,0.75,0.9868,1,0.78,1.0263,1,0.755,0.9934,269,0
SPY190731P300,2019-07-29,2019-07-29 09:37:23,0.76,1.0,117,0.75,0.9868,7,0.78,1.0263,1,0.755,0.9934,269,0
SPY190731P300,2019-07-29,2019-07-29 09:37:24,0.76,1.0,183,0.75,0.9868,7,0.78,1.0263,1,0.755,0.9934,269,0
SPY190731P300,2019-07-29,2019-07-29 09:37:24,0.76,1.0,110,0.75,0.9868,896,0.78,1.0263,1,0.755,0.9934,269,0
SPY190731P300,2019-07-29,2019-07-29 09:37:25,0.76,1.0,50,0.75,0.9868,6,0.78,1.0263,1,0.755,0.9934,269,0
SPY190731P300,2019-07-29,2019-07-29 09:37:26,0.76,1.0,242,0.75,0.9868,6,0.78,1.0263,1,0.755,0.9934,269,0
SPY190731P300,2019-07-29,2019-07-29 09:37:26,0.76,1.0,245,0.75,0.9868,116,0.78,1.0263,1,0.755,0.9934,269,0
SPY190731P300,2019-07-29,2019-07-29 09:37:27,0.77,1.0131,1290,0.75,0.9868,683,0.78,1.0263,1,0.76,1.0,269,0
SPY190731P300,2019-07-29,2019-07-29 09:37:28,0.77,1.0131,1290,0.75,0.9868,84,0.78,1.0263,1,0.76,1.0,269,0
SPY190731P300,2019-07-29,2019-07-29 09:37:28,0.77,1.0131,1290,0.75,0.9868,858,0.78,1.0263,1,0.76,1.0,269,0
SPY190731P300,2019-07-29,2019-07-29 09:37:29,0.76,1.0,231,0.75,0.9868,102,0.78,1.0263,1,0.755,0.9934,269,0
SPY190731P300,2019-07-29,2019-07-29 09:37:30,0.76,1.0,273,0.75,0.9868,84,0.78,1.0263,1,0.755,0.9934,269,0
SPY190731P300,2019-07-29,2019-07-29 09:37:30,0.76,1.0,1,0.75,0.9868,952,0.78,1.0263,1,0.755,0.9934,269,0
SPY190731P300,2019-07-29,2019-07-29 09:37:31,0.76,1.0,638,0.75,0.9868,1,0.76,1.0,125,0.755,0.9934,394,125
SPY190731P300,2019-07-29,2019-07-29 09:37:32,0.76,1.0,252,0.75,0.9868,117,0.76,1.0,125,0.755,0.9934,394,0
SPY190731P300,2019-07-29,2019-07-29 09:37:32,0.76,1.0,272,0.75,0.9868,70,0.76,1.0,125,0.755,0.9934,394,0
SPY190731P300,2019-07-29,2019-07-29 09:37:33,0.76,1.0,149,0.75,0.9868,147,0.76,1.0,125,0.755,0.9934,394,0
SPY190731P300,2019-07-29,2019-07-29 09:37:34,0.76,1.0,83,0.75,0.9868,156,0.76,1.0,125,0.755,0.9934,394,0
SPY190731P300,2019-07-29,2019-07-29 09:37:35,0.76,1.0,111,0.75,0.9868,145,0.76,1.0,125,0.755,0.9934,394,0
SPY190731P300,2019-07-29,2019-07-29 09:37:36,0.76,1.0,71,0.75,0.9868,609,0.76,1.0,125,0.755,0.9934,394,0
SPY190731P300,2019-07-29,2019-07-29 09:37:37,0.77,1.0131,1154,0.75,0.9868,609,0.76,1.0,125,0.76,1.0,394,0
SPY190731P300,2019-07-29,2019-07-29 09:37:38,0.77,1.0131,962,0.76,1.0,6,0.76,1.0,125,0.765,1.0065,394,0
SPY190731P300,2019-07-29,2019-07-29 09:37:39,0.77,1.0131,591,0.76,1.0,107,0.76,1.0,125,0.765,1.0065,394,0
SPY190731P300,2019-07-29,2019-07-29 09:37:39,0.77,1.0131,242,0.76,1.0,117,0.76,1.0,1,0.765,1.0065,395,1
SPY190731P300,2019-07-29,2019-07-29 09:37:40,0.77,1.0131,251,0.76,1.0,117,0.76,1.0,1,0.765,1.0065,395,0
SPY190731P300,2019-07-29,2019-07-29 09:37:40,0.77,1.0131,591,0.76,1.0,117,0.76,1.0,1,0.765,1.0065,395,0
SPY190731P300,2019-07-29,2019-07-29 09:37:41,0.77,1.0131,377,0.76,1.0,77,0.76,1.0,1,0.765,1.0065,395,0
SPY190731P300,2019-07-29,2019-07-29 09:37:42,0.77,1.0131,377,0.76,1.0,77,0.76,1.0,1,0.765,1.0065,395,0
SPY190731P300,2019-07-29,2019-07-29 09:37:42,0.77,1.0131,173,0.76,1.0,77,0.76,1.0,1,0.765,1.0065,395,0
SPY190731P300,2019-07-29,2019-07-29 09:37:43,0.77,1.0131,100,0.76,1.0,131,0.76,1.0,1,0.765,1.0065,395,0
SPY190731P300,2019-07-29,2019-07-29 09:37:44,0.78,1.0263,1086,0.76,1.0,612,0.76,1.0,1,0.77,1.0131,395,0
SPY190731P300,2019-07-29,2019-07-29 09:37:45,0.78,1.0263,360,0.77,1.0131,6,0.76,1.0,1,0.775,1.0197,395,0
SPY190731P300,2019-07-29,2019-07-29 09:37:45,0.78,1.0263,340,0.77,1.0131,6,0.76,1.0,1,0.775,1.0197,395,0
SPY190731P300,2019-07-29,2019-07-29 09:37:46,0.78,1.0263,588,0.77,1.0131,7,0.76,1.0,1,0.775,1.0197,395,0
SPY190731P300,2019-07-29,2019-07-29 09:37:47,0.78,1.0263,588,0.76,1.0,459,0.76,1.0,1,0.77,1.0131,395,0
SPY190731P300,2019-07-29,2019-07-29 09:37:47,0.78,1.0263,1380,0.76,1.0,612,0.76,1.0,1,0.77,1.0131,395,0
SPY190731P300,2019-07-29,2019-07-29 09:37:48,0.78,1.0263,1380,0.76,1.0,692,0.76,1.0,1,0.77,1.0131,395,0
SPY190731P300,2019-07-29,2019-07-29 09:37:49,0.78,1.0263,1291,0.76,1.0,266,0.76,1.0,1,0.77,1.0131,395,0
SPY190731P300,2019-07-29,2019-07-29 09:37:50,0.78,1.0263,1328,0.76,1.0,721,0.76,1.0,1,0.77,1.0131,395,0
SPY190731P300,2019-07-29,2019-07-29 09:37:51,0.77,1.0131,72,0.76,1.0,146,0.76,1.0,1,0.765,1.0065,395,0
SPY190731P300,2019-07-29,2019-07-29 09:37:51,0.77,1.0131,38,0.76,1.0,171,0.76,1.0,1,0.765,1.0065,395,0
SPY190731P300,2019-07-29,2019-07-29 09:37:52,0.77,1.0131,38,0.76,1.0,720,0.76,1.0,1,0.765,1.0065,395,0
SPY190731P300,2019-07-29,2019-07-29 09:37:53,0.78,1.0263,700,0.76,1.0,720,0.76,1.0,1,0.77,1.0131,395,0
SPY190731P300,2019-07-29,2019-07-29 09:37:53,0.77,1.0131,38,0.76,1.0,1135,0.76,1.0,1,0.765,1.0065,395,0
SPY190731P300,2019-07-29,2019-07-29 09:37:54,0.78,1.0263,1841,0.76,1.0,832,0.76,1.0,1,0.77,1.0131,395,0
SPY190731P300,2019-07-29,2019-07-29 09:37:54,0.78,1.0263,246,0.77,1.0131,10,0.76,1.0,1,0.775,1.0197,395,0
SPY190731P300,2019-07-29,2019-07-29 09:37:56,0.78,1.0263,419,0.77,1.0131,7,0.76,1.0,1,0.775,1.0197,395,0
SPY190731P300,2019-07-29,2019-07-29 09:37:57,0.78,1.0263,391,0.77,1.0131,7,0.76,1.0,1,0.775,1.0197,395,0
SPY190731P300,2019-07-29,2019-07-29 09:37:58,0.78,1.0263,391,0.77,1.0131,60,0.76,1.0,1,0.775,1.0197,395,0
SPY190731P300,2019-07-29,2019-07-29 09:37:58,0.78,1.0263,232,0.77,1.0131,60,0.76,1.0,1,0.775,1.0197,395,0
SPY190731P300,2019-07-29,2019-07-29 09:37:59,0.79,1.0394,635,0.77,1.0131,85,0.76,1.0,1,0.78,1.0263,395,0
SPY190731P300,2019-07-29,2019-07-29 09:37:59,0.78,1.0263,6,0.77,1.0131,145,0.76,1.0,1,0.775,1.0197,395,0
SPY190731P300,2019-07-29,2019-07-29 09:38:02,0.79,1.0394,1062,0.78,1.0263,7,0.76,1.0,1,0.785,1.0328,395,0
SPY190731P300,2019-07-29,2019-07-29 09:38:03,0.79,1.0394,925,0.78,1.0263,10,0.76,1.0,1,0.785,1.0328,395,0
SPY190731P300,2019-07-29,2019-07-29 09:38:03,0.79,1.0394,1326,0.78,1.0263,10,0.76,1.0,1,0.785,1.0328,395,0
SPY190731P300,2019-07-29,2019-07-29 09:38:04,0.79,1.0394,847,0.78,1.0263,8,0.76,1.0,1,0.785,1.0328,395,0
SPY190731P300,2019-07-29,2019-07-29 09:38:05,0.79,1.0394,723,0.78,1.0263,8,0.76,1.0,1,0.785,1.0328,395,0
SPY190731P300,2019-07-29,2019-07-29 09:38:05,0.8,1.0526,1148,0.78,1.0263,690,0.76,1.0,1,0.79,1.0394,395,0
SPY190731P300,2019-07-29,2019-07-29 09:38:06,0.8,1.0526,1148,0.79,1.0394,3,0.76,1.0,1,0.795,1.046,395,0
SPY190731P300,2019-07-29,2019-07-29 09:38:07,0.8,1.0526,692,0.79,1.0394,3,0.76,1.0,1,0.795,1.046,395,0
SPY190731P300,2019-07-29,2019-07-29 09:38:07,0.8,1.0526,1148,0.79,1.0394,3,0.76,1.0,1,0.795,1.046,395,0
SPY190731P300,2019-07-29,2019-07-29 09:38:08,0.8,1.0526,2314,0.79,1.0394,3,0.76,1.0,1,0.795,1.046,395,0
SPY190731P300,2019-07-29,2019-07-29 09:38:09,0.79,1.0394,168,0.78,1.0263,6,0.79,1.0394,3,0.785,1.0328,398,3
SPY190731P300,2019-07-29,2019-07-29 09:38:09,0.79,1.0394,612,0.77,1.0131,948,0.79,1.0394,3,0.78,1.0263,398,0
SPY190731P300,2019-07-29,2019-07-29 09:38:10,0.79,1.0394,521,0.78,1.0263,60,0.79,1.0394,3,0.785,1.0328,398,0
SPY190731P300,2019-07-29,2019-07-29 09:38:10,0.79,1.0394,1221,0.77,1.0131,1489,0.79,1.0394,3,0.78,1.0263,398,0
SPY190731P300,2019-07-29,2019-07-29 09:38:11,0.79,1.0394,384,0.78,1.0263,100,0.79,1.0394,3,0.785,1.0328,398,0
SPY190731P300,2019-07-29,2019-07-29 09:38:12,0.79,1.0394,172,0.78,1.0263,100,0.79,1.0394,3,0.785,1.0328,398,0
SPY190731P300,2019-07-29,2019-07-29 09:38:12,0.79,1.0394,590,0.78,1.0263,100,0.79,1.0394,3,0.785,1.0328,398,0
SPY190731P300,2019-07-29,2019-07-29 09:38:13,0.79,1.0394,597,0.78,1.0263,100,0.79,1.0394,3,0.785,1.0328,398,0
SPY190731P300,2019-07-29,2019-07-29 09:38:13,0.79,1.0394,748,0.78,1.0263,100,0.79,1.0394,3,0.785,1.0328,398,0
SPY190731P300,2019-07-29,2019-07-29 09:38:14,0.79,1.0394,1170,0.78,1.0263,100,0.79,1.0394,3,0.785,1.0328,398,0
SPY190731P300,2019-07-29,2019-07-29 09:38:15,0.79,1.0394,730,0.78,1.0263,5,0.79,1.0394,3,0.785,1.0328,398,0
SPY190731P300,2019-07-29,2019-07-29 09:38:15,0.79,1.0394,828,0.77,1.0131,1130,0.79,1.0394,3,0.78,1.0263,398,0
SPY190731P300,2019-07-29,2019-07-29 09:38:16,0.78,1.0263,6,0.78,1.0263,5,0.79,1.0394,3,0.78,1.0263,398,0
SPY190731P300,2019-07-29,2019-07-29 09:38:17,0.78,1.0263,10,0.77,1.0131,1242,0.79,1.0394,3,0.775,1.0197,398,0
SPY190731P300,2019-07-29,2019-07-29 09:38:18,0.78,1.0263,6,0.78,1.0263,5,0.79,1.0394,3,0.78,1.0263,398,0
SPY190731P300,2019-07-29,2019-07-29 09:38:18,0.79,1.0394,803,0.77,1.0131,732,0.79,1.0394,3,0.78,1.0263,398,0
SPY190731P300,2019-07-29,2019-07-29 09:38:19,0.79,1.0394,881,0.77,1.0131,732,0.79,1.0394,3,0.78,1.0263,398,0
SPY190731P300,2019-07-29,2019-07-29 09:38:20,0.78,1.0263,6,0.77,1.0131,613,0.79,1.0394,3,0.775,1.0197,398,0
SPY190731P300,2019-07-29,2019-07-29 09:38:20,0.79,1.0394,881,0.78,1.0263,1,0.79,1.0394,3,0.785,1.0328,398,0
SPY190731P300,2019-07-29,2019-07-29 09:38:21,0.79,1.0394,288,0.77,1.0131,618,0.79,1.0394,3,0.78,1.0263,398,0
SPY190731P300,2019-07-29,2019-07-29 09:38:21,0.78,1.0263,6,0.77,1.0131,618,0.79,1.0394,3,0.775,1.0197,398,0
SPY190731P300,2019-07-29,2019-07-29 09:38:22,0.79,1.0394,365,0.78,1.0263,5,0.79,1.0394,3,0.785,1.0328,398,0
SPY190731P300,2019-07-29,2019-07-29 09:38:23,0.79,1.0394,514,0.78,1.0263,190,0.79,1.0394,3,0.785,1.0328,398,0
SPY190731P300,2019-07-29,2019-07-29 09:38:23,0.79,1.0394,365,0.78,1.0263,190,0.79,1.0394,3,0.785,1.0328,398,0
SPY190731P300,2019-07-29,2019-07-29 09:38:24,0.79,1.0394,365,0.78,1.0263,190,0.79,1.0394,3,0.785,1.0328,398,0
SPY190731P300,2019-07-29,2019-07-29 09:38:25,0.79,1.0394,147,0.78,1.0263,130,0.79,1.0394,3,0.785,1.0328,398,0
SPY190731P300,2019-07-29,2019-07-29 09:38:25,0.79,1.0394,543,0.78,1.0263,5,0.79,1.0394,3,0.785,1.0328,398,0
SPY190731P300,2019-07-29,2019-07-29 09:38:26,0.79,1.0394,404,0.78,1.0263,5,0.79,1.0394,3,0.785,1.0328,398,0
SPY190731P300,2019-07-29,2019-07-29 09:38:27,0.79,1.0394,871,0.78,1.0263,100,0.79,1.0394,3,0.785,1.0328,398,0
SPY190731P300,2019-07-29,2019-07-29 09:38:27,0.79,1.0394,378,0.78,1.0263,221,0.79,1.0394,3,0.785,1.0328,398,0
SPY190731P300,2019-07-29,2019-07-29 09:38:28,0.79,1.0394,854,0.77,1.0131,923,0.79,1.0394,3,0.78,1.0263,398,0
SPY190731P300,2019-07-29,2019-07-29 09:38:28,0.79,1.0394,457,0.78,1.0263,65,0.79,1.0394,3,0.785,1.0328,398,0
SPY190731P300,2019-07-29,2019-07-29 09:38:29,0.79,1.0394,609,0.78,1.0263,221,0.79,1.0394,3,0.785,1.0328,398,0
SPY190731P300,2019-07-29,2019-07-29 09:38:30,0.79,1.0394,13,0.78,1.0263,10,0.79,1.0394,3,0.785,1.0328,398,0
SPY190731P300,2019-07-29,2019-07-29 09:38:30,0.79,1.0394,609,0.78,1.0263,581,0.79,1.0394,3,0.785,1.0328,398,0
SPY190731P300,2019-07-29,2019-07-29 09:38:31,0.8,1.0526,818,0.78,1.0263,1117,0.79,1.0394,3,0.79,1.0394,398,0
SPY190731P300,2019-07-29,2019-07-29 09:38:32,0.8,1.0526,818,0.78,1.0263,1280,0.79,1.0394,3,0.79,1.0394,398,0
SPY190731P300,2019-07-29,2019-07-29 09:38:33,0.8,1.0526,818,0.79,1.0394,5,0.79,1.0394,3,0.795,1.046,398,0
SPY190731P300,2019-07-29,2019-07-29 09:38:34,0.8,1.0526,818,0.79,1.0394,5,0.79,1.0394,3,0.795,1.046,398,0
SPY190731P300,2019-07-29,2019-07-29 09:38:34,0.8,1.0526,557,0.79,1.0394,5,0.79,1.0394,3,0.795,1.046,398,0
SPY190731P300,2019-07-29,2019-07-29 09:38:35,0.8,1.0526,728,0.79,1.0394,5,0.79,1.0394,3,0.795,1.046,398,0
SPY190731P300,2019-07-29,2019-07-29 09:38:36,0.8,1.0526,660,0.78,1.0263,859,0.79,1.0394,3,0.79,1.0394,398,0
SPY190731P300,2019-07-29,2019-07-29 09:38:36,0.8,1.0526,660,0.79,1.0394,5,0.79,1.0394,3,0.795,1.046,398,0
SPY190731P300,2019-07-29,2019-07-29 09:38:37,0.79,1.0394,119,0.78,1.0263,236,0.79,1.0394,3,0.785,1.0328,398,0
SPY190731P300,2019-07-29,2019-07-29 09:38:37,0.8,1.0526,660,0.78,1.0263,795,0.79,1.0394,3,0.79,1.0394,398,0
SPY190731P300,2019-07-29,2019-07-29 09:38:38,0.79,1.0394,3,0.79,1.0394,5,0.79,1.0394,3,0.79,1.0394,398,0
SPY190731P300,2019-07-29,2019-07-29 09:38:39,0.8,1.0526,601,0.79,1.0394,5,0.79,1.0394,3,0.795,1.046,398,0
SPY190731P300,2019-07-29,2019-07-29 09:38:39,0.8,1.0526,591,0.79,1.0394,164,0.79,1.0394,5,0.795,1.046,403,5
SPY190731P300,2019-07-29,2019-07-29 09:38:40,0.8,1.0526,591,0.79,1.0394,164,0.79,1.0394,5,0.795,1.046,403,0
SPY190731P300,2019-07-29,2019-07-29 09:38:41,0.8,1.0526,591,0.79,1.0394,164,0.79,1.0394,5,0.795,1.046,403,0
SPY190731P300,2019-07-29,2019-07-29 09:38:42,0.8,1.0526,591,0.79,1.0394,164,0.79,1.0394,5,0.795,1.046,403,0
SPY190731P300,2019-07-29,2019-07-29 09:38:43,0.8,1.0526,1126,0.79,1.0394,51,0.79,1.0394,5,0.795,1.046,403,0
SPY190731P300,2019-07-29,2019-07-29 09:38:43,0.79,1.0394,111,0.78,1.0263,261,0.79,1.0394,5,0.785,1.0328,403,0
SPY190731P300,2019-07-29,2019-07-29 09:38:44,0.79,1.0394,155,0.78,1.0263,261,0.79,1.0394,5,0.785,1.0328,403,0
SPY190731P300,2019-07-29,2019-07-29 09:38:45,0.79,1.0394,155,0.78,1.0263,263,0.79,1.0394,5,0.785,1.0328,403,0
SPY190731P300,2019-07-29,2019-07-29 09:38:46,0.79,1.0394,10,0.78,1.0263,882,0.79,1.0394,5,0.785,1.0328,403,0
SPY190731P300,2019-07-29,2019-07-29 09:38:47,0.8,1.0526,595,0.78,1.0263,681,0.79,1.0394,5,0.79,1.0394,403,0
SPY190731P300,2019-07-29,2019-07-29 09:38:47,0.79,1.0394,10,0.78,1.0263,691,0.79,1.0394,5,0.785,1.0328,403,0
SPY190731P300,2019-07-29,2019-07-29 09:38:48,0.8,1.0526,595,0.79,1.0394,143,0.79,1.0394,5,0.795,1.046,403,0
SPY190731P300,2019-07-29,2019-07-29 09:38:49,0.8,1.0526,595,0.79,1.0394,143,0.79,1.0394,3,0.795,1.046,406,0
SPY190731P300,2019-07-29,2019-07-29 09:38:49,0.8,1.0526,595,0.79,1.0394,143,0.79,1.0394,3,0.795,1.046,406,3
SPY190731P300,2019-07-29,2019-07-29 09:38:50,0.8,1.0526,235,0.79,1.0394,151,0.79,1.0394,3,0.795,1.046,406,0
SPY190731P300,2019-07-29,2019-07-29 09:38:51,0.8,1.0526,235,0.79,1.0394,261,0.79,1.0394,3,0.795,1.046,406,0
SPY190731P300,2019-07-29,2019-07-29 09:38:51,0.8,1.0526,512,0.79,1.0394,143,0.79,1.0394,3,0.795,1.046,406,0
SPY190731P300,2019-07-29,2019-07-29 09:38:52,0.8,1.0526,543,0.79,1.0394,143,0.79,1.0394,3,0.795,1.046,406,0
SPY190731P300,2019-07-29,2019-07-29 09:38:53,0.8,1.0526,589,0.79,1.0394,153,0.79,1.0394,3,0.795,1.046,406,0
SPY190731P300,2019-07-29,2019-07-29 09:38:54,0.8,1.0526,589,0.79,1.0394,153,0.79,1.0394,3,0.795,1.046,406,0
SPY190731P300,2019-07-29,2019-07-29 09:38:55,0.8,1.0526,661,0.78,1.0263,612,0.79,1.0394,3,0.79,1.0394,406,0
SPY190731P300,2019-07-29,2019-07-29 09:38:55,0.79,1.0394,10,0.78,1.0263,612,0.79,1.0394,3,0.785,1.0328,406,0
SPY190731P300,2019-07-29,2019-07-29 09:38:56,0.79,1.0394,7,0.78,1.0263,516,0.79,1.0394,3,0.785,1.0328,406,0
SPY190731P300,2019-07-29,2019-07-29 09:38:57,0.8,1.0526,1929,0.79,1.0394,5,0.79,1.0394,3,0.795,1.046,406,0
SPY190731P300,2019-07-29,2019-07-29 09:38:57,0.8,1.0526,229,0.79,1.0394,5,0.79,1.0394,3,0.795,1.046,406,0
SPY190731P300,2019-07-29,2019-07-29 09:38:58,0.8,1.0526,1564,0.78,1.0263,678,0.79,1.0394,3,0.79,1.0394,406,0
SPY190731P300,2019-07-29,2019-07-29 09:38:59,0.79,1.0394,6,0.78,1.0263,701,0.79,1.0394,3,0.785,1.0328,406,0
SPY190731P300,2019-07-29,2019-07-29 09:38:59,0.79,1.0394,6,0.78,1.0263,783,0.79,1.0394,3,0.785,1.0328,406,0
SPY190731P300,2019-07-29,2019-07-29 09:39:00,0.79,1.0394,7,0.78,1.0263,701,0.79,1.0394,3,0.785,1.0328,406,0
SPY190731P300,2019-07-29,2019-07-29 09:39:01,0.8,1.0526,972,0.78,1.0263,960,0.79,1.0394,3,0.79,1.0394,406,0
SPY190731P300,2019-07-29,2019-07-29 09:39:01,0.8,1.0526,1625,0.78,1.0263,703,0.79,1.0394,3,0.79,1.0394,406,0
SPY190731P300,2019-07-29,2019-07-29 09:39:02,0.8,1.0526,1095,0.78,1.0263,960,0.79,1.0394,3,0.79,1.0394,406,0
SPY190731P300,2019-07-29,2019-07-29 09:39:03,0.8,1.0526,229,0.79,1.0394,259,0.79,1.0394,3,0.795,1.046,406,0
SPY190731P300,2019-07-29,2019-07-29 09:39:04,0.8,1.0526,1,0.79,1.0394,762,0.79,1.0394,3,0.795,1.046,406,0
SPY190731P300,2019-07-29,2019-07-29 09:39:04,0.8,1.0526,227,0.79,1.0394,259,0.79,1.0394,3,0.795,1.046,406,0
SPY190731P300,2019-07-29,2019-07-29 09:39:05,0.8,1.0526,479,0.79,1.0394,221,0.79,1.0394,3,0.795,1.046,406,0
SPY190731P300,2019-07-29,2019-07-29 09:39:05,0.8,1.0526,479,0.79,1.0394,161,0.79,1.0394,3,0.795,1.046,406,0
SPY190731P300,2019-07-29,2019-07-29 09:39:06,0.8,1.0526,117,0.79,1.0394,416,0.79,1.0394,3,0.795,1.046,406,0
SPY190731P300,2019-07-29,2019-07-29 09:39:07,0.8,1.0526,126,0.79,1.0394,416,0.79,1.0394,3,0.795,1.046,406,0
SPY190731P300,2019-07-29,2019-07-29 09:39:08,0.8,1.0526,486,0.79,1.0394,502,0.79,1.0394,3,0.795,1.046,406,0
SPY190731P300,2019-07-29,2019-07-29 09:39:08,0.8,1.0526,486,0.79,1.0394,261,0.79,1.0394,3,0.795,1.046,406,0
SPY190731P300,2019-07-29,2019-07-29 09:39:09,0.8,1.0526,486,0.79,1.0394,261,0.79,1.0394,3,0.795,1.046,406,0
SPY190731P300,2019-07-29,2019-07-29 09:39:09,0.8,1.0526,486,0.79,1.0394,547,0.79,1.0394,3,0.795,1.046,406,0
SPY190731P300,2019-07-29,2019-07-29 09:39:10,0.8,1.0526,486,0.79,1.0394,261,0.79,1.0394,3,0.795,1.046,406,0
SPY190731P300,2019-07-29,2019-07-29 09:39:11,0.8,1.0526,546,0.79,1.0394,261,0.79,1.0394,3,0.795,1.046,406,0
SPY190731P300,2019-07-29,2019-07-29 09:39:12,0.8,1.0526,2156,0.78,1.0263,786,0.79,1.0394,3,0.79,1.0394,406,0
SPY190731P300,2019-07-29,2019-07-29 09:39:12,0.8,1.0526,714,0.79,1.0394,100,0.79,1.0394,3,0.795,1.046,406,0
SPY190731P300,2019-07-29,2019-07-29 09:39:13,0.8,1.0526,2148,0.78,1.0263,1274,0.79,1.0394,3,0.79,1.0394,406,0
SPY190731P300,2019-07-29,2019-07-29 09:39:14,0.79,1.0394,1,0.78,1.0263,844,0.79,1.0394,3,0.785,1.0328,406,0
SPY190731P300,2019-07-29,2019-07-29 09:39:14,0.79,1.0394,1,0.78,1.0263,951,0.79,1.0394,3,0.785,1.0328,406,0
SPY190731P300,2019-07-29,2019-07-29 09:39:15,0.8,1.0526,1838,0.78,1.0263,758,0.79,1.0394,3,0.79,1.0394,406,0
SPY190731P300,2019-07-29,2019-07-29 09:39:16,0.8,1.0526,509,0.78,1.0263,758,0.79,1.0394,3,0.79,1.0394,406,0
SPY190731P300,2019-07-29,2019-07-29 09:39:17,0.8,1.0526,1025,0.78,1.0263,706,0.79,1.0394,3,0.79,1.0394,406,0
SPY190731P300,2019-07-29,2019-07-29 09:39:17,0.8,1.0526,1753,0.78,1.0263,1128,0.79,1.0394,3,0.79,1.0394,406,0
SPY190731P300,2019-07-29,2019-07-29 09:39:18,0.8,1.0526,2340,0.78,1.0263,894,0.79,1.0394,3,0.79,1.0394,406,0
SPY190731P300,2019-07-29,2019-07-29 09:39:19,0.8,1.0526,2340,0.78,1.0263,732,0.79,1.0394,3,0.79,1.0394,406,0
SPY190731P300,2019-07-29,2019-07-29 09:39:19,0.8,1.0526,1770,0.78,1.0263,594,0.79,1.0394,3,0.79,1.0394,406,0
SPY190731P300,2019-07-29,2019-07-29 09:39:20,0.8,1.0526,2397,0.78,1.0263,1128,0.79,1.0394,3,0.79,1.0394,406,0
SPY190731P300,2019-07-29,2019-07-29 09:39:21,0.8,1.0526,2208,0.78,1.0263,1128,0.79,1.0394,3,0.79,1.0394,406,0
SPY190731P300,2019-07-29,2019-07-29 09:39:22,0.8,1.0526,2208,0.78,1.0263,729,0.79,1.0394,3,0.79,1.0394,406,0
SPY190731P300,2019-07-29,2019-07-29 09:39:22,0.79,1.0394,113,0.78,1.0263,438,0.79,1.0394,3,0.785,1.0328,406,0
SPY190731P300,2019-07-29,2019-07-29 09:39:23,0.79,1.0394,100,0.78,1.0263,165,0.79,1.0394,3,0.785,1.0328,406,0
SPY190731P300,2019-07-29,2019-07-29 09:39:24,0.79,1.0394,230,0.78,1.0263,158,0.79,1.0394,3,0.785,1.0328,406,0
SPY190731P300,2019-07-29,2019-07-29 09:39:25,0.8,1.0526,1990,0.78,1.0263,1184,0.79,1.0394,3,0.79,1.0394,406,0
SPY190731P300,2019-07-29,2019-07-29 09:39:25,0.79,1.0394,100,0.78,1.0263,168,0.79,1.0394,3,0.785,1.0328,406,0
SPY190731P300,2019-07-29,2019-07-29 09:39:26,0.8,1.0526,2367,0.78,1.0263,1184,0.79,1.0394,3,0.79,1.0394,406,0
SPY190731P300,2019-07-29,2019-07-29 09:39:27,0.8,1.0526,2424,0.78,1.0263,914,0.79,1.0394,3,0.79,1.0394,406,0
SPY190731P300,2019-07-29,2019-07-29 09:39:28,0.79,1.0394,88,0.78,1.0263,165,0.79,1.0394,3,0.785,1.0328,406,0
SPY190731P300,2019-07-29,2019-07-29 09:39:28,0.79,1.0394,1052,0.77,1.0131,595,0.79,1.0394,3,0.78,1.0263,406,0
SPY190731P300,2019-07-29,2019-07-29 09:39:30,0.79,1.0394,2070,0.77,1.0131,1116,0.79,1.0394,3,0.78,1.0263,406,0
SPY190731P300,2019-07-29,2019-07-29 09:39:31,0.79,1.0394,1725,0.77,1.0131,886,0.79,1.0394,3,0.78,1.0263,406,0
SPY190731P300,2019-07-29,2019-07-29 09:39:32,0.78,1.0263,465,0.77,1.0131,6,0.79,1.0394,3,0.775,1.0197,406,0
SPY190731P300,2019-07-29,2019-07-29 09:39:33,0.79,1.0394,2277,0.77,1.0131,818,0.79,1.0394,3,0.78,1.0263,406,0
SPY190731P300,2019-07-29,2019-07-29 09:39:34,0.79,1.0394,2277,0.78,1.0263,1,0.79,1.0394,3,0.785,1.0328,406,0
SPY190731P300,2019-07-29,2019-07-29 09:39:35,0.78,1.0263,10,0.77,1.0131,261,0.79,1.0394,3,0.775,1.0197,406,0
SPY190731P300,2019-07-29,2019-07-29 09:39:36,0.78,1.0263,10,0.77,1.0131,609,0.79,1.0394,3,0.775,1.0197,406,0
SPY190731P300,2019-07-29,2019-07-29 09:39:37,0.79,1.0394,2316,0.77,1.0131,609,0.79,1.0394,3,0.78,1.0263,406,0
SPY190731P300,2019-07-29,2019-07-29 09:39:37,0.79,1.0394,2214,0.77,1.0131,609,0.79,1.0394,3,0.78,1.0263,406,0
SPY190731P300,2019-07-29,2019-07-29 09:39:38,0.79,1.0394,2428,0.77,1.0131,1116,0.79,1.0394,3,0.78,1.0263,406,0
SPY190731P300,2019-07-29,2019-07-29 09:39:39,0.79,1.0394,907,0.78,1.0263,6,0.79,1.0394,3,0.785,1.0328,406,0
SPY190731P300,2019-07-29,2019-07-29 09:39:40,0.79,1.0394,1093,0.78,1.0263,7,0.79,1.0394,3,0.785,1.0328,406,0
SPY190731P300,2019-07-29,2019-07-29 09:39:40,0.79,1.0394,1917,0.78,1.0263,74,0.79,1.0394,3,0.785,1.0328,406,0
SPY190731P300,2019-07-29,2019-07-29 09:39:41,0.79,1.0394,455,0.78,1.0263,1,0.79,1.0394,3,0.785,1.0328,406,0
SPY190731P300,2019-07-29,2019-07-29 09:39:42,0.79,1.0394,436,0.78,1.0263,144,0.79,1.0394,3,0.785,1.0328,406,0
SPY190731P300,2019-07-29,2019-07-29 09:39:42,0.79,1.0394,1647,0.78,1.0263,144,0.79,1.0394,3,0.785,1.0328,406,0
SPY190731P300,2019-07-29,2019-07-29 09:39:43,0.79,1.0394,1647,0.78,1.0263,144,0.79,1.0394,3,0.785,1.0328,406,0
SPY190731P300,2019-07-29,2019-07-29 09:39:44,0.79,1.0394,514,0.78,1.0263,109,0.79,1.0394,3,0.785,1.0328,406,0
SPY190731P300,2019-07-29,2019-07-29 09:39:47,0.79,1.0394,136,0.78,1.0263,660,0.79,1.0394,2,0.785,1.0328,408,2
SPY190731P300,2019-07-29,2019-07-29 09:39:48,0.79,1.0394,136,0.78,1.0263,660,0.79,1.0394,2,0.785,1.0328,408,0
SPY190731P300,2019-07-29,2019-07-29 09:39:49,0.79,1.0394,133,0.78,1.0263,660,0.79,1.0394,2,0.785,1.0328,408,0
SPY190731P300,2019-07-29,2019-07-29 09:39:50,0.79,1.0394,100,0.78,1.0263,701,0.79,1.0394,2,0.785,1.0328,408,0
SPY190731P300,2019-07-29,2019-07-29 09:39:51,0.79,1.0394,51,0.78,1.0263,701,0.79,1.0394,2,0.785,1.0328,408,0
SPY190731P300,2019-07-29,2019-07-29 09:39:52,0.79,1.0394,51,0.78,1.0263,701,0.79,1.0394,2,0.785,1.0328,408,0
SPY190731P300,2019-07-29,2019-07-29 09:39:53,0.79,1.0394,51,0.78,1.0263,699,0.79,1.0394,2,0.785,1.0328,408,0
SPY190731P300,2019-07-29,2019-07-29 09:39:54,0.79,1.0394,1,0.78,1.0263,699,0.79,1.0394,2,0.785,1.0328,408,0
SPY190731P300,2019-07-29,2019-07-29 09:39:55,0.79,1.0394,1,0.78,1.0263,702,0.79,1.0394,2,0.785,1.0328,408,0
SPY190731P300,2019-07-29,2019-07-29 09:39:55,0.79,1.0394,1,0.78,1.0263,798,0.79,1.0394,2,0.785,1.0328,408,0
SPY190731P300,2019-07-29,2019-07-29 09:39:56,0.79,1.0394,206,0.78,1.0263,658,0.79,1.0394,2,0.785,1.0328,408,0
SPY190731P300,2019-07-29,2019-07-29 09:39:57,0.79,1.0394,206,0.78,1.0263,383,0.79,1.0394,2,0.785,1.0328,408,0
SPY190731P300,2019-07-29,2019-07-29 09:39:57,0.79,1.0394,206,0.78,1.0263,569,0.79,1.0394,2,0.785,1.0328,408,0
SPY190731P300,2019-07-29,2019-07-29 09:39:58,0.79,1.0394,1,0.78,1.0263,1374,0.79,1.0394,2,0.785,1.0328,408,0
SPY190731P300,2019-07-29,2019-07-29 09:39:59,0.79,1.0394,1,0.78,1.0263,715,0.79,1.0394,2,0.785,1.0328,408,0
SPY190731P300,2019-07-29,2019-07-29 09:40:00,0.79,1.0394,1,0.78,1.0263,725,0.79,1.0394,2,0.785,1.0328,408,0
SPY190731P300,2019-07-29,2019-07-29 09:40:01,0.79,1.0394,1,0.78,1.0263,361,0.79,1.0394,2,0.785,1.0328,408,0
SPY190731P300,2019-07-29,2019-07-29 09:40:02,0.79,1.0394,91,0.78,1.0263,337,0.79,1.0394,2,0.785,1.0328,408,0
SPY190731P300,2019-07-29,2019-07-29 09:40:03,0.79,1.0394,36,0.78,1.0263,1314,0.79,1.0394,2,0.785,1.0328,408,0
SPY190731P300,2019-07-29,2019-07-29 09:40:04,0.79,1.0394,36,0.78,1.0263,1314,0.79,1.0394,2,0.785,1.0328,408,0
SPY190731P300,2019-07-29,2019-07-29 09:40:05,0.79,1.0394,1,0.79,1.0394,156,0.79,1.0394,1,0.79,1.0394,414,6
SPY190731P300,2019-07-29,2019-07-29 09:40:05,0.8,1.0526,5,0.79,1.0394,551,0.79,1.0394,1,0.795,1.046,414,0
SPY190731P300,2019-07-29,2019-07-29 09:40:06,0.8,1.0526,121,0.79,1.0394,551,0.79,1.0394,1,0.795,1.046,414,0
SPY190731P300,2019-07-29,2019-07-29 09:40:09,0.8,1.0526,1,0.79,1.0394,1219,0.79,1.0394,1,0.795,1.046,414,0
SPY190731P300,2019-07-29,2019-07-29 09:40:10,0.8,1.0526,1,0.79,1.0394,1229,0.79,1.0394,1,0.795,1.046,414,0
SPY190731P300,2019-07-29,2019-07-29 09:40:11,0.81,1.0657,360,0.8,1.0526,427,0.8,1.0526,1,0.805,1.0592,415,1
SPY190731P300,2019-07-29,2019-07-29 09:40:11,0.8,1.0526,1,0.79,1.0394,1229,0.79,1.0394,1,0.795,1.046,414,0
SPY190731P300,2019-07-29,2019-07-29 09:40:12,0.81,1.0657,360,0.8,1.0526,1130,0.8,1.0526,1,0.805,1.0592,415,0
SPY190731P300,2019-07-29,2019-07-29 09:40:13,0.81,1.0657,360,0.8,1.0526,1272,0.8,1.0526,1,0.805,1.0592,415,0
SPY190731P300,2019-07-29,2019-07-29 09:40:14,0.81,1.0657,517,0.8,1.0526,207,0.8,1.0526,1,0.805,1.0592,415,0
SPY190731P300,2019-07-29,2019-07-29 09:40:15,0.81,1.0657,517,0.8,1.0526,336,0.8,1.0526,1,0.805,1.0592,415,0
SPY190731P300,2019-07-29,2019-07-29 09:40:16,0.82,1.0789,1121,0.8,1.0526,943,0.8,1.0526,1,0.81,1.0657,415,0
SPY190731P300,2019-07-29,2019-07-29 09:40:17,0.82,1.0789,606,0.81,1.0657,60,0.8,1.0526,1,0.815,1.0723,415,0
SPY190731P300,2019-07-29,2019-07-29 09:40:17,0.82,1.0789,675,0.81,1.0657,5,0.8,1.0526,1,0.815,1.0723,415,0
SPY190731P300,2019-07-29,2019-07-29 09:40:18,0.82,1.0789,606,0.81,1.0657,60,0.8,1.0526,1,0.815,1.0723,415,0
SPY190731P300,2019-07-29,2019-07-29 09:40:19,0.82,1.0789,596,0.81,1.0657,96,0.8,1.0526,1,0.815,1.0723,415,0
SPY190731P300,2019-07-29,2019-07-29 09:40:20,0.82,1.0789,596,0.81,1.0657,96,0.8,1.0526,1,0.815,1.0723,415,0
SPY190731P300,2019-07-29,2019-07-29 09:40:21,0.82,1.0789,434,0.81,1.0657,361,0.8,1.0526,1,0.815,1.0723,415,0
SPY190731P300,2019-07-29,2019-07-29 09:40:22,0.82,1.0789,360,0.81,1.0657,1161,0.8,1.0526,1,0.815,1.0723,415,0
SPY190731P300,2019-07-29,2019-07-29 09:40:22,0.83,1.0921,1270,0.81,1.0657,1337,0.8,1.0526,1,0.82,1.0789,415,0
SPY190731P300,2019-07-29,2019-07-29 09:40:23,0.83,1.0921,1138,0.82,1.0789,5,0.8,1.0526,1,0.825,1.0855,415,0
SPY190731P300,2019-07-29,2019-07-29 09:40:24,0.83,1.0921,1270,0.82,1.0789,5,0.8,1.0526,1,0.825,1.0855,415,0
SPY190731P300,2019-07-29,2019-07-29 09:40:25,0.83,1.0921,1270,0.82,1.0789,5,0.8,1.0526,1,0.825,1.0855,415,0
SPY190731P300,2019-07-29,2019-07-29 09:40:25,0.83,1.0921,1303,0.82,1.0789,5,0.8,1.0526,1,0.825,1.0855,415,0
SPY190731P300,2019-07-29,2019-07-29 09:40:26,0.82,1.0789,6,0.82,1.0789,5,0.8,1.0526,1,0.82,1.0789,415,0
SPY190731P300,2019-07-29,2019-07-29 09:40:27,0.82,1.0789,6,0.81,1.0657,1077,0.8,1.0526,1,0.815,1.0723,415,0
SPY190731P300,2019-07-29,2019-07-29 09:40:27,0.82,1.0789,51,0.81,1.0657,284,0.8,1.0526,1,0.815,1.0723,415,0
SPY190731P300,2019-07-29,2019-07-29 09:40:28,0.82,1.0789,6,0.81,1.0657,800,0.8,1.0526,1,0.815,1.0723,415,0
SPY190731P300,2019-07-29,2019-07-29 09:40:29,0.83,1.0921,868,0.81,1.0657,1045,0.8,1.0526,1,0.82,1.0789,415,0
SPY190731P300,2019-07-29,2019-07-29 09:40:29,0.83,1.0921,530,0.8,1.0526,360,0.8,1.0526,1,0.815,1.0723,415,0
SPY190731P300,2019-07-29,2019-07-29 09:40:30,0.83,1.0921,124,0.82,1.0789,150,0.8,1.0526,1,0.825,1.0855,415,0
SPY190731P300,2019-07-29,2019-07-29 09:40:31,0.83,1.0921,463,0.82,1.0789,256,0.8,1.0526,1,0.825,1.0855,415,0
SPY190731P300,2019-07-29,2019-07-29 09:40:32,0.83,1.0921,408,0.82,1.0789,833,0.8,1.0526,1,0.825,1.0855,415,0
SPY190731P300,2019-07-29,2019-07-29 09:40:32,0.83,1.0921,463,0.82,1.0789,537,0.8,1.0526,1,0.825,1.0855,415,0
SPY190731P300,2019-07-29,2019-07-29 09:40:33,0.83,1.0921,6,0.82,1.0789,988,0.8,1.0526,1,0.825,1.0855,415,0
SPY190731P300,2019-07-29,2019-07-29 09:40:34,0.84,1.1052,1653,0.82,1.0789,1088,0.8,1.0526,1,0.83,1.0921,415,0
SPY190731P300,2019-07-29,2019-07-29 09:40:35,0.84,1.1052,1948,0.82,1.0789,802,0.8,1.0526,1,0.83,1.0921,415,0
SPY190731P300,2019-07-29,2019-07-29 09:40:36,0.83,1.0921,6,0.82,1.0789,802,0.8,1.0526,1,0.825,1.0855,415,0
SPY190731P300,2019-07-29,2019-07-29 09:40:37,0.84,1.1052,1948,0.82,1.0789,893,0.8,1.0526,1,0.83,1.0921,415,0
SPY190731P300,2019-07-29,2019-07-29 09:40:38,0.84,1.1052,1948,0.82,1.0789,893,0.8,1.0526,1,0.83,1.0921,415,0
SPY190731P300,2019-07-29,2019-07-29 09:40:38,0.84,1.1052,1948,0.82,1.0789,802,0.8,1.0526,1,0.83,1.0921,415,0
SPY190731P300,2019-07-29,2019-07-29 09:40:39,0.84,1.1052,1915,0.82,1.0789,706,0.8,1.0526,1,0.83,1.0921,415,0
SPY190731P300,2019-07-29,2019-07-29 09:40:40,0.84,1.1052,1915,0.82,1.0789,801,0.8,1.0526,1,0.83,1.0921,415,0
SPY190731P300,2019-07-29,2019-07-29 09:40:40,0.83,1.0921,84,0.82,1.0789,256,0.8,1.0526,1,0.825,1.0855,415,0
SPY190731P300,2019-07-29,2019-07-29 09:40:41,0.83,1.0921,84,0.82,1.0789,517,0.8,1.0526,1,0.825,1.0855,415,0
SPY190731P300,2019-07-29,2019-07-29 09:40:42,0.83,1.0921,91,0.82,1.0789,666,0.8,1.0526,1,0.825,1.0855,415,0
SPY190731P300,2019-07-29,2019-07-29 09:40:42,0.83,1.0921,91,0.82,1.0789,720,0.8,1.0526,1,0.825,1.0855,415,0
SPY190731P300,2019-07-29,2019-07-29 09:40:43,0.83,1.0921,91,0.82,1.0789,1125,0.8,1.0526,1,0.825,1.0855,415,0
SPY190731P300,2019-07-29,2019-07-29 09:40:44,0.84,1.1052,479,0.82,1.0789,360,0.8,1.0526,1,0.83,1.0921,415,0
SPY190731P300,2019-07-29,2019-07-29 09:40:45,0.84,1.1052,697,0.82,1.0789,446,0.8,1.0526,1,0.83,1.0921,415,0
SPY190731P300,2019-07-29,2019-07-29 09:40:45,0.84,1.1052,1085,0.82,1.0789,659,0.8,1.0526,1,0.83,1.0921,415,0
SPY190731P300,2019-07-29,2019-07-29 09:40:46,0.84,1.1052,583,0.83,1.0921,166,0.8,1.0526,1,0.835,1.0986,415,0
SPY190731P300,2019-07-29,2019-07-29 09:40:48,0.83,1.0921,5,0.82,1.0789,356,0.8,1.0526,1,0.825,1.0855,415,0
SPY190731P300,2019-07-29,2019-07-29 09:40:49,0.83,1.0921,5,0.82,1.0789,765,0.8,1.0526,1,0.825,1.0855,415,0
SPY190731P300,2019-07-29,2019-07-29 09:40:49,0.83,1.0921,480,0.82,1.0789,216,0.8,1.0526,1,0.825,1.0855,415,0
SPY190731P300,2019-07-29,2019-07-29 09:40:50,0.83,1.0921,73,0.82,1.0789,738,0.8,1.0526,1,0.825,1.0855,415,0
SPY190731P300,2019-07-29,2019-07-29 09:40:51,0.83,1.0921,73,0.82,1.0789,436,0.8,1.0526,1,0.825,1.0855,415,0
SPY190731P300,2019-07-29,2019-07-29 09:40:52,0.83,1.0921,73,0.82,1.0789,110,0.8,1.0526,1,0.825,1.0855,415,0
SPY190731P300,2019-07-29,2019-07-29 09:40:52,0.83,1.0921,109,0.82,1.0789,146,0.8,1.0526,1,0.825,1.0855,415,0
SPY190731P300,2019-07-29,2019-07-29 09:40:53,0.83,1.0921,226,0.82,1.0789,288,0.8,1.0526,1,0.825,1.0855,415,0
SPY190731P300,2019-07-29,2019-07-29 09:40:54,0.83,1.0921,109,0.82,1.0789,179,0.8,1.0526,1,0.825,1.0855,415,0
SPY190731P300,2019-07-29,2019-07-29 09:40:55,0.83,1.0921,100,0.82,1.0789,670,0.8,1.0526,1,0.825,1.0855,415,0
SPY190731P300,2019-07-29,2019-07-29 09:40:56,0.83,1.0921,113,0.82,1.0789,680,0.8,1.0526,1,0.825,1.0855,415,0
SPY190731P300,2019-07-29,2019-07-29 09:40:56,0.83,1.0921,7,0.82,1.0789,1056,0.8,1.0526,1,0.825,1.0855,415,0
SPY190731P300,2019-07-29,2019-07-29 09:40:57,0.83,1.0921,113,0.82,1.0789,1334,0.8,1.0526,1,0.825,1.0855,415,0
SPY190731P300,2019-07-29,2019-07-29 09:40:58,0.83,1.0921,623,0.81,1.0657,766,0.8,1.0526,1,0.82,1.0789,415,0
