symbol,Date,quote_time,ask_price,norm_ask_price,ask_size,bid_price,norm_bid_price,bid_size,last_trade_price,norm_last_trade_price,last_trade_size,mark_price,norm_mark_price,volume,Volume
IWM190927C154,2019-09-26,2019-09-26 09:30:02,0.83,1.0,32,0.74,0.8915,33,0.93,1.1204,3,0.785,0.9457,0,0
IWM190927C154,2019-09-26,2019-09-26 09:30:03,0.82,0.9879,31,0.73,0.8795,31,0.93,1.1204,3,0.775,0.9337,0,0
IWM190927C154,2019-09-26,2019-09-26 09:30:03,0.81,0.9759,31,0.72,0.8674,33,0.93,1.1204,3,0.765,0.9216,0,0
IWM190927C154,2019-09-26,2019-09-26 09:30:04,0.8,0.9638,41,0.71,0.8554,41,0.93,1.1204,3,0.755,0.9096,0,0
IWM190927C154,2019-09-26,2019-09-26 09:30:04,0.81,0.9759,31,0.71,0.8554,41,0.93,1.1204,3,0.76,0.9156,0,0
IWM190927C154,2019-09-26,2019-09-26 09:30:05,0.8,0.9638,41,0.69,0.8313,41,0.93,1.1204,3,0.745,0.8975,0,0
IWM190927C154,2019-09-26,2019-09-26 09:30:06,0.83,1.0,10,0.57,0.6867,26,0.93,1.1204,3,0.7,0.8433,0,0
IWM190927C154,2019-09-26,2019-09-26 09:30:06,0.88,1.0602,30,0.57,0.6867,26,0.93,1.1204,3,0.725,0.8734,0,0
IWM190927C154,2019-09-26,2019-09-26 09:30:07,0.75,0.9036,90,0.66,0.7951,90,0.93,1.1204,3,0.705,0.8493,0,0
IWM190927C154,2019-09-26,2019-09-26 09:30:07,0.88,1.0602,30,0.56,0.6746,16,0.93,1.1204,3,0.72,0.8674,0,0
IWM190927C154,2019-09-26,2019-09-26 09:30:08,0.72,0.8674,112,0.65,0.7831,192,0.93,1.1204,3,0.685,0.8253,0,0
IWM190927C154,2019-09-26,2019-09-26 09:30:08,0.72,0.8674,112,0.65,0.7831,112,0.93,1.1204,3,0.685,0.8253,0,0
IWM190927C154,2019-09-26,2019-09-26 09:30:09,0.72,0.8674,112,0.68,0.8192,45,0.93,1.1204,3,0.7,0.8433,0,0
IWM190927C154,2019-09-26,2019-09-26 09:30:10,0.71,0.8554,112,0.66,0.7951,20,0.93,1.1204,3,0.685,0.8253,0,0
IWM190927C154,2019-09-26,2019-09-26 09:30:10,0.71,0.8554,112,0.66,0.7951,32,0.93,1.1204,3,0.685,0.8253,0,0
IWM190927C154,2019-09-26,2019-09-26 09:30:11,0.7,0.8433,112,0.66,0.7951,20,0.93,1.1204,3,0.68,0.8192,0,0
IWM190927C154,2019-09-26,2019-09-26 09:30:11,0.7,0.8433,112,0.66,0.7951,10,0.93,1.1204,3,0.68,0.8192,0,0
IWM190927C154,2019-09-26,2019-09-26 09:30:12,0.7,0.8433,114,0.64,0.771,23,0.93,1.1204,3,0.67,0.8072,0,0
IWM190927C154,2019-09-26,2019-09-26 09:30:12,0.7,0.8433,112,0.64,0.771,45,0.93,1.1204,3,0.67,0.8072,0,0
IWM190927C154,2019-09-26,2019-09-26 09:30:13,0.69,0.8313,60,0.63,0.759,241,0.93,1.1204,3,0.66,0.7951,0,0
IWM190927C154,2019-09-26,2019-09-26 09:30:13,0.7,0.8433,194,0.64,0.771,92,0.93,1.1204,3,0.67,0.8072,0,0
IWM190927C154,2019-09-26,2019-09-26 09:30:14,0.69,0.8313,239,0.62,0.7469,159,0.93,1.1204,3,0.655,0.7891,0,0
IWM190927C154,2019-09-26,2019-09-26 09:30:14,0.68,0.8192,60,0.62,0.7469,298,0.93,1.1204,3,0.65,0.7831,0,0
IWM190927C154,2019-09-26,2019-09-26 09:30:15,0.67,0.8072,60,0.62,0.7469,425,0.93,1.1204,3,0.645,0.7771,0,0
IWM190927C154,2019-09-26,2019-09-26 09:30:15,0.68,0.8192,90,0.63,0.759,93,0.93,1.1204,3,0.655,0.7891,0,0
IWM190927C154,2019-09-26,2019-09-26 09:30:16,0.67,0.8072,90,0.62,0.7469,221,0.93,1.1204,3,0.645,0.7771,0,0
IWM190927C154,2019-09-26,2019-09-26 09:30:16,0.66,0.7951,90,0.6,0.7228,228,0.93,1.1204,3,0.63,0.759,0,0
IWM190927C154,2019-09-26,2019-09-26 09:30:17,0.61,0.7349,268,0.55,0.6626,20,0.93,1.1204,3,0.58,0.6987,0,0
IWM190927C154,2019-09-26,2019-09-26 09:30:17,0.63,0.759,81,0.58,0.6987,150,0.93,1.1204,3,0.605,0.7289,0,0
IWM190927C154,2019-09-26,2019-09-26 09:30:18,0.61,0.7349,319,0.55,0.6626,118,0.93,1.1204,3,0.58,0.6987,0,0
IWM190927C154,2019-09-26,2019-09-26 09:30:19,0.61,0.7349,64,0.56,0.6746,10,0.93,1.1204,3,0.585,0.7048,0,0
IWM190927C154,2019-09-26,2019-09-26 09:30:19,0.61,0.7349,187,0.56,0.6746,90,0.93,1.1204,3,0.585,0.7048,0,0
IWM190927C154,2019-09-26,2019-09-26 09:30:20,0.61,0.7349,90,0.57,0.6867,90,0.93,1.1204,3,0.59,0.7108,0,0
IWM190927C154,2019-09-26,2019-09-26 09:30:20,0.61,0.7349,90,0.56,0.6746,90,0.93,1.1204,3,0.585,0.7048,0,0
IWM190927C154,2019-09-26,2019-09-26 09:30:21,0.62,0.7469,184,0.57,0.6867,284,0.93,1.1204,3,0.595,0.7168,0,0
IWM190927C154,2019-09-26,2019-09-26 09:30:21,0.62,0.7469,169,0.57,0.6867,101,0.93,1.1204,3,0.595,0.7168,0,0
IWM190927C154,2019-09-26,2019-09-26 09:30:22,0.63,0.759,90,0.58,0.6987,115,0.93,1.1204,3,0.605,0.7289,0,0
IWM190927C154,2019-09-26,2019-09-26 09:30:22,0.63,0.759,90,0.58,0.6987,67,0.93,1.1204,3,0.605,0.7289,0,0
IWM190927C154,2019-09-26,2019-09-26 09:30:23,0.63,0.759,10,0.59,0.7108,90,0.93,1.1204,3,0.61,0.7349,0,0
IWM190927C154,2019-09-26,2019-09-26 09:30:23,0.64,0.771,97,0.61,0.7349,90,0.93,1.1204,3,0.625,0.753,0,0
IWM190927C154,2019-09-26,2019-09-26 09:30:24,0.66,0.7951,90,0.62,0.7469,90,0.93,1.1204,3,0.64,0.771,0,0
IWM190927C154,2019-09-26,2019-09-26 09:30:24,0.66,0.7951,90,0.61,0.7349,141,0.93,1.1204,3,0.635,0.765,0,0
IWM190927C154,2019-09-26,2019-09-26 09:30:25,0.67,0.8072,393,0.62,0.7469,30,0.93,1.1204,3,0.645,0.7771,0,0
IWM190927C154,2019-09-26,2019-09-26 09:30:25,0.67,0.8072,229,0.62,0.7469,139,0.93,1.1204,3,0.645,0.7771,0,0
IWM190927C154,2019-09-26,2019-09-26 09:30:26,0.67,0.8072,232,0.63,0.759,90,0.93,1.1204,3,0.65,0.7831,0,0
IWM190927C154,2019-09-26,2019-09-26 09:30:26,0.67,0.8072,232,0.62,0.7469,179,0.93,1.1204,3,0.645,0.7771,0,0
IWM190927C154,2019-09-26,2019-09-26 09:30:27,0.68,0.8192,90,0.63,0.759,90,0.93,1.1204,3,0.655,0.7891,0,0
IWM190927C154,2019-09-26,2019-09-26 09:30:27,0.69,0.8313,90,0.64,0.771,90,0.93,1.1204,3,0.665,0.8012,0,0
IWM190927C154,2019-09-26,2019-09-26 09:30:28,0.69,0.8313,16,0.65,0.7831,100,0.93,1.1204,3,0.67,0.8072,0,0
IWM190927C154,2019-09-26,2019-09-26 09:30:28,0.7,0.8433,30,0.65,0.7831,90,0.93,1.1204,3,0.675,0.8132,0,0
IWM190927C154,2019-09-26,2019-09-26 09:30:29,0.72,0.8674,90,0.68,0.8192,90,0.93,1.1204,3,0.7,0.8433,0,0
IWM190927C154,2019-09-26,2019-09-26 09:30:29,0.72,0.8674,19,0.68,0.8192,90,0.93,1.1204,3,0.7,0.8433,0,0
IWM190927C154,2019-09-26,2019-09-26 09:30:30,0.72,0.8674,5,0.68,0.8192,90,0.93,1.1204,3,0.7,0.8433,0,0
IWM190927C154,2019-09-26,2019-09-26 09:30:30,0.72,0.8674,90,0.68,0.8192,90,0.93,1.1204,3,0.7,0.8433,0,0
IWM190927C154,2019-09-26,2019-09-26 09:30:31,0.73,0.8795,238,0.69,0.8313,107,0.93,1.1204,3,0.71,0.8554,0,0
IWM190927C154,2019-09-26,2019-09-26 09:30:32,0.69,0.8313,19,0.66,0.7951,129,0.93,1.1204,3,0.675,0.8132,0,0
IWM190927C154,2019-09-26,2019-09-26 09:30:32,0.73,0.8795,238,0.69,0.8313,107,0.93,1.1204,3,0.71,0.8554,0,0
IWM190927C154,2019-09-26,2019-09-26 09:30:33,0.69,0.8313,61,0.64,0.771,56,0.93,1.1204,3,0.665,0.8012,0,0
IWM190927C154,2019-09-26,2019-09-26 09:30:33,0.69,0.8313,45,0.64,0.771,56,0.93,1.1204,3,0.665,0.8012,0,0
IWM190927C154,2019-09-26,2019-09-26 09:30:34,0.69,0.8313,141,0.66,0.7951,19,0.93,1.1204,3,0.675,0.8132,0,0
IWM190927C154,2019-09-26,2019-09-26 09:30:34,0.69,0.8313,141,0.65,0.7831,19,0.93,1.1204,3,0.67,0.8072,0,0
IWM190927C154,2019-09-26,2019-09-26 09:30:35,0.69,0.8313,46,0.65,0.7831,19,0.93,1.1204,3,0.67,0.8072,0,0
IWM190927C154,2019-09-26,2019-09-26 09:30:35,0.69,0.8313,32,0.67,0.8072,19,0.93,1.1204,3,0.68,0.8192,0,0
IWM190927C154,2019-09-26,2019-09-26 09:30:36,0.7,0.8433,325,0.66,0.7951,38,0.93,1.1204,3,0.68,0.8192,0,0
IWM190927C154,2019-09-26,2019-09-26 09:30:36,0.7,0.8433,127,0.67,0.8072,19,0.93,1.1204,3,0.685,0.8253,0,0
IWM190927C154,2019-09-26,2019-09-26 09:30:37,0.69,0.8313,8,0.66,0.7951,38,0.93,1.1204,3,0.675,0.8132,0,0
IWM190927C154,2019-09-26,2019-09-26 09:30:37,0.69,0.8313,60,0.66,0.7951,38,0.93,1.1204,3,0.675,0.8132,0,0
IWM190927C154,2019-09-26,2019-09-26 09:30:38,0.69,0.8313,90,0.66,0.7951,38,0.93,1.1204,3,0.675,0.8132,0,0
IWM190927C154,2019-09-26,2019-09-26 09:30:38,0.7,0.8433,214,0.66,0.7951,38,0.93,1.1204,3,0.68,0.8192,0,0
IWM190927C154,2019-09-26,2019-09-26 09:30:39,0.68,0.8192,158,0.64,0.771,136,0.93,1.1204,3,0.66,0.7951,0,0
IWM190927C154,2019-09-26,2019-09-26 09:30:39,0.67,0.8072,113,0.64,0.771,22,0.93,1.1204,3,0.655,0.7891,0,0
IWM190927C154,2019-09-26,2019-09-26 09:30:40,0.67,0.8072,127,0.64,0.771,22,0.93,1.1204,3,0.655,0.7891,0,0
IWM190927C154,2019-09-26,2019-09-26 09:30:40,0.67,0.8072,2,0.64,0.771,22,0.93,1.1204,3,0.655,0.7891,0,0
IWM190927C154,2019-09-26,2019-09-26 09:30:41,0.68,0.8192,20,0.65,0.7831,19,0.93,1.1204,3,0.665,0.8012,0,0
IWM190927C154,2019-09-26,2019-09-26 09:30:41,0.7,0.8433,156,0.68,0.8192,19,0.93,1.1204,3,0.69,0.8313,0,0
IWM190927C154,2019-09-26,2019-09-26 09:30:42,0.7,0.8433,55,0.67,0.8072,19,0.93,1.1204,3,0.685,0.8253,0,0
IWM190927C154,2019-09-26,2019-09-26 09:30:42,0.7,0.8433,233,0.68,0.8192,19,0.93,1.1204,3,0.69,0.8313,0,0
IWM190927C154,2019-09-26,2019-09-26 09:30:43,0.7,0.8433,255,0.67,0.8072,19,0.93,1.1204,3,0.685,0.8253,0,0
IWM190927C154,2019-09-26,2019-09-26 09:30:43,0.7,0.8433,197,0.68,0.8192,19,0.93,1.1204,3,0.69,0.8313,0,0
IWM190927C154,2019-09-26,2019-09-26 09:30:44,0.7,0.8433,255,0.67,0.8072,19,0.93,1.1204,3,0.685,0.8253,0,0
IWM190927C154,2019-09-26,2019-09-26 09:30:45,0.69,0.8313,128,0.66,0.7951,19,0.93,1.1204,3,0.675,0.8132,0,0
IWM190927C154,2019-09-26,2019-09-26 09:30:45,0.68,0.8192,174,0.65,0.7831,19,0.93,1.1204,3,0.665,0.8012,0,0
IWM190927C154,2019-09-26,2019-09-26 09:30:46,0.68,0.8192,219,0.65,0.7831,19,0.93,1.1204,3,0.665,0.8012,0,0
IWM190927C154,2019-09-26,2019-09-26 09:30:46,0.68,0.8192,227,0.66,0.7951,19,0.93,1.1204,3,0.67,0.8072,0,0
IWM190927C154,2019-09-26,2019-09-26 09:30:47,0.68,0.8192,227,0.65,0.7831,19,0.93,1.1204,3,0.665,0.8012,0,0
IWM190927C154,2019-09-26,2019-09-26 09:30:48,0.68,0.8192,20,0.66,0.7951,19,0.93,1.1204,3,0.67,0.8072,0,0
IWM190927C154,2019-09-26,2019-09-26 09:30:48,0.68,0.8192,90,0.66,0.7951,19,0.93,1.1204,3,0.67,0.8072,0,0
IWM190927C154,2019-09-26,2019-09-26 09:30:49,0.68,0.8192,20,0.66,0.7951,19,0.93,1.1204,3,0.67,0.8072,0,0
IWM190927C154,2019-09-26,2019-09-26 09:30:50,0.69,0.8313,30,0.66,0.7951,19,0.93,1.1204,3,0.675,0.8132,0,0
IWM190927C154,2019-09-26,2019-09-26 09:30:50,0.68,0.8192,20,0.66,0.7951,19,0.93,1.1204,3,0.67,0.8072,0,0
IWM190927C154,2019-09-26,2019-09-26 09:30:51,0.69,0.8313,251,0.66,0.7951,19,0.93,1.1204,3,0.675,0.8132,0,0
IWM190927C154,2019-09-26,2019-09-26 09:30:51,0.69,0.8313,100,0.66,0.7951,19,0.93,1.1204,3,0.675,0.8132,0,0
IWM190927C154,2019-09-26,2019-09-26 09:30:52,0.68,0.8192,197,0.65,0.7831,19,0.93,1.1204,3,0.665,0.8012,0,0
IWM190927C154,2019-09-26,2019-09-26 09:30:52,0.68,0.8192,100,0.65,0.7831,46,0.93,1.1204,3,0.665,0.8012,0,0
IWM190927C154,2019-09-26,2019-09-26 09:30:53,0.68,0.8192,439,0.65,0.7831,19,0.93,1.1204,3,0.665,0.8012,0,0
IWM190927C154,2019-09-26,2019-09-26 09:30:54,0.69,0.8313,172,0.65,0.7831,19,0.93,1.1204,3,0.67,0.8072,0,0
IWM190927C154,2019-09-26,2019-09-26 09:30:54,0.69,0.8313,180,0.66,0.7951,19,0.93,1.1204,3,0.675,0.8132,0,0
IWM190927C154,2019-09-26,2019-09-26 09:30:55,0.69,0.8313,80,0.66,0.7951,19,0.93,1.1204,3,0.675,0.8132,0,0
IWM190927C154,2019-09-26,2019-09-26 09:30:55,0.69,0.8313,85,0.66,0.7951,19,0.93,1.1204,3,0.675,0.8132,0,0
IWM190927C154,2019-09-26,2019-09-26 09:30:56,0.69,0.8313,103,0.66,0.7951,19,0.93,1.1204,3,0.675,0.8132,0,0
IWM190927C154,2019-09-26,2019-09-26 09:30:56,0.69,0.8313,30,0.67,0.8072,19,0.93,1.1204,3,0.68,0.8192,0,0
IWM190927C154,2019-09-26,2019-09-26 09:30:57,0.69,0.8313,30,0.67,0.8072,19,0.93,1.1204,3,0.68,0.8192,0,0
IWM190927C154,2019-09-26,2019-09-26 09:30:57,0.7,0.8433,230,0.67,0.8072,19,0.93,1.1204,3,0.685,0.8253,0,0
IWM190927C154,2019-09-26,2019-09-26 09:30:58,0.7,0.8433,302,0.67,0.8072,19,0.93,1.1204,3,0.685,0.8253,0,0
IWM190927C154,2019-09-26,2019-09-26 09:30:58,0.7,0.8433,512,0.66,0.7951,32,0.93,1.1204,3,0.68,0.8192,0,0
IWM190927C154,2019-09-26,2019-09-26 09:30:59,0.69,0.8313,323,0.66,0.7951,19,0.93,1.1204,3,0.675,0.8132,0,0
IWM190927C154,2019-09-26,2019-09-26 09:30:59,0.7,0.8433,472,0.66,0.7951,32,0.93,1.1204,3,0.68,0.8192,0,0
IWM190927C154,2019-09-26,2019-09-26 09:31:00,0.68,0.8192,377,0.65,0.7831,19,0.93,1.1204,3,0.665,0.8012,0,0
IWM190927C154,2019-09-26,2019-09-26 09:31:00,0.68,0.8192,90,0.65,0.7831,19,0.93,1.1204,3,0.665,0.8012,0,0
IWM190927C154,2019-09-26,2019-09-26 09:31:01,0.7,0.8433,90,0.68,0.8192,19,0.93,1.1204,3,0.69,0.8313,0,0
IWM190927C154,2019-09-26,2019-09-26 09:31:01,0.69,0.8313,382,0.68,0.8192,19,0.93,1.1204,3,0.685,0.8253,0,0
IWM190927C154,2019-09-26,2019-09-26 09:31:02,0.7,0.8433,406,0.67,0.8072,19,0.93,1.1204,3,0.685,0.8253,0,0
IWM190927C154,2019-09-26,2019-09-26 09:31:02,0.7,0.8433,9,0.67,0.8072,19,0.93,1.1204,3,0.685,0.8253,0,0
IWM190927C154,2019-09-26,2019-09-26 09:31:03,0.7,0.8433,335,0.67,0.8072,19,0.93,1.1204,3,0.685,0.8253,0,0
IWM190927C154,2019-09-26,2019-09-26 09:31:03,0.7,0.8433,359,0.67,0.8072,19,0.93,1.1204,3,0.685,0.8253,0,0
IWM190927C154,2019-09-26,2019-09-26 09:31:04,0.7,0.8433,359,0.67,0.8072,19,0.93,1.1204,3,0.685,0.8253,0,0
IWM190927C154,2019-09-26,2019-09-26 09:31:04,0.68,0.8192,331,0.64,0.771,25,0.93,1.1204,3,0.66,0.7951,0,0
IWM190927C154,2019-09-26,2019-09-26 09:31:06,0.68,0.8192,161,0.65,0.7831,19,0.93,1.1204,3,0.665,0.8012,0,0
IWM190927C154,2019-09-26,2019-09-26 09:31:06,0.68,0.8192,368,0.65,0.7831,19,0.93,1.1204,3,0.665,0.8012,0,0
IWM190927C154,2019-09-26,2019-09-26 09:31:07,0.68,0.8192,352,0.65,0.7831,19,0.93,1.1204,3,0.665,0.8012,0,0
IWM190927C154,2019-09-26,2019-09-26 09:31:07,0.68,0.8192,161,0.65,0.7831,19,0.93,1.1204,3,0.665,0.8012,0,0
IWM190927C154,2019-09-26,2019-09-26 09:31:08,0.68,0.8192,355,0.65,0.7831,19,0.93,1.1204,3,0.665,0.8012,0,0
IWM190927C154,2019-09-26,2019-09-26 09:31:09,0.69,0.8313,10,0.67,0.8072,19,0.93,1.1204,3,0.68,0.8192,0,0
IWM190927C154,2019-09-26,2019-09-26 09:31:09,0.69,0.8313,224,0.65,0.7831,19,0.93,1.1204,3,0.67,0.8072,0,0
IWM190927C154,2019-09-26,2019-09-26 09:31:10,0.7,0.8433,315,0.67,0.8072,19,0.93,1.1204,3,0.685,0.8253,0,0
IWM190927C154,2019-09-26,2019-09-26 09:31:10,0.7,0.8433,95,0.67,0.8072,19,0.93,1.1204,3,0.685,0.8253,0,0
IWM190927C154,2019-09-26,2019-09-26 09:31:11,0.7,0.8433,512,0.66,0.7951,19,0.93,1.1204,3,0.68,0.8192,0,0
IWM190927C154,2019-09-26,2019-09-26 09:31:11,0.69,0.8313,290,0.66,0.7951,19,0.93,1.1204,3,0.675,0.8132,0,0
IWM190927C154,2019-09-26,2019-09-26 09:31:12,0.68,0.8192,90,0.65,0.7831,33,0.93,1.1204,3,0.665,0.8012,0,0
IWM190927C154,2019-09-26,2019-09-26 09:31:13,0.68,0.8192,447,0.65,0.7831,19,0.93,1.1204,3,0.665,0.8012,0,0
IWM190927C154,2019-09-26,2019-09-26 09:31:14,0.68,0.8192,481,0.65,0.7831,19,0.93,1.1204,3,0.665,0.8012,0,0
IWM190927C154,2019-09-26,2019-09-26 09:31:15,0.68,0.8192,208,0.66,0.7951,19,0.93,1.1204,3,0.67,0.8072,0,0
IWM190927C154,2019-09-26,2019-09-26 09:31:15,0.68,0.8192,26,0.66,0.7951,19,0.93,1.1204,3,0.67,0.8072,0,0
IWM190927C154,2019-09-26,2019-09-26 09:31:16,0.68,0.8192,157,0.65,0.7831,19,0.93,1.1204,3,0.665,0.8012,0,0
IWM190927C154,2019-09-26,2019-09-26 09:31:16,0.68,0.8192,145,0.65,0.7831,19,0.93,1.1204,3,0.665,0.8012,0,0
IWM190927C154,2019-09-26,2019-09-26 09:31:17,0.68,0.8192,21,0.66,0.7951,19,0.93,1.1204,3,0.67,0.8072,0,0
IWM190927C154,2019-09-26,2019-09-26 09:31:17,0.68,0.8192,159,0.65,0.7831,19,0.93,1.1204,3,0.665,0.8012,0,0
IWM190927C154,2019-09-26,2019-09-26 09:31:18,0.68,0.8192,21,0.66,0.7951,19,0.93,1.1204,3,0.67,0.8072,0,0
IWM190927C154,2019-09-26,2019-09-26 09:31:19,0.69,0.8313,306,0.66,0.7951,19,0.93,1.1204,3,0.675,0.8132,0,0
IWM190927C154,2019-09-26,2019-09-26 09:31:19,0.68,0.8192,90,0.66,0.7951,19,0.93,1.1204,3,0.67,0.8072,0,0
IWM190927C154,2019-09-26,2019-09-26 09:31:20,0.68,0.8192,125,0.65,0.7831,19,0.93,1.1204,3,0.665,0.8012,0,0
IWM190927C154,2019-09-26,2019-09-26 09:31:20,0.68,0.8192,116,0.65,0.7831,19,0.93,1.1204,3,0.665,0.8012,0,0
IWM190927C154,2019-09-26,2019-09-26 09:31:21,0.68,0.8192,195,0.64,0.771,114,0.93,1.1204,3,0.66,0.7951,0,0
IWM190927C154,2019-09-26,2019-09-26 09:31:21,0.68,0.8192,334,0.65,0.7831,19,0.93,1.1204,3,0.665,0.8012,0,0
IWM190927C154,2019-09-26,2019-09-26 09:31:22,0.68,0.8192,100,0.65,0.7831,19,0.93,1.1204,3,0.665,0.8012,0,0
IWM190927C154,2019-09-26,2019-09-26 09:31:22,0.68,0.8192,287,0.65,0.7831,19,0.93,1.1204,3,0.665,0.8012,0,0
IWM190927C154,2019-09-26,2019-09-26 09:31:23,0.68,0.8192,20,0.66,0.7951,19,0.93,1.1204,3,0.67,0.8072,0,0
IWM190927C154,2019-09-26,2019-09-26 09:31:23,0.68,0.8192,51,0.65,0.7831,19,0.93,1.1204,3,0.665,0.8012,0,0
IWM190927C154,2019-09-26,2019-09-26 09:31:24,0.68,0.8192,20,0.65,0.7831,19,0.93,1.1204,3,0.665,0.8012,0,0
IWM190927C154,2019-09-26,2019-09-26 09:31:25,0.68,0.8192,20,0.66,0.7951,19,0.93,1.1204,3,0.67,0.8072,0,0
IWM190927C154,2019-09-26,2019-09-26 09:31:25,0.69,0.8313,218,0.67,0.8072,19,0.93,1.1204,3,0.68,0.8192,0,0
IWM190927C154,2019-09-26,2019-09-26 09:31:26,0.69,0.8313,185,0.67,0.8072,19,0.93,1.1204,3,0.68,0.8192,0,0
IWM190927C154,2019-09-26,2019-09-26 09:31:26,0.7,0.8433,113,0.67,0.8072,19,0.93,1.1204,3,0.685,0.8253,0,0
IWM190927C154,2019-09-26,2019-09-26 09:31:27,0.7,0.8433,30,0.67,0.8072,19,0.93,1.1204,3,0.685,0.8253,0,0
IWM190927C154,2019-09-26,2019-09-26 09:31:27,0.7,0.8433,178,0.67,0.8072,19,0.93,1.1204,3,0.685,0.8253,0,0
IWM190927C154,2019-09-26,2019-09-26 09:31:28,0.74,0.8915,215,0.69,0.8313,19,0.93,1.1204,3,0.715,0.8614,0,0
IWM190927C154,2019-09-26,2019-09-26 09:31:28,0.71,0.8554,302,0.67,0.8072,19,0.93,1.1204,3,0.69,0.8313,0,0
IWM190927C154,2019-09-26,2019-09-26 09:31:29,0.72,0.8674,125,0.69,0.8313,19,0.93,1.1204,3,0.705,0.8493,0,0
IWM190927C154,2019-09-26,2019-09-26 09:31:29,0.72,0.8674,233,0.68,0.8192,19,0.93,1.1204,3,0.7,0.8433,0,0
IWM190927C154,2019-09-26,2019-09-26 09:31:30,0.71,0.8554,144,0.68,0.8192,19,0.93,1.1204,3,0.695,0.8373,0,0
IWM190927C154,2019-09-26,2019-09-26 09:31:30,0.71,0.8554,206,0.68,0.8192,19,0.93,1.1204,3,0.695,0.8373,0,0
IWM190927C154,2019-09-26,2019-09-26 09:31:31,0.7,0.8433,90,0.67,0.8072,19,0.93,1.1204,3,0.685,0.8253,0,0
IWM190927C154,2019-09-26,2019-09-26 09:31:31,0.71,0.8554,260,0.68,0.8192,19,0.93,1.1204,3,0.695,0.8373,0,0
IWM190927C154,2019-09-26,2019-09-26 09:31:32,0.7,0.8433,230,0.67,0.8072,19,0.93,1.1204,3,0.685,0.8253,0,0
IWM190927C154,2019-09-26,2019-09-26 09:31:33,0.7,0.8433,323,0.67,0.8072,19,0.93,1.1204,3,0.685,0.8253,0,0
IWM190927C154,2019-09-26,2019-09-26 09:31:33,0.69,0.8313,134,0.66,0.7951,23,0.93,1.1204,3,0.675,0.8132,0,0
IWM190927C154,2019-09-26,2019-09-26 09:31:34,0.69,0.8313,186,0.66,0.7951,23,0.93,1.1204,3,0.675,0.8132,0,0
IWM190927C154,2019-09-26,2019-09-26 09:31:35,0.69,0.8313,186,0.66,0.7951,19,0.93,1.1204,3,0.675,0.8132,0,0
IWM190927C154,2019-09-26,2019-09-26 09:31:35,0.69,0.8313,170,0.66,0.7951,19,0.93,1.1204,3,0.675,0.8132,0,0
IWM190927C154,2019-09-26,2019-09-26 09:31:36,0.68,0.8192,140,0.64,0.771,24,0.93,1.1204,3,0.66,0.7951,0,0
IWM190927C154,2019-09-26,2019-09-26 09:31:36,0.68,0.8192,140,0.65,0.7831,19,0.93,1.1204,3,0.665,0.8012,0,0
IWM190927C154,2019-09-26,2019-09-26 09:31:37,0.67,0.8072,180,0.64,0.771,24,0.93,1.1204,3,0.655,0.7891,0,0
IWM190927C154,2019-09-26,2019-09-26 09:31:38,0.67,0.8072,12,0.65,0.7831,19,0.93,1.1204,3,0.66,0.7951,0,0
IWM190927C154,2019-09-26,2019-09-26 09:31:39,0.68,0.8192,285,0.65,0.7831,19,0.93,1.1204,3,0.665,0.8012,0,0
IWM190927C154,2019-09-26,2019-09-26 09:31:39,0.68,0.8192,295,0.65,0.7831,19,0.93,1.1204,3,0.665,0.8012,0,0
IWM190927C154,2019-09-26,2019-09-26 09:31:40,0.68,0.8192,316,0.65,0.7831,19,0.93,1.1204,3,0.665,0.8012,0,0
IWM190927C154,2019-09-26,2019-09-26 09:31:40,0.68,0.8192,314,0.65,0.7831,19,0.93,1.1204,3,0.665,0.8012,0,0
IWM190927C154,2019-09-26,2019-09-26 09:31:41,0.69,0.8313,16,0.67,0.8072,19,0.93,1.1204,3,0.68,0.8192,0,0
IWM190927C154,2019-09-26,2019-09-26 09:31:41,0.68,0.8192,81,0.65,0.7831,19,0.93,1.1204,3,0.665,0.8012,0,0
IWM190927C154,2019-09-26,2019-09-26 09:31:42,0.7,0.8433,50,0.67,0.8072,19,0.93,1.1204,3,0.685,0.8253,0,0
IWM190927C154,2019-09-26,2019-09-26 09:31:42,0.7,0.8433,150,0.67,0.8072,19,0.93,1.1204,3,0.685,0.8253,0,0
IWM190927C154,2019-09-26,2019-09-26 09:31:43,0.7,0.8433,50,0.67,0.8072,19,0.93,1.1204,3,0.685,0.8253,0,0
IWM190927C154,2019-09-26,2019-09-26 09:31:43,0.7,0.8433,31,0.67,0.8072,19,0.93,1.1204,3,0.685,0.8253,0,0
IWM190927C154,2019-09-26,2019-09-26 09:31:44,0.7,0.8433,141,0.67,0.8072,19,0.93,1.1204,3,0.685,0.8253,0,0
IWM190927C154,2019-09-26,2019-09-26 09:31:44,0.7,0.8433,113,0.67,0.8072,19,0.93,1.1204,3,0.685,0.8253,0,0
IWM190927C154,2019-09-26,2019-09-26 09:31:45,0.7,0.8433,78,0.67,0.8072,21,0.93,1.1204,3,0.685,0.8253,0,0
IWM190927C154,2019-09-26,2019-09-26 09:31:45,0.7,0.8433,255,0.67,0.8072,19,0.93,1.1204,3,0.685,0.8253,0,0
IWM190927C154,2019-09-26,2019-09-26 09:31:46,0.71,0.8554,58,0.69,0.8313,19,0.93,1.1204,3,0.7,0.8433,0,0
IWM190927C154,2019-09-26,2019-09-26 09:31:46,0.7,0.8433,78,0.67,0.8072,31,0.93,1.1204,3,0.685,0.8253,0,0
IWM190927C154,2019-09-26,2019-09-26 09:31:47,0.71,0.8554,20,0.69,0.8313,19,0.93,1.1204,3,0.7,0.8433,0,0
IWM190927C154,2019-09-26,2019-09-26 09:31:47,0.71,0.8554,46,0.69,0.8313,19,0.93,1.1204,3,0.7,0.8433,0,0
IWM190927C154,2019-09-26,2019-09-26 09:31:48,0.71,0.8554,20,0.69,0.8313,19,0.93,1.1204,3,0.7,0.8433,0,0
IWM190927C154,2019-09-26,2019-09-26 09:31:48,0.71,0.8554,30,0.68,0.8192,19,0.93,1.1204,3,0.695,0.8373,0,0
IWM190927C154,2019-09-26,2019-09-26 09:31:49,0.71,0.8554,107,0.68,0.8192,19,0.93,1.1204,3,0.695,0.8373,0,0
IWM190927C154,2019-09-26,2019-09-26 09:31:49,0.71,0.8554,30,0.68,0.8192,19,0.93,1.1204,3,0.695,0.8373,0,0
IWM190927C154,2019-09-26,2019-09-26 09:31:50,0.71,0.8554,30,0.69,0.8313,19,0.93,1.1204,3,0.7,0.8433,0,0
IWM190927C154,2019-09-26,2019-09-26 09:31:50,0.71,0.8554,46,0.68,0.8192,19,0.93,1.1204,3,0.695,0.8373,0,0
IWM190927C154,2019-09-26,2019-09-26 09:31:51,0.72,0.8674,178,0.69,0.8313,19,0.93,1.1204,3,0.705,0.8493,0,0
IWM190927C154,2019-09-26,2019-09-26 09:31:51,0.72,0.8674,161,0.69,0.8313,19,0.93,1.1204,3,0.705,0.8493,0,0
IWM190927C154,2019-09-26,2019-09-26 09:31:52,0.72,0.8674,242,0.7,0.8433,19,0.93,1.1204,3,0.71,0.8554,0,0
IWM190927C154,2019-09-26,2019-09-26 09:31:52,0.72,0.8674,145,0.69,0.8313,19,0.93,1.1204,3,0.705,0.8493,0,0
IWM190927C154,2019-09-26,2019-09-26 09:31:53,0.72,0.8674,241,0.69,0.8313,19,0.93,1.1204,3,0.705,0.8493,0,0
IWM190927C154,2019-09-26,2019-09-26 09:31:54,0.72,0.8674,295,0.69,0.8313,19,0.93,1.1204,3,0.705,0.8493,0,0
IWM190927C154,2019-09-26,2019-09-26 09:31:55,0.72,0.8674,254,0.7,0.8433,19,0.93,1.1204,3,0.71,0.8554,0,0
IWM190927C154,2019-09-26,2019-09-26 09:31:55,0.72,0.8674,219,0.7,0.8433,19,0.93,1.1204,3,0.71,0.8554,0,0
IWM190927C154,2019-09-26,2019-09-26 09:31:56,0.72,0.8674,280,0.69,0.8313,19,0.93,1.1204,3,0.705,0.8493,0,0
IWM190927C154,2019-09-26,2019-09-26 09:31:56,0.72,0.8674,254,0.7,0.8433,19,0.93,1.1204,3,0.71,0.8554,0,0
IWM190927C154,2019-09-26,2019-09-26 09:31:57,0.72,0.8674,289,0.69,0.8313,19,0.93,1.1204,3,0.705,0.8493,0,0
IWM190927C154,2019-09-26,2019-09-26 09:31:57,0.72,0.8674,290,0.69,0.8313,19,0.93,1.1204,3,0.705,0.8493,0,0
IWM190927C154,2019-09-26,2019-09-26 09:31:58,0.72,0.8674,290,0.69,0.8313,19,0.93,1.1204,3,0.705,0.8493,0,0
IWM190927C154,2019-09-26,2019-09-26 09:31:59,0.72,0.8674,285,0.69,0.8313,19,0.93,1.1204,3,0.705,0.8493,0,0
IWM190927C154,2019-09-26,2019-09-26 09:31:59,0.72,0.8674,290,0.69,0.8313,19,0.93,1.1204,3,0.705,0.8493,0,0
IWM190927C154,2019-09-26,2019-09-26 09:32:00,0.72,0.8674,309,0.69,0.8313,19,0.93,1.1204,3,0.705,0.8493,0,0
IWM190927C154,2019-09-26,2019-09-26 09:32:01,0.72,0.8674,301,0.69,0.8313,19,0.93,1.1204,3,0.705,0.8493,0,0
IWM190927C154,2019-09-26,2019-09-26 09:32:02,0.72,0.8674,301,0.68,0.8192,19,0.93,1.1204,3,0.7,0.8433,0,0
IWM190927C154,2019-09-26,2019-09-26 09:32:02,0.7,0.8433,95,0.68,0.8192,19,0.93,1.1204,3,0.69,0.8313,0,0
IWM190927C154,2019-09-26,2019-09-26 09:32:03,0.71,0.8554,93,0.69,0.8313,19,0.93,1.1204,3,0.7,0.8433,0,0
IWM190927C154,2019-09-26,2019-09-26 09:32:03,0.7,0.8433,46,0.68,0.8192,19,0.93,1.1204,3,0.69,0.8313,0,0
IWM190927C154,2019-09-26,2019-09-26 09:32:04,0.71,0.8554,83,0.69,0.8313,19,0.93,1.1204,3,0.7,0.8433,0,0
IWM190927C154,2019-09-26,2019-09-26 09:32:05,0.71,0.8554,93,0.69,0.8313,30,0.93,1.1204,3,0.7,0.8433,0,0
IWM190927C154,2019-09-26,2019-09-26 09:32:05,0.71,0.8554,108,0.69,0.8313,30,0.93,1.1204,3,0.7,0.8433,0,0
IWM190927C154,2019-09-26,2019-09-26 09:32:06,0.71,0.8554,160,0.68,0.8192,32,0.93,1.1204,3,0.695,0.8373,0,0
IWM190927C154,2019-09-26,2019-09-26 09:32:06,0.71,0.8554,108,0.69,0.8313,30,0.93,1.1204,3,0.7,0.8433,0,0
IWM190927C154,2019-09-26,2019-09-26 09:32:07,0.7,0.8433,36,0.68,0.8192,32,0.93,1.1204,3,0.69,0.8313,0,0
IWM190927C154,2019-09-26,2019-09-26 09:32:07,0.7,0.8433,71,0.68,0.8192,32,0.93,1.1204,3,0.69,0.8313,0,0
IWM190927C154,2019-09-26,2019-09-26 09:32:08,0.7,0.8433,36,0.68,0.8192,32,0.93,1.1204,3,0.69,0.8313,0,0
IWM190927C154,2019-09-26,2019-09-26 09:32:08,0.71,0.8554,88,0.69,0.8313,29,0.93,1.1204,3,0.7,0.8433,0,0
IWM190927C154,2019-09-26,2019-09-26 09:32:09,0.71,0.8554,89,0.69,0.8313,29,0.93,1.1204,3,0.7,0.8433,0,0
IWM190927C154,2019-09-26,2019-09-26 09:32:09,0.71,0.8554,58,0.69,0.8313,29,0.93,1.1204,3,0.7,0.8433,0,0
IWM190927C154,2019-09-26,2019-09-26 09:32:10,0.71,0.8554,130,0.68,0.8192,32,0.93,1.1204,3,0.695,0.8373,0,0
IWM190927C154,2019-09-26,2019-09-26 09:32:11,0.71,0.8554,303,0.68,0.8192,29,0.93,1.1204,3,0.695,0.8373,0,0
IWM190927C154,2019-09-26,2019-09-26 09:32:11,0.71,0.8554,306,0.68,0.8192,29,0.93,1.1204,3,0.695,0.8373,0,0
IWM190927C154,2019-09-26,2019-09-26 09:32:12,0.71,0.8554,303,0.68,0.8192,29,0.93,1.1204,3,0.695,0.8373,0,0
IWM190927C154,2019-09-26,2019-09-26 09:32:13,0.7,0.8433,133,0.67,0.8072,32,0.93,1.1204,3,0.685,0.8253,0,0
IWM190927C154,2019-09-26,2019-09-26 09:32:13,0.69,0.8313,55,0.67,0.8072,19,0.93,1.1204,3,0.68,0.8192,0,0
IWM190927C154,2019-09-26,2019-09-26 09:32:14,0.69,0.8313,86,0.67,0.8072,10,0.93,1.1204,3,0.68,0.8192,0,0
IWM190927C154,2019-09-26,2019-09-26 09:32:14,0.69,0.8313,219,0.67,0.8072,10,0.93,1.1204,3,0.68,0.8192,0,0
IWM190927C154,2019-09-26,2019-09-26 09:32:15,0.69,0.8313,124,0.67,0.8072,13,0.93,1.1204,3,0.68,0.8192,0,0
IWM190927C154,2019-09-26,2019-09-26 09:32:15,0.69,0.8313,252,0.67,0.8072,13,0.93,1.1204,3,0.68,0.8192,0,0
IWM190927C154,2019-09-26,2019-09-26 09:32:16,0.69,0.8313,68,0.67,0.8072,13,0.93,1.1204,3,0.68,0.8192,0,0
IWM190927C154,2019-09-26,2019-09-26 09:32:16,0.69,0.8313,225,0.67,0.8072,13,0.93,1.1204,3,0.68,0.8192,0,0
IWM190927C154,2019-09-26,2019-09-26 09:32:17,0.69,0.8313,39,0.68,0.8192,29,0.93,1.1204,3,0.685,0.8253,0,0
IWM190927C154,2019-09-26,2019-09-26 09:32:18,0.69,0.8313,39,0.67,0.8072,32,0.93,1.1204,3,0.68,0.8192,0,0
IWM190927C154,2019-09-26,2019-09-26 09:32:18,0.69,0.8313,55,0.67,0.8072,32,0.93,1.1204,3,0.68,0.8192,0,0
IWM190927C154,2019-09-26,2019-09-26 09:32:19,0.69,0.8313,35,0.67,0.8072,32,0.93,1.1204,3,0.68,0.8192,0,0
IWM190927C154,2019-09-26,2019-09-26 09:32:19,0.69,0.8313,56,0.67,0.8072,32,0.93,1.1204,3,0.68,0.8192,0,0
IWM190927C154,2019-09-26,2019-09-26 09:32:20,0.7,0.8433,110,0.68,0.8192,29,0.93,1.1204,3,0.69,0.8313,0,0
IWM190927C154,2019-09-26,2019-09-26 09:32:20,0.7,0.8433,100,0.68,0.8192,19,0.93,1.1204,3,0.69,0.8313,0,0
IWM190927C154,2019-09-26,2019-09-26 09:32:21,0.7,0.8433,140,0.68,0.8192,29,0.93,1.1204,3,0.69,0.8313,0,0
IWM190927C154,2019-09-26,2019-09-26 09:32:22,0.7,0.8433,140,0.68,0.8192,29,0.93,1.1204,3,0.69,0.8313,0,0
IWM190927C154,2019-09-26,2019-09-26 09:32:22,0.7,0.8433,152,0.68,0.8192,29,0.93,1.1204,3,0.69,0.8313,0,0
IWM190927C154,2019-09-26,2019-09-26 09:32:23,0.69,0.8313,119,0.66,0.7951,32,0.93,1.1204,3,0.675,0.8132,0,0
IWM190927C154,2019-09-26,2019-09-26 09:32:23,0.7,0.8433,445,0.67,0.8072,13,0.93,1.1204,3,0.685,0.8253,0,0
IWM190927C154,2019-09-26,2019-09-26 09:32:24,0.68,0.8192,39,0.66,0.7951,32,0.93,1.1204,3,0.67,0.8072,0,0
IWM190927C154,2019-09-26,2019-09-26 09:32:24,0.68,0.8192,112,0.66,0.7951,13,0.93,1.1204,3,0.67,0.8072,0,0
IWM190927C154,2019-09-26,2019-09-26 09:32:25,0.66,0.7951,13,0.64,0.771,19,0.93,1.1204,3,0.65,0.7831,0,0
IWM190927C154,2019-09-26,2019-09-26 09:32:25,0.66,0.7951,43,0.64,0.771,22,0.93,1.1204,3,0.65,0.7831,0,0
IWM190927C154,2019-09-26,2019-09-26 09:32:26,0.66,0.7951,77,0.64,0.771,22,0.93,1.1204,3,0.65,0.7831,0,0
IWM190927C154,2019-09-26,2019-09-26 09:32:26,0.66,0.7951,76,0.64,0.771,22,0.93,1.1204,3,0.65,0.7831,0,0
IWM190927C154,2019-09-26,2019-09-26 09:32:27,0.66,0.7951,187,0.63,0.759,33,0.93,1.1204,3,0.645,0.7771,0,0
IWM190927C154,2019-09-26,2019-09-26 09:32:27,0.66,0.7951,160,0.64,0.771,3,0.93,1.1204,3,0.65,0.7831,0,0
IWM190927C154,2019-09-26,2019-09-26 09:32:28,0.66,0.7951,156,0.63,0.759,37,0.93,1.1204,3,0.645,0.7771,0,0
IWM190927C154,2019-09-26,2019-09-26 09:32:28,0.66,0.7951,156,0.63,0.759,33,0.93,1.1204,3,0.645,0.7771,0,0
IWM190927C154,2019-09-26,2019-09-26 09:32:29,0.66,0.7951,150,0.63,0.759,37,0.93,1.1204,3,0.645,0.7771,0,0
IWM190927C154,2019-09-26,2019-09-26 09:32:29,0.66,0.7951,157,0.63,0.759,37,0.93,1.1204,3,0.645,0.7771,0,0
IWM190927C154,2019-09-26,2019-09-26 09:32:30,0.66,0.7951,227,0.63,0.759,37,0.93,1.1204,3,0.645,0.7771,0,0
IWM190927C154,2019-09-26,2019-09-26 09:32:31,0.66,0.7951,155,0.63,0.759,37,0.93,1.1204,3,0.645,0.7771,0,0
IWM190927C154,2019-09-26,2019-09-26 09:32:32,0.66,0.7951,283,0.63,0.759,37,0.93,1.1204,3,0.645,0.7771,0,0
IWM190927C154,2019-09-26,2019-09-26 09:32:32,0.66,0.7951,156,0.63,0.759,37,0.93,1.1204,3,0.645,0.7771,0,0
IWM190927C154,2019-09-26,2019-09-26 09:32:33,0.66,0.7951,142,0.63,0.759,141,0.93,1.1204,3,0.645,0.7771,0,0
IWM190927C154,2019-09-26,2019-09-26 09:32:33,0.66,0.7951,36,0.63,0.759,141,0.93,1.1204,3,0.645,0.7771,0,0
IWM190927C154,2019-09-26,2019-09-26 09:32:34,0.65,0.7831,25,0.64,0.771,12,0.93,1.1204,3,0.645,0.7771,0,0
IWM190927C154,2019-09-26,2019-09-26 09:32:34,0.65,0.7831,20,0.64,0.771,12,0.93,1.1204,3,0.645,0.7771,0,0
IWM190927C154,2019-09-26,2019-09-26 09:32:35,0.65,0.7831,47,0.64,0.771,12,0.93,1.1204,3,0.645,0.7771,0,0
IWM190927C154,2019-09-26,2019-09-26 09:32:35,0.65,0.7831,37,0.64,0.771,12,0.93,1.1204,3,0.645,0.7771,0,0
IWM190927C154,2019-09-26,2019-09-26 09:32:36,0.66,0.7951,164,0.64,0.771,29,0.93,1.1204,3,0.65,0.7831,0,0
IWM190927C154,2019-09-26,2019-09-26 09:32:36,0.66,0.7951,173,0.64,0.771,29,0.93,1.1204,3,0.65,0.7831,0,0
IWM190927C154,2019-09-26,2019-09-26 09:32:37,0.67,0.8072,132,0.65,0.7831,29,0.93,1.1204,3,0.66,0.7951,0,0
IWM190927C154,2019-09-26,2019-09-26 09:32:37,0.67,0.8072,132,0.65,0.7831,19,0.93,1.1204,3,0.66,0.7951,0,0
IWM190927C154,2019-09-26,2019-09-26 09:32:38,0.69,0.8313,137,0.66,0.7951,29,0.93,1.1204,3,0.675,0.8132,0,0
IWM190927C154,2019-09-26,2019-09-26 09:32:38,0.68,0.8192,45,0.67,0.8072,10,0.93,1.1204,3,0.675,0.8132,0,0
IWM190927C154,2019-09-26,2019-09-26 09:32:39,0.69,0.8313,212,0.66,0.7951,29,0.93,1.1204,3,0.675,0.8132,0,0
IWM190927C154,2019-09-26,2019-09-26 09:32:39,0.69,0.8313,237,0.67,0.8072,29,0.93,1.1204,3,0.68,0.8192,0,0
IWM190927C154,2019-09-26,2019-09-26 09:32:40,0.67,0.8072,31,0.65,0.7831,29,0.93,1.1204,3,0.66,0.7951,0,0
IWM190927C154,2019-09-26,2019-09-26 09:32:40,0.69,0.8313,239,0.66,0.7951,29,0.93,1.1204,3,0.675,0.8132,0,0
IWM190927C154,2019-09-26,2019-09-26 09:32:41,0.68,0.8192,38,0.67,0.8072,10,0.93,1.1204,3,0.675,0.8132,0,0
IWM190927C154,2019-09-26,2019-09-26 09:32:41,0.68,0.8192,163,0.65,0.7831,29,0.93,1.1204,3,0.665,0.8012,0,0
IWM190927C154,2019-09-26,2019-09-26 09:32:42,0.68,0.8192,34,0.67,0.8072,10,0.93,1.1204,3,0.675,0.8132,0,0
IWM190927C154,2019-09-26,2019-09-26 09:32:42,0.68,0.8192,49,0.67,0.8072,10,0.93,1.1204,3,0.675,0.8132,0,0
IWM190927C154,2019-09-26,2019-09-26 09:32:43,0.7,0.8433,167,0.68,0.8192,29,0.93,1.1204,3,0.69,0.8313,0,0
IWM190927C154,2019-09-26,2019-09-26 09:32:43,0.69,0.8313,150,0.67,0.8072,29,0.93,1.1204,3,0.68,0.8192,0,0
IWM190927C154,2019-09-26,2019-09-26 09:32:44,0.7,0.8433,193,0.68,0.8192,19,0.93,1.1204,3,0.69,0.8313,0,0
IWM190927C154,2019-09-26,2019-09-26 09:32:44,0.7,0.8433,203,0.68,0.8192,22,0.93,1.1204,3,0.69,0.8313,0,0
IWM190927C154,2019-09-26,2019-09-26 09:32:45,0.7,0.8433,179,0.68,0.8192,22,0.93,1.1204,3,0.69,0.8313,0,0
IWM190927C154,2019-09-26,2019-09-26 09:32:46,0.69,0.8313,5,0.67,0.8072,22,0.93,1.1204,3,0.68,0.8192,0,0
IWM190927C154,2019-09-26,2019-09-26 09:32:46,0.7,0.8433,135,0.68,0.8192,19,0.93,1.1204,3,0.69,0.8313,0,0
IWM190927C154,2019-09-26,2019-09-26 09:32:47,0.69,0.8313,5,0.67,0.8072,31,0.93,1.1204,3,0.68,0.8192,0,0
IWM190927C154,2019-09-26,2019-09-26 09:32:48,0.7,0.8433,154,0.68,0.8192,19,0.93,1.1204,3,0.69,0.8313,0,0
IWM190927C154,2019-09-26,2019-09-26 09:32:49,0.7,0.8433,142,0.68,0.8192,22,0.93,1.1204,3,0.69,0.8313,0,0
IWM190927C154,2019-09-26,2019-09-26 09:32:49,0.7,0.8433,155,0.68,0.8192,22,0.93,1.1204,3,0.69,0.8313,0,0
IWM190927C154,2019-09-26,2019-09-26 09:32:50,0.7,0.8433,155,0.68,0.8192,22,0.93,1.1204,3,0.69,0.8313,0,0
IWM190927C154,2019-09-26,2019-09-26 09:32:50,0.7,0.8433,129,0.68,0.8192,28,0.93,1.1204,3,0.69,0.8313,0,0
IWM190927C154,2019-09-26,2019-09-26 09:32:51,0.7,0.8433,128,0.67,0.8072,49,0.93,1.1204,3,0.685,0.8253,0,0
IWM190927C154,2019-09-26,2019-09-26 09:32:51,0.7,0.8433,128,0.68,0.8192,28,0.93,1.1204,3,0.69,0.8313,0,0
IWM190927C154,2019-09-26,2019-09-26 09:32:52,0.7,0.8433,129,0.68,0.8192,32,0.93,1.1204,3,0.69,0.8313,0,0
IWM190927C154,2019-09-26,2019-09-26 09:32:53,0.71,0.8554,171,0.68,0.8192,32,0.93,1.1204,3,0.695,0.8373,0,0
IWM190927C154,2019-09-26,2019-09-26 09:32:53,0.71,0.8554,118,0.68,0.8192,32,0.93,1.1204,3,0.695,0.8373,0,0
IWM190927C154,2019-09-26,2019-09-26 09:32:54,0.71,0.8554,174,0.68,0.8192,31,0.93,1.1204,3,0.695,0.8373,0,0
IWM190927C154,2019-09-26,2019-09-26 09:32:54,0.71,0.8554,159,0.68,0.8192,59,0.93,1.1204,3,0.695,0.8373,0,0
IWM190927C154,2019-09-26,2019-09-26 09:32:55,0.71,0.8554,168,0.68,0.8192,59,0.93,1.1204,3,0.695,0.8373,0,0
IWM190927C154,2019-09-26,2019-09-26 09:32:55,0.7,0.8433,35,0.68,0.8192,28,0.93,1.1204,3,0.69,0.8313,0,0
IWM190927C154,2019-09-26,2019-09-26 09:32:56,0.7,0.8433,49,0.68,0.8192,28,0.93,1.1204,3,0.69,0.8313,0,0
IWM190927C154,2019-09-26,2019-09-26 09:32:56,0.7,0.8433,27,0.68,0.8192,28,0.93,1.1204,3,0.69,0.8313,0,0
IWM190927C154,2019-09-26,2019-09-26 09:32:57,0.69,0.8313,18,0.67,0.8072,32,0.93,1.1204,3,0.68,0.8192,0,0
IWM190927C154,2019-09-26,2019-09-26 09:32:57,0.69,0.8313,11,0.68,0.8192,19,0.93,1.1204,3,0.685,0.8253,0,0
IWM190927C154,2019-09-26,2019-09-26 09:32:58,0.69,0.8313,18,0.67,0.8072,47,0.93,1.1204,3,0.68,0.8192,0,0
IWM190927C154,2019-09-26,2019-09-26 09:32:58,0.69,0.8313,44,0.67,0.8072,35,0.93,1.1204,3,0.68,0.8192,0,0
IWM190927C154,2019-09-26,2019-09-26 09:32:59,0.69,0.8313,93,0.67,0.8072,25,0.93,1.1204,3,0.68,0.8192,0,0
IWM190927C154,2019-09-26,2019-09-26 09:32:59,0.69,0.8313,18,0.67,0.8072,38,0.93,1.1204,3,0.68,0.8192,0,0
IWM190927C154,2019-09-26,2019-09-26 09:33:00,0.69,0.8313,39,0.67,0.8072,25,0.93,1.1204,3,0.68,0.8192,0,0
IWM190927C154,2019-09-26,2019-09-26 09:33:01,0.7,0.8433,54,0.68,0.8192,23,0.93,1.1204,3,0.69,0.8313,0,0
IWM190927C154,2019-09-26,2019-09-26 09:33:01,0.7,0.8433,44,0.68,0.8192,23,0.93,1.1204,3,0.69,0.8313,0,0
IWM190927C154,2019-09-26,2019-09-26 09:33:02,0.7,0.8433,40,0.67,0.8072,91,0.93,1.1204,3,0.685,0.8253,0,0
IWM190927C154,2019-09-26,2019-09-26 09:33:02,0.7,0.8433,223,0.67,0.8072,31,0.93,1.1204,3,0.685,0.8253,0,0
IWM190927C154,2019-09-26,2019-09-26 09:33:03,0.7,0.8433,40,0.68,0.8192,19,0.93,1.1204,3,0.69,0.8313,0,0
IWM190927C154,2019-09-26,2019-09-26 09:33:03,0.7,0.8433,50,0.68,0.8192,19,0.93,1.1204,3,0.69,0.8313,0,0
IWM190927C154,2019-09-26,2019-09-26 09:33:04,0.7,0.8433,50,0.67,0.8072,28,0.93,1.1204,3,0.685,0.8253,0,0
IWM190927C154,2019-09-26,2019-09-26 09:33:04,0.7,0.8433,50,0.68,0.8192,22,0.93,1.1204,3,0.69,0.8313,0,0
IWM190927C154,2019-09-26,2019-09-26 09:33:05,0.7,0.8433,244,0.67,0.8072,28,0.93,1.1204,3,0.685,0.8253,0,0
IWM190927C154,2019-09-26,2019-09-26 09:33:06,0.69,0.8313,111,0.66,0.7951,39,0.93,1.1204,3,0.675,0.8132,0,0
IWM190927C154,2019-09-26,2019-09-26 09:33:06,0.69,0.8313,23,0.67,0.8072,28,0.93,1.1204,3,0.68,0.8192,0,0
IWM190927C154,2019-09-26,2019-09-26 09:33:07,0.7,0.8433,97,0.67,0.8072,28,0.93,1.1204,3,0.685,0.8253,0,0
IWM190927C154,2019-09-26,2019-09-26 09:33:07,0.69,0.8313,118,0.66,0.7951,39,0.93,1.1204,3,0.675,0.8132,0,0
IWM190927C154,2019-09-26,2019-09-26 09:33:08,0.71,0.8554,21,0.69,0.8313,28,0.93,1.1204,3,0.7,0.8433,0,0
IWM190927C154,2019-09-26,2019-09-26 09:33:08,0.7,0.8433,22,0.68,0.8192,28,0.93,1.1204,3,0.69,0.8313,0,0
IWM190927C154,2019-09-26,2019-09-26 09:33:09,0.71,0.8554,21,0.69,0.8313,32,0.93,1.1204,3,0.7,0.8433,0,0
IWM190927C154,2019-09-26,2019-09-26 09:33:09,0.71,0.8554,21,0.69,0.8313,31,0.93,1.1204,3,0.7,0.8433,0,0
IWM190927C154,2019-09-26,2019-09-26 09:33:10,0.71,0.8554,21,0.7,0.8433,22,0.93,1.1204,3,0.705,0.8493,0,0
IWM190927C154,2019-09-26,2019-09-26 09:33:10,0.72,0.8674,93,0.69,0.8313,28,0.93,1.1204,3,0.705,0.8493,0,0
IWM190927C154,2019-09-26,2019-09-26 09:33:11,0.72,0.8674,26,0.69,0.8313,28,0.93,1.1204,3,0.705,0.8493,0,0
IWM190927C154,2019-09-26,2019-09-26 09:33:11,0.72,0.8674,24,0.69,0.8313,28,0.93,1.1204,3,0.705,0.8493,0,0
IWM190927C154,2019-09-26,2019-09-26 09:33:12,0.72,0.8674,14,0.69,0.8313,107,0.93,1.1204,3,0.705,0.8493,0,0
IWM190927C154,2019-09-26,2019-09-26 09:33:12,0.72,0.8674,14,0.7,0.8433,22,0.93,1.1204,3,0.71,0.8554,0,0
IWM190927C154,2019-09-26,2019-09-26 09:33:13,0.72,0.8674,14,0.7,0.8433,1,0.93,1.1204,3,0.71,0.8554,0,0
IWM190927C154,2019-09-26,2019-09-26 09:33:13,0.72,0.8674,14,0.7,0.8433,20,0.93,1.1204,3,0.71,0.8554,0,0
IWM190927C154,2019-09-26,2019-09-26 09:33:14,0.72,0.8674,94,0.69,0.8313,27,0.93,1.1204,3,0.705,0.8493,0,0
IWM190927C154,2019-09-26,2019-09-26 09:33:14,0.72,0.8674,14,0.69,0.8313,27,0.93,1.1204,3,0.705,0.8493,0,0
IWM190927C154,2019-09-26,2019-09-26 09:33:15,0.72,0.8674,97,0.69,0.8313,36,0.93,1.1204,3,0.705,0.8493,0,0
IWM190927C154,2019-09-26,2019-09-26 09:33:15,0.72,0.8674,93,0.69,0.8313,36,0.93,1.1204,3,0.705,0.8493,0,0
IWM190927C154,2019-09-26,2019-09-26 09:33:16,0.72,0.8674,93,0.69,0.8313,36,0.93,1.1204,3,0.705,0.8493,0,0
IWM190927C154,2019-09-26,2019-09-26 09:33:17,0.72,0.8674,94,0.69,0.8313,36,0.93,1.1204,3,0.705,0.8493,0,0
IWM190927C154,2019-09-26,2019-09-26 09:33:17,0.72,0.8674,10,0.69,0.8313,36,0.93,1.1204,3,0.705,0.8493,0,0
IWM190927C154,2019-09-26,2019-09-26 09:33:18,0.72,0.8674,188,0.69,0.8313,31,0.93,1.1204,3,0.705,0.8493,0,0
IWM190927C154,2019-09-26,2019-09-26 09:33:18,0.72,0.8674,191,0.69,0.8313,36,0.93,1.1204,3,0.705,0.8493,0,0
IWM190927C154,2019-09-26,2019-09-26 09:33:19,0.7,0.8433,3,0.69,0.8313,24,0.93,1.1204,3,0.695,0.8373,0,0
IWM190927C154,2019-09-26,2019-09-26 09:33:19,0.7,0.8433,3,0.69,0.8313,19,0.93,1.1204,3,0.695,0.8373,0,0
IWM190927C154,2019-09-26,2019-09-26 09:33:20,0.7,0.8433,3,0.69,0.8313,24,0.93,1.1204,3,0.695,0.8373,0,0
IWM190927C154,2019-09-26,2019-09-26 09:33:21,0.7,0.8433,5,0.68,0.8192,31,0.93,1.1204,3,0.69,0.8313,0,0
IWM190927C154,2019-09-26,2019-09-26 09:33:21,0.7,0.8433,5,0.69,0.8313,24,0.93,1.1204,3,0.695,0.8373,0,0
IWM190927C154,2019-09-26,2019-09-26 09:33:22,0.7,0.8433,20,0.68,0.8192,31,0.93,1.1204,3,0.69,0.8313,0,0
IWM190927C154,2019-09-26,2019-09-26 09:33:22,0.7,0.8433,5,0.68,0.8192,31,0.93,1.1204,3,0.69,0.8313,0,0
IWM190927C154,2019-09-26,2019-09-26 09:33:23,0.7,0.8433,229,0.68,0.8192,19,0.93,1.1204,3,0.69,0.8313,0,0
IWM190927C154,2019-09-26,2019-09-26 09:33:23,0.7,0.8433,166,0.68,0.8192,19,0.93,1.1204,3,0.69,0.8313,0,0
IWM190927C154,2019-09-26,2019-09-26 09:33:24,0.69,0.8313,108,0.67,0.8072,32,0.93,1.1204,3,0.68,0.8192,0,0
IWM190927C154,2019-09-26,2019-09-26 09:33:24,0.7,0.8433,229,0.68,0.8192,19,0.93,1.1204,3,0.69,0.8313,0,0
IWM190927C154,2019-09-26,2019-09-26 09:33:25,0.69,0.8313,203,0.67,0.8072,32,0.93,1.1204,3,0.68,0.8192,0,0
IWM190927C154,2019-09-26,2019-09-26 09:33:25,0.69,0.8313,108,0.67,0.8072,32,0.93,1.1204,3,0.68,0.8192,0,0
IWM190927C154,2019-09-26,2019-09-26 09:33:26,0.69,0.8313,18,0.67,0.8072,37,0.93,1.1204,3,0.68,0.8192,0,0
IWM190927C154,2019-09-26,2019-09-26 09:33:26,0.69,0.8313,244,0.67,0.8072,7,0.93,1.1204,3,0.68,0.8192,0,0
IWM190927C154,2019-09-26,2019-09-26 09:33:27,0.69,0.8313,14,0.67,0.8072,26,0.93,1.1204,3,0.68,0.8192,0,0
IWM190927C154,2019-09-26,2019-09-26 09:33:28,0.69,0.8313,14,0.67,0.8072,26,0.93,1.1204,3,0.68,0.8192,0,0
IWM190927C154,2019-09-26,2019-09-26 09:33:28,0.69,0.8313,185,0.67,0.8072,26,0.93,1.1204,3,0.68,0.8192,0,0
IWM190927C154,2019-09-26,2019-09-26 09:33:29,0.68,0.8192,39,0.66,0.7951,31,0.93,1.1204,3,0.67,0.8072,0,0
IWM190927C154,2019-09-26,2019-09-26 09:33:30,0.68,0.8192,39,0.67,0.8072,4,0.93,1.1204,3,0.675,0.8132,0,0
IWM190927C154,2019-09-26,2019-09-26 09:33:30,0.68,0.8192,39,0.66,0.7951,31,0.93,1.1204,3,0.67,0.8072,0,0
IWM190927C154,2019-09-26,2019-09-26 09:33:31,0.68,0.8192,95,0.66,0.7951,31,0.93,1.1204,3,0.67,0.8072,0,0
IWM190927C154,2019-09-26,2019-09-26 09:33:31,0.68,0.8192,39,0.66,0.7951,31,0.93,1.1204,3,0.67,0.8072,0,0
IWM190927C154,2019-09-26,2019-09-26 09:33:32,0.68,0.8192,95,0.66,0.7951,31,0.93,1.1204,3,0.67,0.8072,0,0
IWM190927C154,2019-09-26,2019-09-26 09:33:33,0.67,0.8072,1,0.65,0.7831,32,0.93,1.1204,3,0.66,0.7951,0,0
IWM190927C154,2019-09-26,2019-09-26 09:33:34,0.67,0.8072,1,0.65,0.7831,33,0.93,1.1204,3,0.66,0.7951,0,0
IWM190927C154,2019-09-26,2019-09-26 09:33:34,0.68,0.8192,97,0.65,0.7831,44,0.93,1.1204,3,0.665,0.8012,0,0
IWM190927C154,2019-09-26,2019-09-26 09:33:35,0.68,0.8192,97,0.65,0.7831,36,0.93,1.1204,3,0.665,0.8012,0,0
IWM190927C154,2019-09-26,2019-09-26 09:33:35,0.68,0.8192,97,0.65,0.7831,49,0.93,1.1204,3,0.665,0.8012,0,0
IWM190927C154,2019-09-26,2019-09-26 09:33:36,0.68,0.8192,97,0.65,0.7831,36,0.93,1.1204,3,0.665,0.8012,0,0
IWM190927C154,2019-09-26,2019-09-26 09:33:36,0.68,0.8192,97,0.65,0.7831,35,0.93,1.1204,3,0.665,0.8012,0,0
IWM190927C154,2019-09-26,2019-09-26 09:33:37,0.67,0.8072,163,0.65,0.7831,20,0.93,1.1204,3,0.66,0.7951,0,0
IWM190927C154,2019-09-26,2019-09-26 09:33:37,0.67,0.8072,163,0.64,0.771,35,0.93,1.1204,3,0.655,0.7891,0,0
IWM190927C154,2019-09-26,2019-09-26 09:33:38,0.67,0.8072,212,0.64,0.771,35,0.93,1.1204,3,0.655,0.7891,0,0
IWM190927C154,2019-09-26,2019-09-26 09:33:39,0.66,0.7951,113,0.64,0.771,20,0.93,1.1204,3,0.65,0.7831,0,0
IWM190927C154,2019-09-26,2019-09-26 09:33:39,0.67,0.8072,352,0.64,0.771,35,0.93,1.1204,3,0.655,0.7891,0,0
IWM190927C154,2019-09-26,2019-09-26 09:33:40,0.66,0.7951,41,0.64,0.771,30,0.93,1.1204,3,0.65,0.7831,0,0
IWM190927C154,2019-09-26,2019-09-26 09:33:40,0.66,0.7951,44,0.64,0.771,30,0.93,1.1204,3,0.65,0.7831,0,0
IWM190927C154,2019-09-26,2019-09-26 09:33:41,0.66,0.7951,41,0.64,0.771,26,0.93,1.1204,3,0.65,0.7831,0,0
IWM190927C154,2019-09-26,2019-09-26 09:33:41,0.66,0.7951,148,0.64,0.771,20,0.93,1.1204,3,0.65,0.7831,0,0
IWM190927C154,2019-09-26,2019-09-26 09:33:42,0.66,0.7951,181,0.63,0.759,297,0.93,1.1204,3,0.645,0.7771,0,0
IWM190927C154,2019-09-26,2019-09-26 09:33:42,0.66,0.7951,181,0.64,0.771,20,0.93,1.1204,3,0.65,0.7831,0,0
IWM190927C154,2019-09-26,2019-09-26 09:33:43,0.66,0.7951,142,0.63,0.759,291,0.93,1.1204,3,0.645,0.7771,0,0
IWM190927C154,2019-09-26,2019-09-26 09:33:43,0.65,0.7831,3,0.64,0.771,15,0.93,1.1204,3,0.645,0.7771,0,0
IWM190927C154,2019-09-26,2019-09-26 09:33:44,0.65,0.7831,3,0.64,0.771,34,0.93,1.1204,3,0.645,0.7771,0,0
IWM190927C154,2019-09-26,2019-09-26 09:33:45,0.65,0.7831,3,0.64,0.771,13,0.93,1.1204,3,0.645,0.7771,0,0
IWM190927C154,2019-09-26,2019-09-26 09:33:46,0.65,0.7831,3,0.64,0.771,22,0.93,1.1204,3,0.645,0.7771,0,0
IWM190927C154,2019-09-26,2019-09-26 09:33:46,0.65,0.7831,3,0.63,0.759,50,0.93,1.1204,3,0.64,0.771,0,0
IWM190927C154,2019-09-26,2019-09-26 09:33:47,0.65,0.7831,3,0.63,0.759,403,0.93,1.1204,3,0.64,0.771,0,0
IWM190927C154,2019-09-26,2019-09-26 09:33:48,0.65,0.7831,3,0.63,0.759,376,0.93,1.1204,3,0.64,0.771,0,0
IWM190927C154,2019-09-26,2019-09-26 09:33:48,0.65,0.7831,3,0.64,0.771,29,0.93,1.1204,3,0.645,0.7771,0,0
IWM190927C154,2019-09-26,2019-09-26 09:33:49,0.65,0.7831,3,0.64,0.771,29,0.93,1.1204,3,0.645,0.7771,0,0
IWM190927C154,2019-09-26,2019-09-26 09:33:49,0.65,0.7831,3,0.63,0.759,54,0.93,1.1204,3,0.64,0.771,0,0
IWM190927C154,2019-09-26,2019-09-26 09:33:50,0.65,0.7831,3,0.64,0.771,10,0.93,1.1204,3,0.645,0.7771,0,0
IWM190927C154,2019-09-26,2019-09-26 09:33:51,0.65,0.7831,42,0.64,0.771,1,0.64,0.771,3,0.645,0.7771,3,3
IWM190927C154,2019-09-26,2019-09-26 09:33:51,0.65,0.7831,3,0.64,0.771,10,0.93,1.1204,3,0.645,0.7771,0,0
IWM190927C154,2019-09-26,2019-09-26 09:33:52,0.65,0.7831,42,0.63,0.759,70,0.64,0.771,3,0.64,0.771,3,0
IWM190927C154,2019-09-26,2019-09-26 09:33:52,0.65,0.7831,274,0.62,0.7469,32,0.64,0.771,3,0.635,0.765,3,0
IWM190927C154,2019-09-26,2019-09-26 09:33:53,0.64,0.771,36,0.62,0.7469,36,0.64,0.771,3,0.63,0.759,3,0
IWM190927C154,2019-09-26,2019-09-26 09:33:53,0.64,0.771,18,0.62,0.7469,36,0.64,0.771,3,0.63,0.759,3,0
IWM190927C154,2019-09-26,2019-09-26 09:33:54,0.65,0.7831,257,0.63,0.759,20,0.64,0.771,3,0.64,0.771,3,0
IWM190927C154,2019-09-26,2019-09-26 09:33:54,0.64,0.771,18,0.63,0.759,10,0.64,0.771,3,0.635,0.765,3,0
IWM190927C154,2019-09-26,2019-09-26 09:33:55,0.65,0.7831,259,0.63,0.759,20,0.64,0.771,3,0.64,0.771,3,0
IWM190927C154,2019-09-26,2019-09-26 09:33:56,0.65,0.7831,339,0.63,0.759,10,0.64,0.771,3,0.64,0.771,3,0
IWM190927C154,2019-09-26,2019-09-26 09:33:56,0.65,0.7831,303,0.62,0.7469,92,0.64,0.771,3,0.635,0.765,3,0
IWM190927C154,2019-09-26,2019-09-26 09:33:57,0.65,0.7831,303,0.62,0.7469,44,0.64,0.771,3,0.635,0.765,3,0
IWM190927C154,2019-09-26,2019-09-26 09:33:58,0.65,0.7831,303,0.62,0.7469,44,0.64,0.771,3,0.635,0.765,3,0
IWM190927C154,2019-09-26,2019-09-26 09:33:58,0.64,0.771,86,0.62,0.7469,20,0.64,0.771,3,0.63,0.759,3,0
IWM190927C154,2019-09-26,2019-09-26 09:33:59,0.64,0.771,29,0.63,0.759,10,0.64,0.771,3,0.635,0.765,3,0
IWM190927C154,2019-09-26,2019-09-26 09:33:59,0.64,0.771,14,0.62,0.7469,62,0.64,0.771,3,0.63,0.759,3,0
IWM190927C154,2019-09-26,2019-09-26 09:34:00,0.65,0.7831,11,0.63,0.759,29,0.64,0.771,3,0.64,0.771,3,0
IWM190927C154,2019-09-26,2019-09-26 09:34:00,0.65,0.7831,64,0.63,0.759,10,0.64,0.771,3,0.64,0.771,3,0
IWM190927C154,2019-09-26,2019-09-26 09:34:01,0.66,0.7951,315,0.63,0.759,50,0.64,0.771,3,0.645,0.7771,3,0
IWM190927C154,2019-09-26,2019-09-26 09:34:01,0.66,0.7951,80,0.65,0.7831,10,0.64,0.771,3,0.655,0.7891,3,0
IWM190927C154,2019-09-26,2019-09-26 09:34:02,0.66,0.7951,70,0.64,0.771,37,0.64,0.771,3,0.65,0.7831,3,0
IWM190927C154,2019-09-26,2019-09-26 09:34:02,0.66,0.7951,70,0.65,0.7831,10,0.64,0.771,3,0.655,0.7891,3,0
IWM190927C154,2019-09-26,2019-09-26 09:34:03,0.66,0.7951,70,0.64,0.771,37,0.64,0.771,3,0.65,0.7831,3,0
IWM190927C154,2019-09-26,2019-09-26 09:34:03,0.66,0.7951,256,0.63,0.759,7,0.64,0.771,3,0.645,0.7771,3,0
IWM190927C154,2019-09-26,2019-09-26 09:34:04,0.64,0.771,40,0.62,0.7469,13,0.64,0.771,3,0.63,0.759,3,0
IWM190927C154,2019-09-26,2019-09-26 09:34:04,0.63,0.759,4,0.62,0.7469,13,0.64,0.771,3,0.625,0.753,3,0
IWM190927C154,2019-09-26,2019-09-26 09:34:05,0.63,0.759,4,0.61,0.7349,35,0.64,0.771,3,0.62,0.7469,3,0
IWM190927C154,2019-09-26,2019-09-26 09:34:05,0.63,0.759,4,0.61,0.7349,46,0.64,0.771,3,0.62,0.7469,3,0
IWM190927C154,2019-09-26,2019-09-26 09:34:06,0.63,0.759,19,0.61,0.7349,37,0.64,0.771,3,0.62,0.7469,3,0
IWM190927C154,2019-09-26,2019-09-26 09:34:06,0.63,0.759,10,0.61,0.7349,35,0.64,0.771,3,0.62,0.7469,3,0
IWM190927C154,2019-09-26,2019-09-26 09:34:07,0.63,0.759,268,0.6,0.7228,60,0.64,0.771,3,0.615,0.7409,3,0
IWM190927C154,2019-09-26,2019-09-26 09:34:07,0.63,0.759,122,0.6,0.7228,65,0.64,0.771,3,0.615,0.7409,3,0
IWM190927C154,2019-09-26,2019-09-26 09:34:08,0.63,0.759,268,0.61,0.7349,37,0.64,0.771,3,0.62,0.7469,3,0
IWM190927C154,2019-09-26,2019-09-26 09:34:08,0.64,0.771,144,0.62,0.7469,13,0.64,0.771,3,0.63,0.759,3,0
IWM190927C154,2019-09-26,2019-09-26 09:34:09,0.64,0.771,83,0.62,0.7469,13,0.64,0.771,3,0.63,0.759,3,0
IWM190927C154,2019-09-26,2019-09-26 09:34:10,0.64,0.771,29,0.62,0.7469,13,0.64,0.771,3,0.63,0.759,3,0
IWM190927C154,2019-09-26,2019-09-26 09:34:10,0.64,0.771,52,0.62,0.7469,20,0.64,0.771,3,0.63,0.759,3,0
IWM190927C154,2019-09-26,2019-09-26 09:34:11,0.64,0.771,114,0.62,0.7469,20,0.64,0.771,3,0.63,0.759,3,0
IWM190927C154,2019-09-26,2019-09-26 09:34:11,0.64,0.771,24,0.62,0.7469,30,0.64,0.771,3,0.63,0.759,3,0
IWM190927C154,2019-09-26,2019-09-26 09:34:12,0.66,0.7951,173,0.64,0.771,11,0.64,0.771,3,0.65,0.7831,3,0
IWM190927C154,2019-09-26,2019-09-26 09:34:13,0.66,0.7951,209,0.64,0.771,11,0.64,0.771,3,0.65,0.7831,3,0
IWM190927C154,2019-09-26,2019-09-26 09:34:13,0.66,0.7951,31,0.64,0.771,30,0.64,0.771,3,0.65,0.7831,3,0
IWM190927C154,2019-09-26,2019-09-26 09:34:14,0.66,0.7951,69,0.64,0.771,13,0.64,0.771,3,0.65,0.7831,3,0
IWM190927C154,2019-09-26,2019-09-26 09:34:14,0.66,0.7951,103,0.64,0.771,13,0.64,0.771,3,0.65,0.7831,3,0
IWM190927C154,2019-09-26,2019-09-26 09:34:15,0.66,0.7951,126,0.63,0.759,54,0.64,0.771,3,0.645,0.7771,3,0
IWM190927C154,2019-09-26,2019-09-26 09:34:15,0.66,0.7951,112,0.64,0.771,13,0.64,0.771,3,0.65,0.7831,3,0
IWM190927C154,2019-09-26,2019-09-26 09:34:16,0.66,0.7951,138,0.63,0.759,120,0.64,0.771,3,0.645,0.7771,3,0
IWM190927C154,2019-09-26,2019-09-26 09:34:16,0.66,0.7951,112,0.63,0.759,60,0.64,0.771,3,0.645,0.7771,3,0
IWM190927C154,2019-09-26,2019-09-26 09:34:17,0.67,0.8072,93,0.64,0.771,47,0.64,0.771,3,0.655,0.7891,3,0
IWM190927C154,2019-09-26,2019-09-26 09:34:17,0.66,0.7951,30,0.64,0.771,31,0.64,0.771,3,0.65,0.7831,3,0
IWM190927C154,2019-09-26,2019-09-26 09:34:18,0.67,0.8072,151,0.64,0.771,62,0.64,0.771,3,0.655,0.7891,3,0
IWM190927C154,2019-09-26,2019-09-26 09:34:18,0.67,0.8072,212,0.64,0.771,37,0.64,0.771,3,0.655,0.7891,3,0
IWM190927C154,2019-09-26,2019-09-26 09:34:19,0.67,0.8072,203,0.64,0.771,65,0.64,0.771,3,0.655,0.7891,3,0
IWM190927C154,2019-09-26,2019-09-26 09:34:19,0.67,0.8072,203,0.65,0.7831,15,0.64,0.771,3,0.66,0.7951,3,0
IWM190927C154,2019-09-26,2019-09-26 09:34:20,0.67,0.8072,194,0.65,0.7831,10,0.64,0.771,3,0.66,0.7951,3,0
IWM190927C154,2019-09-26,2019-09-26 09:34:20,0.67,0.8072,206,0.65,0.7831,11,0.64,0.771,3,0.66,0.7951,3,0
IWM190927C154,2019-09-26,2019-09-26 09:34:21,0.67,0.8072,206,0.65,0.7831,11,0.64,0.771,3,0.66,0.7951,3,0
IWM190927C154,2019-09-26,2019-09-26 09:34:22,0.67,0.8072,72,0.65,0.7831,43,0.64,0.771,3,0.66,0.7951,3,0
IWM190927C154,2019-09-26,2019-09-26 09:34:22,0.67,0.8072,12,0.65,0.7831,43,0.64,0.771,3,0.66,0.7951,3,0
IWM190927C154,2019-09-26,2019-09-26 09:34:23,0.68,0.8192,92,0.65,0.7831,37,0.64,0.771,3,0.665,0.8012,3,0
IWM190927C154,2019-09-26,2019-09-26 09:34:23,0.68,0.8192,63,0.65,0.7831,37,0.64,0.771,3,0.665,0.8012,3,0
IWM190927C154,2019-09-26,2019-09-26 09:34:24,0.68,0.8192,13,0.67,0.8072,7,0.64,0.771,3,0.675,0.8132,3,0
IWM190927C154,2019-09-26,2019-09-26 09:34:24,0.68,0.8192,96,0.65,0.7831,30,0.64,0.771,3,0.665,0.8012,3,0
IWM190927C154,2019-09-26,2019-09-26 09:34:25,0.69,0.8313,30,0.66,0.7951,34,0.64,0.771,3,0.675,0.8132,3,0
IWM190927C154,2019-09-26,2019-09-26 09:34:25,0.69,0.8313,41,0.67,0.8072,7,0.64,0.771,3,0.68,0.8192,3,0
IWM190927C154,2019-09-26,2019-09-26 09:34:26,0.69,0.8313,90,0.66,0.7951,33,0.64,0.771,3,0.675,0.8132,3,0
IWM190927C154,2019-09-26,2019-09-26 09:34:26,0.67,0.8072,3,0.65,0.7831,37,0.64,0.771,3,0.66,0.7951,3,0
IWM190927C154,2019-09-26,2019-09-26 09:34:27,0.67,0.8072,3,0.65,0.7831,37,0.64,0.771,3,0.66,0.7951,3,0
IWM190927C154,2019-09-26,2019-09-26 09:34:28,0.68,0.8192,38,0.65,0.7831,49,0.64,0.771,3,0.665,0.8012,3,0
IWM190927C154,2019-09-26,2019-09-26 09:34:28,0.68,0.8192,50,0.65,0.7831,44,0.64,0.771,3,0.665,0.8012,3,0
IWM190927C154,2019-09-26,2019-09-26 09:34:29,0.68,0.8192,38,0.65,0.7831,49,0.64,0.771,3,0.665,0.8012,3,0
IWM190927C154,2019-09-26,2019-09-26 09:34:30,0.66,0.7951,5,0.64,0.771,25,0.64,0.771,3,0.65,0.7831,3,0
IWM190927C154,2019-09-26,2019-09-26 09:34:30,0.67,0.8072,1,0.64,0.771,18,0.64,0.771,3,0.655,0.7891,3,0
IWM190927C154,2019-09-26,2019-09-26 09:34:31,0.66,0.7951,10,0.64,0.771,18,0.64,0.771,3,0.65,0.7831,3,0
IWM190927C154,2019-09-26,2019-09-26 09:34:32,0.66,0.7951,42,0.63,0.759,35,0.64,0.771,3,0.645,0.7771,3,0
IWM190927C154,2019-09-26,2019-09-26 09:34:32,0.66,0.7951,123,0.63,0.759,35,0.64,0.771,3,0.645,0.7771,3,0
IWM190927C154,2019-09-26,2019-09-26 09:34:33,0.66,0.7951,123,0.63,0.759,18,0.64,0.771,3,0.645,0.7771,3,0
IWM190927C154,2019-09-26,2019-09-26 09:34:33,0.66,0.7951,226,0.63,0.759,18,0.64,0.771,3,0.645,0.7771,3,0
IWM190927C154,2019-09-26,2019-09-26 09:34:34,0.66,0.7951,226,0.63,0.759,18,0.64,0.771,3,0.645,0.7771,3,0
IWM190927C154,2019-09-26,2019-09-26 09:34:34,0.65,0.7831,57,0.62,0.7469,112,0.64,0.771,3,0.635,0.765,3,0
IWM190927C154,2019-09-26,2019-09-26 09:34:35,0.65,0.7831,57,0.62,0.7469,112,0.64,0.771,3,0.635,0.765,3,0
IWM190927C154,2019-09-26,2019-09-26 09:34:36,0.65,0.7831,123,0.62,0.7469,42,0.64,0.771,3,0.635,0.765,3,0
IWM190927C154,2019-09-26,2019-09-26 09:34:37,0.64,0.771,23,0.62,0.7469,11,0.64,0.771,3,0.63,0.759,3,0
IWM190927C154,2019-09-26,2019-09-26 09:34:37,0.65,0.7831,126,0.61,0.7349,122,0.64,0.771,3,0.63,0.759,3,0
IWM190927C154,2019-09-26,2019-09-26 09:34:38,0.64,0.771,23,0.62,0.7469,11,0.64,0.771,3,0.63,0.759,3,0
IWM190927C154,2019-09-26,2019-09-26 09:34:39,0.65,0.7831,122,0.62,0.7469,105,0.64,0.771,3,0.635,0.765,3,0
IWM190927C154,2019-09-26,2019-09-26 09:34:39,0.65,0.7831,131,0.62,0.7469,30,0.64,0.771,3,0.635,0.765,3,0
IWM190927C154,2019-09-26,2019-09-26 09:34:40,0.65,0.7831,122,0.62,0.7469,121,0.64,0.771,3,0.635,0.765,3,0
IWM190927C154,2019-09-26,2019-09-26 09:34:40,0.65,0.7831,116,0.62,0.7469,121,0.64,0.771,3,0.635,0.765,3,0
IWM190927C154,2019-09-26,2019-09-26 09:34:41,0.65,0.7831,86,0.64,0.771,11,0.64,0.771,3,0.645,0.7771,3,0
IWM190927C154,2019-09-26,2019-09-26 09:34:41,0.65,0.7831,112,0.62,0.7469,158,0.64,0.771,3,0.635,0.765,3,0
IWM190927C154,2019-09-26,2019-09-26 09:34:42,0.63,0.759,10,0.62,0.7469,4,0.64,0.771,3,0.625,0.753,3,0
IWM190927C154,2019-09-26,2019-09-26 09:34:42,0.66,0.7951,152,0.62,0.7469,10,0.64,0.771,3,0.64,0.771,3,0
IWM190927C154,2019-09-26,2019-09-26 09:34:43,0.63,0.759,10,0.61,0.7349,48,0.64,0.771,3,0.62,0.7469,3,0
IWM190927C154,2019-09-26,2019-09-26 09:34:43,0.64,0.771,84,0.61,0.7349,125,0.64,0.771,3,0.625,0.753,3,0
IWM190927C154,2019-09-26,2019-09-26 09:34:44,0.63,0.759,10,0.61,0.7349,48,0.64,0.771,3,0.62,0.7469,3,0
IWM190927C154,2019-09-26,2019-09-26 09:34:45,0.63,0.759,10,0.61,0.7349,42,0.64,0.771,3,0.62,0.7469,3,0
IWM190927C154,2019-09-26,2019-09-26 09:34:46,0.63,0.759,10,0.61,0.7349,42,0.64,0.771,3,0.62,0.7469,3,0
IWM190927C154,2019-09-26,2019-09-26 09:34:47,0.65,0.7831,18,0.63,0.759,28,0.64,0.771,3,0.64,0.771,3,0
IWM190927C154,2019-09-26,2019-09-26 09:34:47,0.63,0.759,10,0.61,0.7349,42,0.64,0.771,3,0.62,0.7469,3,0
IWM190927C154,2019-09-26,2019-09-26 09:34:48,0.65,0.7831,18,0.63,0.759,31,0.64,0.771,3,0.64,0.771,3,0
IWM190927C154,2019-09-26,2019-09-26 09:34:49,0.66,0.7951,145,0.63,0.759,31,0.64,0.771,3,0.645,0.7771,3,0
IWM190927C154,2019-09-26,2019-09-26 09:34:49,0.65,0.7831,18,0.63,0.759,39,0.64,0.771,3,0.64,0.771,3,0
IWM190927C154,2019-09-26,2019-09-26 09:34:50,0.65,0.7831,16,0.62,0.7469,155,0.64,0.771,3,0.635,0.765,3,0
IWM190927C154,2019-09-26,2019-09-26 09:34:51,0.64,0.771,37,0.62,0.7469,31,0.64,0.771,3,0.63,0.759,3,0
IWM190927C154,2019-09-26,2019-09-26 09:34:52,0.64,0.771,62,0.61,0.7349,161,0.64,0.771,3,0.625,0.753,3,0
IWM190927C154,2019-09-26,2019-09-26 09:34:52,0.64,0.771,84,0.61,0.7349,161,0.64,0.771,3,0.625,0.753,3,0
IWM190927C154,2019-09-26,2019-09-26 09:34:53,0.64,0.771,154,0.61,0.7349,161,0.64,0.771,3,0.625,0.753,3,0
IWM190927C154,2019-09-26,2019-09-26 09:34:53,0.64,0.771,91,0.62,0.7469,23,0.64,0.771,3,0.63,0.759,3,0
IWM190927C154,2019-09-26,2019-09-26 09:34:54,0.64,0.771,83,0.62,0.7469,23,0.64,0.771,3,0.63,0.759,3,0
IWM190927C154,2019-09-26,2019-09-26 09:34:55,0.64,0.771,271,0.61,0.7349,42,0.64,0.771,3,0.625,0.753,3,0
IWM190927C154,2019-09-26,2019-09-26 09:34:55,0.64,0.771,83,0.62,0.7469,23,0.64,0.771,3,0.63,0.759,3,0
IWM190927C154,2019-09-26,2019-09-26 09:34:56,0.63,0.759,18,0.62,0.7469,14,0.64,0.771,3,0.625,0.753,3,0
IWM190927C154,2019-09-26,2019-09-26 09:34:56,0.63,0.759,23,0.61,0.7349,42,0.64,0.771,3,0.62,0.7469,3,0
IWM190927C154,2019-09-26,2019-09-26 09:34:57,0.63,0.759,10,0.62,0.7469,14,0.64,0.771,3,0.625,0.753,3,0
IWM190927C154,2019-09-26,2019-09-26 09:34:58,0.63,0.759,95,0.62,0.7469,14,0.64,0.771,3,0.625,0.753,3,0
IWM190927C154,2019-09-26,2019-09-26 09:34:59,0.63,0.759,190,0.6,0.7228,173,0.64,0.771,3,0.615,0.7409,3,0
IWM190927C154,2019-09-26,2019-09-26 09:34:59,0.63,0.759,86,0.6,0.7228,173,0.64,0.771,3,0.615,0.7409,3,0
IWM190927C154,2019-09-26,2019-09-26 09:35:00,0.62,0.7469,95,0.6,0.7228,114,0.64,0.771,3,0.61,0.7349,3,0
IWM190927C154,2019-09-26,2019-09-26 09:35:00,0.62,0.7469,62,0.59,0.7108,134,0.64,0.771,3,0.605,0.7289,3,0
IWM190927C154,2019-09-26,2019-09-26 09:35:01,0.64,0.771,161,0.61,0.7349,103,0.64,0.771,3,0.625,0.753,3,0
IWM190927C154,2019-09-26,2019-09-26 09:35:01,0.64,0.771,332,0.61,0.7349,103,0.64,0.771,3,0.625,0.753,3,0
IWM190927C154,2019-09-26,2019-09-26 09:35:02,0.64,0.771,243,0.61,0.7349,103,0.64,0.771,3,0.625,0.753,3,0
IWM190927C154,2019-09-26,2019-09-26 09:35:02,0.64,0.771,121,0.61,0.7349,109,0.64,0.771,3,0.625,0.753,3,0
IWM190927C154,2019-09-26,2019-09-26 09:35:03,0.64,0.771,20,0.62,0.7469,21,0.64,0.771,3,0.63,0.759,3,0
IWM190927C154,2019-09-26,2019-09-26 09:35:03,0.65,0.7831,150,0.63,0.759,35,0.64,0.771,3,0.64,0.771,3,0
IWM190927C154,2019-09-26,2019-09-26 09:35:04,0.65,0.7831,4,0.63,0.759,37,0.64,0.771,3,0.64,0.771,3,0
IWM190927C154,2019-09-26,2019-09-26 09:35:04,0.66,0.7951,191,0.64,0.771,15,0.64,0.771,3,0.65,0.7831,3,0
IWM190927C154,2019-09-26,2019-09-26 09:35:05,0.65,0.7831,25,0.63,0.759,62,0.64,0.771,3,0.64,0.771,3,0
IWM190927C154,2019-09-26,2019-09-26 09:35:05,0.65,0.7831,35,0.63,0.759,37,0.64,0.771,3,0.64,0.771,3,0
IWM190927C154,2019-09-26,2019-09-26 09:35:06,0.65,0.7831,17,0.63,0.759,128,0.64,0.771,3,0.64,0.771,3,0
IWM190927C154,2019-09-26,2019-09-26 09:35:06,0.66,0.7951,107,0.65,0.7831,11,0.64,0.771,3,0.655,0.7891,3,0
IWM190927C154,2019-09-26,2019-09-26 09:35:07,0.67,0.8072,162,0.64,0.771,19,0.64,0.771,3,0.655,0.7891,3,0
IWM190927C154,2019-09-26,2019-09-26 09:35:07,0.66,0.7951,181,0.63,0.759,30,0.64,0.771,3,0.645,0.7771,3,0
IWM190927C154,2019-09-26,2019-09-26 09:35:08,0.66,0.7951,162,0.63,0.759,37,0.64,0.771,3,0.645,0.7771,3,0
IWM190927C154,2019-09-26,2019-09-26 09:35:08,0.65,0.7831,38,0.63,0.759,37,0.64,0.771,3,0.64,0.771,3,0
IWM190927C154,2019-09-26,2019-09-26 09:35:09,0.65,0.7831,40,0.63,0.759,37,0.64,0.771,3,0.64,0.771,3,0
IWM190927C154,2019-09-26,2019-09-26 09:35:10,0.65,0.7831,42,0.62,0.7469,112,0.64,0.771,3,0.635,0.765,3,0
IWM190927C154,2019-09-26,2019-09-26 09:35:10,0.65,0.7831,178,0.62,0.7469,112,0.64,0.771,3,0.635,0.765,3,0
IWM190927C154,2019-09-26,2019-09-26 09:35:11,0.64,0.771,19,0.62,0.7469,112,0.64,0.771,3,0.63,0.759,3,0
IWM190927C154,2019-09-26,2019-09-26 09:35:11,0.65,0.7831,266,0.62,0.7469,112,0.64,0.771,3,0.635,0.765,3,0
IWM190927C154,2019-09-26,2019-09-26 09:35:12,0.64,0.771,10,0.62,0.7469,112,0.64,0.771,3,0.63,0.759,3,0
IWM190927C154,2019-09-26,2019-09-26 09:35:13,0.65,0.7831,154,0.62,0.7469,112,0.64,0.771,3,0.635,0.765,3,0
IWM190927C154,2019-09-26,2019-09-26 09:35:13,0.65,0.7831,81,0.62,0.7469,112,0.64,0.771,3,0.635,0.765,3,0
IWM190927C154,2019-09-26,2019-09-26 09:35:14,0.65,0.7831,131,0.62,0.7469,153,0.64,0.771,3,0.635,0.765,3,0
IWM190927C154,2019-09-26,2019-09-26 09:35:14,0.65,0.7831,122,0.62,0.7469,153,0.64,0.771,3,0.635,0.765,3,0
IWM190927C154,2019-09-26,2019-09-26 09:35:15,0.65,0.7831,131,0.62,0.7469,153,0.64,0.771,3,0.635,0.765,3,0
IWM190927C154,2019-09-26,2019-09-26 09:35:15,0.66,0.7951,150,0.63,0.759,109,0.64,0.771,3,0.645,0.7771,3,0
IWM190927C154,2019-09-26,2019-09-26 09:35:16,0.66,0.7951,195,0.64,0.771,15,0.64,0.771,3,0.65,0.7831,3,0
IWM190927C154,2019-09-26,2019-09-26 09:35:16,0.65,0.7831,49,0.63,0.759,22,0.64,0.771,3,0.64,0.771,3,0
IWM190927C154,2019-09-26,2019-09-26 09:35:17,0.65,0.7831,29,0.63,0.759,22,0.64,0.771,3,0.64,0.771,3,0
IWM190927C154,2019-09-26,2019-09-26 09:35:18,0.65,0.7831,29,0.63,0.759,22,0.64,0.771,3,0.64,0.771,3,0
IWM190927C154,2019-09-26,2019-09-26 09:35:18,0.65,0.7831,29,0.63,0.759,123,0.64,0.771,3,0.64,0.771,3,0
IWM190927C154,2019-09-26,2019-09-26 09:35:19,0.66,0.7951,76,0.63,0.759,143,0.64,0.771,3,0.645,0.7771,3,0
IWM190927C154,2019-09-26,2019-09-26 09:35:19,0.66,0.7951,49,0.65,0.7831,9,0.64,0.771,3,0.655,0.7891,3,0
IWM190927C154,2019-09-26,2019-09-26 09:35:20,0.65,0.7831,1,0.65,0.7831,9,0.64,0.771,3,0.65,0.7831,3,0
IWM190927C154,2019-09-26,2019-09-26 09:35:20,0.66,0.7951,107,0.62,0.7469,511,0.63,0.759,19,0.64,0.771,983,980
IWM190927C154,2019-09-26,2019-09-26 09:35:21,0.66,0.7951,154,0.62,0.7469,511,0.63,0.759,19,0.64,0.771,983,0
IWM190927C154,2019-09-26,2019-09-26 09:35:22,0.66,0.7951,27,0.64,0.771,7,0.63,0.759,20,0.65,0.7831,1003,0
IWM190927C154,2019-09-26,2019-09-26 09:35:22,0.65,0.7831,24,0.62,0.7469,530,0.63,0.759,20,0.635,0.765,1003,20
IWM190927C154,2019-09-26,2019-09-26 09:35:23,0.66,0.7951,35,0.64,0.771,62,0.63,0.759,20,0.65,0.7831,1003,0
IWM190927C154,2019-09-26,2019-09-26 09:35:23,0.66,0.7951,27,0.64,0.771,60,0.63,0.759,20,0.65,0.7831,1003,0
IWM190927C154,2019-09-26,2019-09-26 09:35:24,0.66,0.7951,35,0.64,0.771,69,0.63,0.759,20,0.65,0.7831,1003,0
IWM190927C154,2019-09-26,2019-09-26 09:35:24,0.66,0.7951,35,0.64,0.771,88,0.63,0.759,20,0.65,0.7831,1003,0
IWM190927C154,2019-09-26,2019-09-26 09:35:25,0.65,0.7831,30,0.64,0.771,62,0.63,0.759,20,0.645,0.7771,1003,0
IWM190927C154,2019-09-26,2019-09-26 09:35:25,0.64,0.771,62,0.62,0.7469,44,0.63,0.759,20,0.63,0.759,1003,0
IWM190927C154,2019-09-26,2019-09-26 09:35:26,0.64,0.771,75,0.62,0.7469,55,0.63,0.759,20,0.63,0.759,1003,0
IWM190927C154,2019-09-26,2019-09-26 09:35:26,0.64,0.771,5,0.62,0.7469,62,0.63,0.759,20,0.63,0.759,1003,0
IWM190927C154,2019-09-26,2019-09-26 09:35:27,0.64,0.771,19,0.62,0.7469,62,0.63,0.759,20,0.63,0.759,1003,0
IWM190927C154,2019-09-26,2019-09-26 09:35:28,0.64,0.771,132,0.62,0.7469,36,0.63,0.759,20,0.63,0.759,1003,0
IWM190927C154,2019-09-26,2019-09-26 09:35:28,0.64,0.771,44,0.62,0.7469,36,0.63,0.759,20,0.63,0.759,1003,0
IWM190927C154,2019-09-26,2019-09-26 09:35:29,0.64,0.771,132,0.62,0.7469,36,0.63,0.759,20,0.63,0.759,1003,0
IWM190927C154,2019-09-26,2019-09-26 09:35:30,0.63,0.759,58,0.61,0.7349,50,0.63,0.759,20,0.62,0.7469,1003,0
IWM190927C154,2019-09-26,2019-09-26 09:35:30,0.63,0.759,47,0.61,0.7349,50,0.63,0.759,20,0.62,0.7469,1003,0
IWM190927C154,2019-09-26,2019-09-26 09:35:31,0.64,0.771,125,0.61,0.7349,162,0.63,0.759,20,0.625,0.753,1003,0
IWM190927C154,2019-09-26,2019-09-26 09:35:31,0.64,0.771,29,0.62,0.7469,87,0.63,0.759,20,0.63,0.759,1003,0
IWM190927C154,2019-09-26,2019-09-26 09:35:32,0.64,0.771,240,0.61,0.7349,159,0.63,0.759,20,0.625,0.753,1003,0
IWM190927C154,2019-09-26,2019-09-26 09:35:32,0.64,0.771,122,0.61,0.7349,159,0.63,0.759,20,0.625,0.753,1003,0
IWM190927C154,2019-09-26,2019-09-26 09:35:33,0.62,0.7469,4,0.6,0.7228,174,0.63,0.759,20,0.61,0.7349,1003,0
IWM190927C154,2019-09-26,2019-09-26 09:35:33,0.62,0.7469,4,0.6,0.7228,347,0.63,0.759,20,0.61,0.7349,1003,0
IWM190927C154,2019-09-26,2019-09-26 09:35:34,0.62,0.7469,4,0.6,0.7228,213,0.63,0.759,20,0.61,0.7349,1003,0
IWM190927C154,2019-09-26,2019-09-26 09:35:34,0.62,0.7469,4,0.6,0.7228,330,0.63,0.759,20,0.61,0.7349,1003,0
IWM190927C154,2019-09-26,2019-09-26 09:35:35,0.62,0.7469,23,0.6,0.7228,190,0.63,0.759,20,0.61,0.7349,1003,0
IWM190927C154,2019-09-26,2019-09-26 09:35:36,0.62,0.7469,25,0.6,0.7228,190,0.63,0.759,20,0.61,0.7349,1003,0
IWM190927C154,2019-09-26,2019-09-26 09:35:36,0.62,0.7469,25,0.6,0.7228,155,0.63,0.759,20,0.61,0.7349,1003,0
IWM190927C154,2019-09-26,2019-09-26 09:35:37,0.62,0.7469,13,0.6,0.7228,140,0.63,0.759,20,0.61,0.7349,1003,0
IWM190927C154,2019-09-26,2019-09-26 09:35:38,0.62,0.7469,4,0.6,0.7228,118,0.63,0.759,20,0.61,0.7349,1003,0
IWM190927C154,2019-09-26,2019-09-26 09:35:38,0.62,0.7469,4,0.6,0.7228,125,0.63,0.759,20,0.61,0.7349,1003,0
IWM190927C154,2019-09-26,2019-09-26 09:35:39,0.62,0.7469,4,0.6,0.7228,84,0.63,0.759,20,0.61,0.7349,1003,0
IWM190927C154,2019-09-26,2019-09-26 09:35:39,0.62,0.7469,4,0.6,0.7228,42,0.63,0.759,20,0.61,0.7349,1003,0
IWM190927C154,2019-09-26,2019-09-26 09:35:40,0.62,0.7469,4,0.6,0.7228,42,0.63,0.759,20,0.61,0.7349,1003,0
IWM190927C154,2019-09-26,2019-09-26 09:35:40,0.62,0.7469,4,0.6,0.7228,32,0.63,0.759,20,0.61,0.7349,1003,0
IWM190927C154,2019-09-26,2019-09-26 09:35:41,0.62,0.7469,23,0.6,0.7228,63,0.63,0.759,20,0.61,0.7349,1003,0
IWM190927C154,2019-09-26,2019-09-26 09:35:41,0.62,0.7469,23,0.6,0.7228,352,0.63,0.759,20,0.61,0.7349,1003,0
IWM190927C154,2019-09-26,2019-09-26 09:35:42,0.62,0.7469,46,0.6,0.7228,152,0.63,0.759,20,0.61,0.7349,1003,0
IWM190927C154,2019-09-26,2019-09-26 09:35:42,0.62,0.7469,23,0.6,0.7228,392,0.63,0.759,20,0.61,0.7349,1003,0
IWM190927C154,2019-09-26,2019-09-26 09:35:43,0.62,0.7469,27,0.6,0.7228,104,0.63,0.759,20,0.61,0.7349,1003,0
IWM190927C154,2019-09-26,2019-09-26 09:35:43,0.62,0.7469,27,0.6,0.7228,139,0.63,0.759,20,0.61,0.7349,1003,0
IWM190927C154,2019-09-26,2019-09-26 09:35:44,0.62,0.7469,27,0.6,0.7228,190,0.63,0.759,20,0.61,0.7349,1003,0
IWM190927C154,2019-09-26,2019-09-26 09:35:44,0.62,0.7469,27,0.6,0.7228,139,0.63,0.759,20,0.61,0.7349,1003,0
IWM190927C154,2019-09-26,2019-09-26 09:35:45,0.61,0.7349,27,0.59,0.7108,543,0.63,0.759,20,0.6,0.7228,1003,0
IWM190927C154,2019-09-26,2019-09-26 09:35:45,0.62,0.7469,45,0.6,0.7228,156,0.63,0.759,20,0.61,0.7349,1003,0
IWM190927C154,2019-09-26,2019-09-26 09:35:46,0.61,0.7349,27,0.59,0.7108,519,0.63,0.759,20,0.6,0.7228,1003,0
IWM190927C154,2019-09-26,2019-09-26 09:35:46,0.61,0.7349,8,0.59,0.7108,517,0.63,0.759,20,0.6,0.7228,1003,0
IWM190927C154,2019-09-26,2019-09-26 09:35:47,0.6,0.7228,27,0.59,0.7108,145,0.63,0.759,20,0.595,0.7168,1003,0
IWM190927C154,2019-09-26,2019-09-26 09:35:47,0.61,0.7349,27,0.59,0.7108,442,0.63,0.759,20,0.6,0.7228,1003,0
IWM190927C154,2019-09-26,2019-09-26 09:35:48,0.61,0.7349,37,0.59,0.7108,158,0.6,0.7228,8,0.6,0.7228,1011,8
IWM190927C154,2019-09-26,2019-09-26 09:35:48,0.61,0.7349,37,0.59,0.7108,233,0.6,0.7228,8,0.6,0.7228,1011,0
IWM190927C154,2019-09-26,2019-09-26 09:35:49,0.62,0.7469,19,0.6,0.7228,30,0.6,0.7228,8,0.61,0.7349,1011,0
IWM190927C154,2019-09-26,2019-09-26 09:35:49,0.62,0.7469,19,0.59,0.7108,233,0.6,0.7228,8,0.605,0.7289,1011,0
IWM190927C154,2019-09-26,2019-09-26 09:35:50,0.62,0.7469,22,0.6,0.7228,186,0.6,0.7228,8,0.61,0.7349,1011,0
IWM190927C154,2019-09-26,2019-09-26 09:35:50,0.62,0.7469,22,0.6,0.7228,348,0.6,0.7228,8,0.61,0.7349,1011,0
IWM190927C154,2019-09-26,2019-09-26 09:35:51,0.62,0.7469,22,0.61,0.7349,20,0.62,0.7469,3,0.615,0.7409,1020,9
IWM190927C154,2019-09-26,2019-09-26 09:35:51,0.62,0.7469,22,0.6,0.7228,490,0.6,0.7228,8,0.61,0.7349,1011,0
IWM190927C154,2019-09-26,2019-09-26 09:35:52,0.62,0.7469,406,0.6,0.7228,358,0.62,0.7469,3,0.61,0.7349,1020,0
IWM190927C154,2019-09-26,2019-09-26 09:35:52,0.62,0.7469,387,0.61,0.7349,20,0.62,0.7469,3,0.615,0.7409,1020,0
IWM190927C154,2019-09-26,2019-09-26 09:35:53,0.62,0.7469,406,0.6,0.7228,161,0.62,0.7469,3,0.61,0.7349,1020,0
IWM190927C154,2019-09-26,2019-09-26 09:35:53,0.61,0.7349,22,0.6,0.7228,161,0.62,0.7469,3,0.605,0.7289,1020,0
IWM190927C154,2019-09-26,2019-09-26 09:35:54,0.61,0.7349,22,0.6,0.7228,95,0.62,0.7469,3,0.605,0.7289,1020,0
IWM190927C154,2019-09-26,2019-09-26 09:35:55,0.61,0.7349,22,0.59,0.7108,519,0.62,0.7469,3,0.6,0.7228,1020,0
IWM190927C154,2019-09-26,2019-09-26 09:35:56,0.61,0.7349,19,0.59,0.7108,309,0.62,0.7469,3,0.6,0.7228,1020,0
IWM190927C154,2019-09-26,2019-09-26 09:35:56,0.61,0.7349,19,0.59,0.7108,317,0.62,0.7469,3,0.6,0.7228,1020,0
IWM190927C154,2019-09-26,2019-09-26 09:35:57,0.62,0.7469,23,0.6,0.7228,579,0.62,0.7469,3,0.61,0.7349,1020,0
IWM190927C154,2019-09-26,2019-09-26 09:35:57,0.62,0.7469,23,0.6,0.7228,189,0.62,0.7469,3,0.61,0.7349,1020,0
IWM190927C154,2019-09-26,2019-09-26 09:35:58,0.62,0.7469,49,0.6,0.7228,575,0.62,0.7469,3,0.61,0.7349,1020,0
IWM190927C154,2019-09-26,2019-09-26 09:35:58,0.62,0.7469,23,0.6,0.7228,535,0.62,0.7469,3,0.61,0.7349,1020,0
IWM190927C154,2019-09-26,2019-09-26 09:35:59,0.61,0.7349,46,0.59,0.7108,95,0.62,0.7469,3,0.6,0.7228,1020,0
IWM190927C154,2019-09-26,2019-09-26 09:35:59,0.61,0.7349,23,0.59,0.7108,352,0.62,0.7469,3,0.6,0.7228,1020,0
IWM190927C154,2019-09-26,2019-09-26 09:36:00,0.6,0.7228,23,0.58,0.6987,288,0.62,0.7469,3,0.59,0.7108,1020,0
IWM190927C154,2019-09-26,2019-09-26 09:36:00,0.59,0.7108,19,0.58,0.6987,258,0.62,0.7469,3,0.585,0.7048,1020,0
IWM190927C154,2019-09-26,2019-09-26 09:36:01,0.6,0.7228,23,0.58,0.6987,190,0.62,0.7469,3,0.59,0.7108,1020,0
IWM190927C154,2019-09-26,2019-09-26 09:36:01,0.59,0.7108,23,0.58,0.6987,258,0.62,0.7469,3,0.585,0.7048,1020,0
IWM190927C154,2019-09-26,2019-09-26 09:36:02,0.59,0.7108,19,0.58,0.6987,295,0.62,0.7469,3,0.585,0.7048,1020,0
IWM190927C154,2019-09-26,2019-09-26 09:36:02,0.59,0.7108,23,0.58,0.6987,196,0.62,0.7469,3,0.585,0.7048,1020,0
IWM190927C154,2019-09-26,2019-09-26 09:36:03,0.6,0.7228,23,0.58,0.6987,542,0.62,0.7469,3,0.59,0.7108,1020,0
IWM190927C154,2019-09-26,2019-09-26 09:36:03,0.6,0.7228,23,0.58,0.6987,273,0.62,0.7469,3,0.59,0.7108,1020,0
IWM190927C154,2019-09-26,2019-09-26 09:36:04,0.61,0.7349,57,0.59,0.7108,71,0.62,0.7469,3,0.6,0.7228,1020,0
IWM190927C154,2019-09-26,2019-09-26 09:36:04,0.61,0.7349,76,0.59,0.7108,166,0.62,0.7469,3,0.6,0.7228,1020,0
IWM190927C154,2019-09-26,2019-09-26 09:36:05,0.61,0.7349,19,0.59,0.7108,313,0.62,0.7469,3,0.6,0.7228,1020,0
IWM190927C154,2019-09-26,2019-09-26 09:36:05,0.61,0.7349,19,0.59,0.7108,311,0.62,0.7469,3,0.6,0.7228,1020,0
IWM190927C154,2019-09-26,2019-09-26 09:36:06,0.61,0.7349,19,0.59,0.7108,349,0.62,0.7469,3,0.6,0.7228,1020,0
IWM190927C154,2019-09-26,2019-09-26 09:36:06,0.61,0.7349,19,0.59,0.7108,326,0.62,0.7469,3,0.6,0.7228,1020,0
IWM190927C154,2019-09-26,2019-09-26 09:36:07,0.6,0.7228,23,0.59,0.7108,80,0.62,0.7469,3,0.595,0.7168,1020,0
IWM190927C154,2019-09-26,2019-09-26 09:36:07,0.61,0.7349,48,0.59,0.7108,302,0.62,0.7469,3,0.6,0.7228,1020,0
IWM190927C154,2019-09-26,2019-09-26 09:36:08,0.61,0.7349,52,0.59,0.7108,83,0.62,0.7469,3,0.6,0.7228,1020,0
IWM190927C154,2019-09-26,2019-09-26 09:36:08,0.6,0.7228,23,0.59,0.7108,83,0.62,0.7469,3,0.595,0.7168,1020,0
IWM190927C154,2019-09-26,2019-09-26 09:36:09,0.61,0.7349,71,0.59,0.7108,163,0.62,0.7469,3,0.6,0.7228,1020,0
IWM190927C154,2019-09-26,2019-09-26 09:36:09,0.6,0.7228,23,0.59,0.7108,83,0.62,0.7469,3,0.595,0.7168,1020,0
IWM190927C154,2019-09-26,2019-09-26 09:36:10,0.6,0.7228,37,0.59,0.7108,20,0.62,0.7469,3,0.595,0.7168,1020,0
IWM190927C154,2019-09-26,2019-09-26 09:36:10,0.61,0.7349,85,0.59,0.7108,20,0.62,0.7469,3,0.6,0.7228,1020,0
IWM190927C154,2019-09-26,2019-09-26 09:36:11,0.59,0.7108,23,0.57,0.6867,613,0.59,0.7108,1,0.58,0.6987,1033,0
IWM190927C154,2019-09-26,2019-09-26 09:36:11,0.6,0.7228,37,0.57,0.6867,613,0.59,0.7108,1,0.585,0.7048,1033,13
IWM190927C154,2019-09-26,2019-09-26 09:36:12,0.58,0.6987,23,0.57,0.6867,585,0.59,0.7108,1,0.575,0.6927,1033,0
IWM190927C154,2019-09-26,2019-09-26 09:36:13,0.57,0.6867,19,0.57,0.6867,585,0.59,0.7108,1,0.57,0.6867,1033,0
IWM190927C154,2019-09-26,2019-09-26 09:36:13,0.58,0.6987,23,0.57,0.6867,585,0.59,0.7108,1,0.575,0.6927,1033,0
IWM190927C154,2019-09-26,2019-09-26 09:36:14,0.57,0.6867,19,0.55,0.6626,414,0.59,0.7108,1,0.56,0.6746,1033,0
IWM190927C154,2019-09-26,2019-09-26 09:36:14,0.57,0.6867,19,0.56,0.6746,90,0.59,0.7108,1,0.565,0.6807,1033,0
IWM190927C154,2019-09-26,2019-09-26 09:36:15,0.57,0.6867,19,0.55,0.6626,536,0.59,0.7108,1,0.56,0.6746,1033,0
IWM190927C154,2019-09-26,2019-09-26 09:36:16,0.57,0.6867,23,0.55,0.6626,536,0.59,0.7108,1,0.56,0.6746,1033,0
IWM190927C154,2019-09-26,2019-09-26 09:36:16,0.57,0.6867,5,0.55,0.6626,576,0.59,0.7108,1,0.56,0.6746,1033,0
IWM190927C154,2019-09-26,2019-09-26 09:36:17,0.58,0.6987,33,0.55,0.6626,576,0.59,0.7108,1,0.565,0.6807,1033,0
IWM190927C154,2019-09-26,2019-09-26 09:36:17,0.57,0.6867,23,0.56,0.6746,210,0.59,0.7108,1,0.565,0.6807,1033,0
IWM190927C154,2019-09-26,2019-09-26 09:36:18,0.57,0.6867,23,0.56,0.6746,20,0.59,0.7108,1,0.565,0.6807,1033,0
IWM190927C154,2019-09-26,2019-09-26 09:36:18,0.57,0.6867,36,0.56,0.6746,20,0.59,0.7108,1,0.565,0.6807,1033,0
IWM190927C154,2019-09-26,2019-09-26 09:36:19,0.57,0.6867,36,0.56,0.6746,20,0.59,0.7108,1,0.565,0.6807,1033,0
IWM190927C154,2019-09-26,2019-09-26 09:36:20,0.57,0.6867,23,0.56,0.6746,20,0.59,0.7108,1,0.565,0.6807,1033,0
IWM190927C154,2019-09-26,2019-09-26 09:36:21,0.57,0.6867,23,0.56,0.6746,20,0.59,0.7108,1,0.565,0.6807,1033,0
IWM190927C154,2019-09-26,2019-09-26 09:36:21,0.58,0.6987,33,0.56,0.6746,20,0.59,0.7108,1,0.57,0.6867,1033,0
IWM190927C154,2019-09-26,2019-09-26 09:36:22,0.57,0.6867,26,0.56,0.6746,20,0.59,0.7108,1,0.565,0.6807,1033,0
IWM190927C154,2019-09-26,2019-09-26 09:36:22,0.57,0.6867,36,0.56,0.6746,20,0.59,0.7108,1,0.565,0.6807,1033,0
IWM190927C154,2019-09-26,2019-09-26 09:36:23,0.56,0.6746,23,0.55,0.6626,434,0.59,0.7108,1,0.555,0.6686,1033,0
IWM190927C154,2019-09-26,2019-09-26 09:36:23,0.56,0.6746,23,0.55,0.6626,20,0.59,0.7108,1,0.555,0.6686,1033,0
IWM190927C154,2019-09-26,2019-09-26 09:36:24,0.56,0.6746,23,0.55,0.6626,20,0.59,0.7108,1,0.555,0.6686,1033,0
IWM190927C154,2019-09-26,2019-09-26 09:36:25,0.56,0.6746,23,0.55,0.6626,20,0.59,0.7108,1,0.555,0.6686,1033,0
IWM190927C154,2019-09-26,2019-09-26 09:36:25,0.56,0.6746,39,0.55,0.6626,20,0.59,0.7108,1,0.555,0.6686,1033,0
IWM190927C154,2019-09-26,2019-09-26 09:36:26,0.56,0.6746,39,0.55,0.6626,20,0.59,0.7108,1,0.555,0.6686,1033,0
IWM190927C154,2019-09-26,2019-09-26 09:36:27,0.56,0.6746,39,0.55,0.6626,20,0.59,0.7108,1,0.555,0.6686,1033,0
IWM190927C154,2019-09-26,2019-09-26 09:36:27,0.56,0.6746,35,0.55,0.6626,20,0.59,0.7108,1,0.555,0.6686,1033,0
IWM190927C154,2019-09-26,2019-09-26 09:36:28,0.56,0.6746,38,0.55,0.6626,20,0.59,0.7108,1,0.555,0.6686,1033,0
IWM190927C154,2019-09-26,2019-09-26 09:36:28,0.56,0.6746,38,0.55,0.6626,20,0.55,0.6626,1,0.555,0.6686,1036,3
IWM190927C154,2019-09-26,2019-09-26 09:36:29,0.54,0.6506,36,0.52,0.6265,269,0.55,0.6626,1,0.53,0.6385,1036,0
IWM190927C154,2019-09-26,2019-09-26 09:36:29,0.54,0.6506,19,0.52,0.6265,297,0.55,0.6626,1,0.53,0.6385,1036,0
IWM190927C154,2019-09-26,2019-09-26 09:36:30,0.54,0.6506,33,0.53,0.6385,256,0.55,0.6626,1,0.535,0.6445,1036,0
IWM190927C154,2019-09-26,2019-09-26 09:36:30,0.55,0.6626,42,0.53,0.6385,256,0.55,0.6626,1,0.54,0.6506,1036,0
IWM190927C154,2019-09-26,2019-09-26 09:36:31,0.55,0.6626,42,0.53,0.6385,269,0.55,0.6626,1,0.54,0.6506,1036,0
IWM190927C154,2019-09-26,2019-09-26 09:36:31,0.55,0.6626,42,0.53,0.6385,279,0.55,0.6626,1,0.54,0.6506,1036,0
IWM190927C154,2019-09-26,2019-09-26 09:36:32,0.54,0.6506,58,0.52,0.6265,45,0.55,0.6626,1,0.53,0.6385,1036,0
IWM190927C154,2019-09-26,2019-09-26 09:36:32,0.55,0.6626,42,0.53,0.6385,266,0.55,0.6626,1,0.54,0.6506,1036,0
IWM190927C154,2019-09-26,2019-09-26 09:36:33,0.53,0.6385,32,0.52,0.6265,22,0.55,0.6626,1,0.525,0.6325,1036,0
IWM190927C154,2019-09-26,2019-09-26 09:36:34,0.53,0.6385,38,0.52,0.6265,20,0.55,0.6626,1,0.525,0.6325,1036,0
IWM190927C154,2019-09-26,2019-09-26 09:36:34,0.53,0.6385,38,0.52,0.6265,54,0.55,0.6626,1,0.525,0.6325,1036,0
IWM190927C154,2019-09-26,2019-09-26 09:36:35,0.53,0.6385,37,0.52,0.6265,20,0.55,0.6626,1,0.525,0.6325,1036,0
IWM190927C154,2019-09-26,2019-09-26 09:36:35,0.53,0.6385,91,0.52,0.6265,1,0.52,0.6265,10,0.525,0.6325,1046,10
IWM190927C154,2019-09-26,2019-09-26 09:36:36,0.54,0.6506,89,0.52,0.6265,95,0.52,0.6265,10,0.53,0.6385,1046,0
IWM190927C154,2019-09-26,2019-09-26 09:36:36,0.53,0.6385,91,0.51,0.6144,93,0.52,0.6265,10,0.52,0.6265,1046,0
IWM190927C154,2019-09-26,2019-09-26 09:36:37,0.55,0.6626,29,0.53,0.6385,24,0.52,0.6265,10,0.54,0.6506,1046,0
IWM190927C154,2019-09-26,2019-09-26 09:36:37,0.54,0.6506,99,0.52,0.6265,95,0.52,0.6265,10,0.53,0.6385,1046,0
IWM190927C154,2019-09-26,2019-09-26 09:36:38,0.55,0.6626,29,0.54,0.6506,61,0.52,0.6265,10,0.545,0.6566,1046,0
IWM190927C154,2019-09-26,2019-09-26 09:36:38,0.55,0.6626,29,0.54,0.6506,9,0.52,0.6265,10,0.545,0.6566,1046,0
IWM190927C154,2019-09-26,2019-09-26 09:36:39,0.55,0.6626,29,0.54,0.6506,40,0.52,0.6265,10,0.545,0.6566,1046,0
IWM190927C154,2019-09-26,2019-09-26 09:36:39,0.55,0.6626,20,0.54,0.6506,20,0.52,0.6265,10,0.545,0.6566,1046,0
IWM190927C154,2019-09-26,2019-09-26 09:36:40,0.56,0.6746,137,0.54,0.6506,20,0.52,0.6265,10,0.55,0.6626,1046,0
IWM190927C154,2019-09-26,2019-09-26 09:36:40,0.56,0.6746,263,0.54,0.6506,40,0.52,0.6265,10,0.55,0.6626,1046,0
IWM190927C154,2019-09-26,2019-09-26 09:36:41,0.57,0.6867,137,0.54,0.6506,78,0.52,0.6265,10,0.555,0.6686,1046,0
IWM190927C154,2019-09-26,2019-09-26 09:36:41,0.56,0.6746,184,0.54,0.6506,40,0.52,0.6265,10,0.55,0.6626,1046,0
IWM190927C154,2019-09-26,2019-09-26 09:36:42,0.57,0.6867,49,0.55,0.6626,59,0.52,0.6265,10,0.56,0.6746,1046,0
IWM190927C154,2019-09-26,2019-09-26 09:36:43,0.57,0.6867,35,0.55,0.6626,46,0.52,0.6265,10,0.56,0.6746,1046,0
IWM190927C154,2019-09-26,2019-09-26 09:36:43,0.57,0.6867,30,0.55,0.6626,87,0.52,0.6265,10,0.56,0.6746,1046,0
IWM190927C154,2019-09-26,2019-09-26 09:36:44,0.57,0.6867,38,0.55,0.6626,172,0.52,0.6265,10,0.56,0.6746,1046,0
IWM190927C154,2019-09-26,2019-09-26 09:36:45,0.58,0.6987,137,0.55,0.6626,139,0.52,0.6265,10,0.565,0.6807,1046,0
IWM190927C154,2019-09-26,2019-09-26 09:36:45,0.58,0.6987,19,0.57,0.6867,10,0.52,0.6265,10,0.575,0.6927,1046,0
IWM190927C154,2019-09-26,2019-09-26 09:36:46,0.58,0.6987,21,0.56,0.6746,292,0.52,0.6265,10,0.57,0.6867,1046,0
IWM190927C154,2019-09-26,2019-09-26 09:36:46,0.59,0.7108,82,0.57,0.6867,72,0.52,0.6265,10,0.58,0.6987,1046,0
IWM190927C154,2019-09-26,2019-09-26 09:36:47,0.59,0.7108,56,0.57,0.6867,72,0.52,0.6265,10,0.58,0.6987,1046,0
IWM190927C154,2019-09-26,2019-09-26 09:36:47,0.58,0.6987,33,0.56,0.6746,180,0.52,0.6265,10,0.57,0.6867,1046,0
IWM190927C154,2019-09-26,2019-09-26 09:36:48,0.58,0.6987,51,0.56,0.6746,54,0.52,0.6265,10,0.57,0.6867,1046,0
IWM190927C154,2019-09-26,2019-09-26 09:36:48,0.58,0.6987,35,0.56,0.6746,47,0.52,0.6265,10,0.57,0.6867,1046,0
IWM190927C154,2019-09-26,2019-09-26 09:36:49,0.58,0.6987,22,0.56,0.6746,54,0.52,0.6265,10,0.57,0.6867,1046,0
IWM190927C154,2019-09-26,2019-09-26 09:36:50,0.58,0.6987,22,0.56,0.6746,54,0.52,0.6265,10,0.57,0.6867,1046,0
IWM190927C154,2019-09-26,2019-09-26 09:36:51,0.57,0.6867,19,0.56,0.6746,45,0.52,0.6265,10,0.565,0.6807,1046,0
IWM190927C154,2019-09-26,2019-09-26 09:36:51,0.57,0.6867,19,0.56,0.6746,54,0.52,0.6265,10,0.565,0.6807,1046,0
IWM190927C154,2019-09-26,2019-09-26 09:36:52,0.57,0.6867,32,0.55,0.6626,57,0.52,0.6265,10,0.56,0.6746,1046,0
IWM190927C154,2019-09-26,2019-09-26 09:36:52,0.57,0.6867,20,0.56,0.6746,17,0.52,0.6265,10,0.565,0.6807,1046,0
IWM190927C154,2019-09-26,2019-09-26 09:36:53,0.57,0.6867,20,0.55,0.6626,122,0.52,0.6265,10,0.56,0.6746,1046,0
IWM190927C154,2019-09-26,2019-09-26 09:36:53,0.57,0.6867,32,0.55,0.6626,106,0.52,0.6265,10,0.56,0.6746,1046,0
IWM190927C154,2019-09-26,2019-09-26 09:36:54,0.58,0.6987,70,0.55,0.6626,294,0.52,0.6265,10,0.565,0.6807,1046,0
IWM190927C154,2019-09-26,2019-09-26 09:36:54,0.58,0.6987,91,0.55,0.6626,134,0.52,0.6265,10,0.565,0.6807,1046,0
IWM190927C154,2019-09-26,2019-09-26 09:36:55,0.58,0.6987,87,0.56,0.6746,70,0.52,0.6265,10,0.57,0.6867,1046,0
IWM190927C154,2019-09-26,2019-09-26 09:36:55,0.58,0.6987,27,0.56,0.6746,70,0.52,0.6265,10,0.57,0.6867,1046,0
IWM190927C154,2019-09-26,2019-09-26 09:36:56,0.58,0.6987,25,0.56,0.6746,104,0.52,0.6265,10,0.57,0.6867,1046,0
IWM190927C154,2019-09-26,2019-09-26 09:36:57,0.57,0.6867,20,0.55,0.6626,188,0.52,0.6265,10,0.56,0.6746,1046,0
IWM190927C154,2019-09-26,2019-09-26 09:36:58,0.56,0.6746,20,0.55,0.6626,22,0.52,0.6265,10,0.555,0.6686,1046,0
IWM190927C154,2019-09-26,2019-09-26 09:36:58,0.56,0.6746,20,0.55,0.6626,46,0.52,0.6265,10,0.555,0.6686,1046,0
IWM190927C154,2019-09-26,2019-09-26 09:36:59,0.57,0.6867,228,0.55,0.6626,22,0.52,0.6265,10,0.56,0.6746,1046,0
IWM190927C154,2019-09-26,2019-09-26 09:36:59,0.57,0.6867,228,0.55,0.6626,46,0.52,0.6265,10,0.56,0.6746,1046,0
IWM190927C154,2019-09-26,2019-09-26 09:37:00,0.56,0.6746,57,0.55,0.6626,22,0.52,0.6265,10,0.555,0.6686,1046,0
IWM190927C154,2019-09-26,2019-09-26 09:37:00,0.56,0.6746,130,0.54,0.6506,20,0.52,0.6265,10,0.55,0.6626,1046,0
IWM190927C154,2019-09-26,2019-09-26 09:37:01,0.56,0.6746,137,0.54,0.6506,65,0.52,0.6265,10,0.55,0.6626,1046,0
IWM190927C154,2019-09-26,2019-09-26 09:37:01,0.56,0.6746,137,0.54,0.6506,20,0.52,0.6265,10,0.55,0.6626,1046,0
IWM190927C154,2019-09-26,2019-09-26 09:37:02,0.56,0.6746,52,0.54,0.6506,65,0.52,0.6265,10,0.55,0.6626,1046,0
IWM190927C154,2019-09-26,2019-09-26 09:37:02,0.56,0.6746,23,0.55,0.6626,22,0.52,0.6265,10,0.555,0.6686,1046,0
IWM190927C154,2019-09-26,2019-09-26 09:37:03,0.56,0.6746,42,0.55,0.6626,22,0.52,0.6265,10,0.555,0.6686,1046,0
IWM190927C154,2019-09-26,2019-09-26 09:37:03,0.56,0.6746,44,0.54,0.6506,85,0.52,0.6265,10,0.55,0.6626,1046,0
IWM190927C154,2019-09-26,2019-09-26 09:37:04,0.56,0.6746,34,0.54,0.6506,151,0.52,0.6265,10,0.55,0.6626,1046,0
IWM190927C154,2019-09-26,2019-09-26 09:37:04,0.56,0.6746,34,0.54,0.6506,166,0.52,0.6265,10,0.55,0.6626,1046,0
IWM190927C154,2019-09-26,2019-09-26 09:37:05,0.56,0.6746,34,0.54,0.6506,166,0.52,0.6265,10,0.55,0.6626,1046,0
IWM190927C154,2019-09-26,2019-09-26 09:37:06,0.57,0.6867,67,0.54,0.6506,504,0.52,0.6265,10,0.555,0.6686,1046,0
IWM190927C154,2019-09-26,2019-09-26 09:37:06,0.57,0.6867,67,0.54,0.6506,518,0.52,0.6265,10,0.555,0.6686,1046,0
IWM190927C154,2019-09-26,2019-09-26 09:37:07,0.58,0.6987,47,0.56,0.6746,60,0.52,0.6265,10,0.57,0.6867,1046,0
IWM190927C154,2019-09-26,2019-09-26 09:37:07,0.57,0.6867,46,0.56,0.6746,14,0.52,0.6265,10,0.565,0.6807,1046,0
IWM190927C154,2019-09-26,2019-09-26 09:37:08,0.58,0.6987,44,0.56,0.6746,60,0.52,0.6265,10,0.57,0.6867,1046,0
IWM190927C154,2019-09-26,2019-09-26 09:37:08,0.58,0.6987,25,0.56,0.6746,77,0.52,0.6265,10,0.57,0.6867,1046,0
IWM190927C154,2019-09-26,2019-09-26 09:37:09,0.58,0.6987,25,0.56,0.6746,104,0.52,0.6265,10,0.57,0.6867,1046,0
IWM190927C154,2019-09-26,2019-09-26 09:37:10,0.58,0.6987,5,0.56,0.6746,294,0.52,0.6265,10,0.57,0.6867,1046,0
IWM190927C154,2019-09-26,2019-09-26 09:37:10,0.58,0.6987,25,0.56,0.6746,157,0.52,0.6265,10,0.57,0.6867,1046,0
IWM190927C154,2019-09-26,2019-09-26 09:37:11,0.58,0.6987,19,0.56,0.6746,218,0.52,0.6265,10,0.57,0.6867,1046,0
IWM190927C154,2019-09-26,2019-09-26 09:37:11,0.58,0.6987,19,0.56,0.6746,422,0.52,0.6265,10,0.57,0.6867,1046,0
IWM190927C154,2019-09-26,2019-09-26 09:37:12,0.58,0.6987,19,0.56,0.6746,355,0.52,0.6265,10,0.57,0.6867,1046,0
IWM190927C154,2019-09-26,2019-09-26 09:37:12,0.59,0.7108,207,0.56,0.6746,355,0.52,0.6265,10,0.575,0.6927,1046,0
IWM190927C154,2019-09-26,2019-09-26 09:37:13,0.59,0.7108,207,0.56,0.6746,435,0.52,0.6265,10,0.575,0.6927,1046,0
IWM190927C154,2019-09-26,2019-09-26 09:37:13,0.59,0.7108,139,0.56,0.6746,558,0.52,0.6265,10,0.575,0.6927,1046,0
IWM190927C154,2019-09-26,2019-09-26 09:37:14,0.59,0.7108,97,0.56,0.6746,534,0.52,0.6265,10,0.575,0.6927,1046,0
IWM190927C154,2019-09-26,2019-09-26 09:37:14,0.59,0.7108,97,0.56,0.6746,478,0.52,0.6265,10,0.575,0.6927,1046,0
IWM190927C154,2019-09-26,2019-09-26 09:37:15,0.6,0.7228,19,0.58,0.6987,39,0.52,0.6265,10,0.59,0.7108,1046,0
IWM190927C154,2019-09-26,2019-09-26 09:37:15,0.6,0.7228,32,0.58,0.6987,39,0.52,0.6265,10,0.59,0.7108,1046,0
IWM190927C154,2019-09-26,2019-09-26 09:37:16,0.6,0.7228,32,0.58,0.6987,99,0.52,0.6265,10,0.59,0.7108,1046,0
IWM190927C154,2019-09-26,2019-09-26 09:37:16,0.6,0.7228,32,0.58,0.6987,20,0.52,0.6265,10,0.59,0.7108,1046,0
IWM190927C154,2019-09-26,2019-09-26 09:37:17,0.59,0.7108,19,0.58,0.6987,10,0.52,0.6265,10,0.585,0.7048,1046,0
IWM190927C154,2019-09-26,2019-09-26 09:37:17,0.59,0.7108,19,0.57,0.6867,175,0.52,0.6265,10,0.58,0.6987,1046,0
IWM190927C154,2019-09-26,2019-09-26 09:37:18,0.59,0.7108,19,0.57,0.6867,201,0.52,0.6265,10,0.58,0.6987,1046,0
IWM190927C154,2019-09-26,2019-09-26 09:37:18,0.6,0.7228,71,0.57,0.6867,198,0.52,0.6265,10,0.585,0.7048,1046,0
IWM190927C154,2019-09-26,2019-09-26 09:37:19,0.6,0.7228,171,0.57,0.6867,94,0.52,0.6265,10,0.585,0.7048,1046,0
IWM190927C154,2019-09-26,2019-09-26 09:37:19,0.6,0.7228,171,0.58,0.6987,32,0.52,0.6265,10,0.59,0.7108,1046,0
IWM190927C154,2019-09-26,2019-09-26 09:37:20,0.59,0.7108,32,0.57,0.6867,12,0.52,0.6265,10,0.58,0.6987,1046,0
IWM190927C154,2019-09-26,2019-09-26 09:37:20,0.59,0.7108,166,0.57,0.6867,21,0.52,0.6265,10,0.58,0.6987,1046,0
IWM190927C154,2019-09-26,2019-09-26 09:37:21,0.58,0.6987,51,0.56,0.6746,82,0.52,0.6265,10,0.57,0.6867,1046,0
IWM190927C154,2019-09-26,2019-09-26 09:37:21,0.58,0.6987,42,0.56,0.6746,75,0.52,0.6265,10,0.57,0.6867,1046,0
IWM190927C154,2019-09-26,2019-09-26 09:37:22,0.58,0.6987,42,0.57,0.6867,17,0.52,0.6265,10,0.575,0.6927,1046,0
IWM190927C154,2019-09-26,2019-09-26 09:37:22,0.6,0.7228,32,0.58,0.6987,30,0.52,0.6265,10,0.59,0.7108,1046,0
IWM190927C154,2019-09-26,2019-09-26 09:37:23,0.6,0.7228,39,0.58,0.6987,248,0.52,0.6265,10,0.59,0.7108,1046,0
IWM190927C154,2019-09-26,2019-09-26 09:37:23,0.6,0.7228,51,0.58,0.6987,29,0.52,0.6265,10,0.59,0.7108,1046,0
IWM190927C154,2019-09-26,2019-09-26 09:37:24,0.61,0.7349,49,0.58,0.6987,491,0.52,0.6265,10,0.595,0.7168,1046,0
IWM190927C154,2019-09-26,2019-09-26 09:37:24,0.61,0.7349,49,0.59,0.7108,134,0.6,0.7228,5,0.6,0.7228,1066,20
IWM190927C154,2019-09-26,2019-09-26 09:37:25,0.62,0.7469,100,0.59,0.7108,190,0.6,0.7228,1,0.605,0.7289,1132,66
IWM190927C154,2019-09-26,2019-09-26 09:37:25,0.61,0.7349,31,0.59,0.7108,137,0.6,0.7228,1,0.6,0.7228,1133,1
IWM190927C154,2019-09-26,2019-09-26 09:37:26,0.61,0.7349,39,0.59,0.7108,137,0.6,0.7228,1,0.6,0.7228,1133,0
IWM190927C154,2019-09-26,2019-09-26 09:37:27,0.61,0.7349,39,0.59,0.7108,77,0.6,0.7228,1,0.6,0.7228,1133,0
IWM190927C154,2019-09-26,2019-09-26 09:37:28,0.6,0.7228,37,0.59,0.7108,3,0.6,0.7228,1,0.595,0.7168,1133,0
IWM190927C154,2019-09-26,2019-09-26 09:37:29,0.59,0.7108,24,0.58,0.6987,9,0.6,0.7228,1,0.585,0.7048,1133,0
IWM190927C154,2019-09-26,2019-09-26 09:37:29,0.59,0.7108,5,0.58,0.6987,47,0.6,0.7228,1,0.585,0.7048,1133,0
IWM190927C154,2019-09-26,2019-09-26 09:37:30,0.6,0.7228,105,0.58,0.6987,22,0.6,0.7228,1,0.59,0.7108,1133,0
IWM190927C154,2019-09-26,2019-09-26 09:37:30,0.59,0.7108,73,0.58,0.6987,9,0.6,0.7228,1,0.585,0.7048,1133,0
IWM190927C154,2019-09-26,2019-09-26 09:37:31,0.6,0.7228,37,0.58,0.6987,163,0.6,0.7228,1,0.59,0.7108,1133,0
IWM190927C154,2019-09-26,2019-09-26 09:37:31,0.6,0.7228,150,0.58,0.6987,73,0.6,0.7228,1,0.59,0.7108,1133,0
IWM190927C154,2019-09-26,2019-09-26 09:37:32,0.59,0.7108,36,0.58,0.6987,10,0.6,0.7228,1,0.585,0.7048,1133,0
IWM190927C154,2019-09-26,2019-09-26 09:37:32,0.59,0.7108,6,0.58,0.6987,48,0.6,0.7228,1,0.585,0.7048,1133,0
IWM190927C154,2019-09-26,2019-09-26 09:37:33,0.59,0.7108,20,0.58,0.6987,10,0.6,0.7228,1,0.585,0.7048,1133,0
IWM190927C154,2019-09-26,2019-09-26 09:37:33,0.59,0.7108,6,0.57,0.6867,109,0.6,0.7228,1,0.58,0.6987,1133,0
IWM190927C154,2019-09-26,2019-09-26 09:37:34,0.59,0.7108,12,0.57,0.6867,164,0.6,0.7228,1,0.58,0.6987,1133,0
IWM190927C154,2019-09-26,2019-09-26 09:37:34,0.59,0.7108,12,0.58,0.6987,12,0.6,0.7228,1,0.585,0.7048,1133,0
IWM190927C154,2019-09-26,2019-09-26 09:37:35,0.6,0.7228,52,0.58,0.6987,54,0.6,0.7228,1,0.59,0.7108,1133,0
IWM190927C154,2019-09-26,2019-09-26 09:37:35,0.6,0.7228,28,0.58,0.6987,76,0.6,0.7228,1,0.59,0.7108,1133,0
IWM190927C154,2019-09-26,2019-09-26 09:37:36,0.6,0.7228,28,0.59,0.7108,33,0.6,0.7228,1,0.595,0.7168,1133,0
IWM190927C154,2019-09-26,2019-09-26 09:37:36,0.6,0.7228,28,0.58,0.6987,99,0.6,0.7228,1,0.59,0.7108,1133,0
IWM190927C154,2019-09-26,2019-09-26 09:37:37,0.61,0.7349,71,0.59,0.7108,20,0.6,0.7228,1,0.6,0.7228,1133,0
IWM190927C154,2019-09-26,2019-09-26 09:37:37,0.61,0.7349,94,0.59,0.7108,20,0.6,0.7228,1,0.6,0.7228,1133,0
IWM190927C154,2019-09-26,2019-09-26 09:37:38,0.61,0.7349,119,0.59,0.7108,20,0.6,0.7228,1,0.6,0.7228,1133,0
IWM190927C154,2019-09-26,2019-09-26 09:37:39,0.6,0.7228,17,0.59,0.7108,20,0.6,0.7228,2,0.595,0.7168,1139,6
IWM190927C154,2019-09-26,2019-09-26 09:37:39,0.61,0.7349,49,0.59,0.7108,20,0.6,0.7228,2,0.6,0.7228,1139,0
IWM190927C154,2019-09-26,2019-09-26 09:37:40,0.61,0.7349,49,0.59,0.7108,52,0.6,0.7228,2,0.6,0.7228,1139,0
IWM190927C154,2019-09-26,2019-09-26 09:37:40,0.61,0.7349,66,0.59,0.7108,52,0.6,0.7228,2,0.6,0.7228,1139,0
IWM190927C154,2019-09-26,2019-09-26 09:37:41,0.59,0.7108,8,0.58,0.6987,26,0.6,0.7228,2,0.585,0.7048,1139,0
IWM190927C154,2019-09-26,2019-09-26 09:37:41,0.61,0.7349,90,0.59,0.7108,20,0.6,0.7228,2,0.6,0.7228,1139,0
IWM190927C154,2019-09-26,2019-09-26 09:37:42,0.6,0.7228,70,0.58,0.6987,49,0.6,0.7228,2,0.59,0.7108,1139,0
IWM190927C154,2019-09-26,2019-09-26 09:37:42,0.6,0.7228,70,0.58,0.6987,51,0.6,0.7228,2,0.59,0.7108,1139,0
IWM190927C154,2019-09-26,2019-09-26 09:37:43,0.6,0.7228,27,0.58,0.6987,128,0.6,0.7228,2,0.59,0.7108,1139,0
IWM190927C154,2019-09-26,2019-09-26 09:37:43,0.6,0.7228,70,0.58,0.6987,70,0.6,0.7228,2,0.59,0.7108,1139,0
IWM190927C154,2019-09-26,2019-09-26 09:37:44,0.6,0.7228,27,0.58,0.6987,128,0.6,0.7228,2,0.59,0.7108,1139,0
IWM190927C154,2019-09-26,2019-09-26 09:37:44,0.6,0.7228,37,0.58,0.6987,128,0.6,0.7228,2,0.59,0.7108,1139,0
IWM190927C154,2019-09-26,2019-09-26 09:37:45,0.61,0.7349,70,0.58,0.6987,102,0.6,0.7228,2,0.595,0.7168,1139,0
IWM190927C154,2019-09-26,2019-09-26 09:37:45,0.61,0.7349,70,0.59,0.7108,38,0.6,0.7228,2,0.6,0.7228,1139,0
IWM190927C154,2019-09-26,2019-09-26 09:37:46,0.6,0.7228,34,0.59,0.7108,38,0.6,0.7228,2,0.595,0.7168,1139,0
IWM190927C154,2019-09-26,2019-09-26 09:37:46,0.6,0.7228,34,0.58,0.6987,155,0.6,0.7228,2,0.59,0.7108,1139,0
IWM190927C154,2019-09-26,2019-09-26 09:37:47,0.6,0.7228,59,0.58,0.6987,66,0.6,0.7228,2,0.59,0.7108,1139,0
IWM190927C154,2019-09-26,2019-09-26 09:37:47,0.6,0.7228,70,0.58,0.6987,66,0.6,0.7228,2,0.59,0.7108,1139,0
IWM190927C154,2019-09-26,2019-09-26 09:37:48,0.6,0.7228,59,0.58,0.6987,66,0.6,0.7228,2,0.59,0.7108,1139,0
IWM190927C154,2019-09-26,2019-09-26 09:37:49,0.61,0.7349,107,0.59,0.7108,70,0.6,0.7228,2,0.6,0.7228,1139,0
IWM190927C154,2019-09-26,2019-09-26 09:37:49,0.6,0.7228,11,0.58,0.6987,123,0.6,0.7228,2,0.59,0.7108,1139,0
IWM190927C154,2019-09-26,2019-09-26 09:37:50,0.61,0.7349,155,0.59,0.7108,70,0.6,0.7228,2,0.6,0.7228,1139,0
IWM190927C154,2019-09-26,2019-09-26 09:37:51,0.61,0.7349,13,0.59,0.7108,210,0.6,0.7228,2,0.6,0.7228,1139,0
IWM190927C154,2019-09-26,2019-09-26 09:37:51,0.61,0.7349,62,0.59,0.7108,210,0.6,0.7228,2,0.6,0.7228,1139,0
IWM190927C154,2019-09-26,2019-09-26 09:37:52,0.61,0.7349,13,0.59,0.7108,210,0.6,0.7228,108,0.6,0.7228,1330,191
IWM190927C154,2019-09-26,2019-09-26 09:37:52,0.61,0.7349,13,0.59,0.7108,210,0.6,0.7228,2,0.6,0.7228,1139,0
IWM190927C154,2019-09-26,2019-09-26 09:37:53,0.61,0.7349,10,0.59,0.7108,210,0.6,0.7228,20,0.6,0.7228,1351,21
IWM190927C154,2019-09-26,2019-09-26 09:37:53,0.61,0.7349,15,0.59,0.7108,327,0.6,0.7228,1,0.6,0.7228,1352,1
IWM190927C154,2019-09-26,2019-09-26 09:37:54,0.61,0.7349,19,0.59,0.7108,327,0.6,0.7228,1,0.6,0.7228,1352,0
IWM190927C154,2019-09-26,2019-09-26 09:37:55,0.6,0.7228,66,0.59,0.7108,20,0.6,0.7228,1,0.595,0.7168,1352,0
IWM190927C154,2019-09-26,2019-09-26 09:37:55,0.6,0.7228,66,0.59,0.7108,24,0.6,0.7228,1,0.595,0.7168,1352,0
IWM190927C154,2019-09-26,2019-09-26 09:37:56,0.6,0.7228,56,0.59,0.7108,20,0.6,0.7228,1,0.595,0.7168,1352,0
IWM190927C154,2019-09-26,2019-09-26 09:37:56,0.6,0.7228,143,0.57,0.6867,257,0.6,0.7228,1,0.585,0.7048,1352,0
IWM190927C154,2019-09-26,2019-09-26 09:37:57,0.6,0.7228,164,0.57,0.6867,325,0.6,0.7228,1,0.585,0.7048,1352,0
IWM190927C154,2019-09-26,2019-09-26 09:37:57,0.6,0.7228,164,0.57,0.6867,365,0.6,0.7228,1,0.585,0.7048,1352,0
IWM190927C154,2019-09-26,2019-09-26 09:37:58,0.6,0.7228,164,0.57,0.6867,361,0.6,0.7228,1,0.585,0.7048,1352,0
IWM190927C154,2019-09-26,2019-09-26 09:37:59,0.59,0.7108,43,0.57,0.6867,267,0.6,0.7228,1,0.58,0.6987,1352,0
IWM190927C154,2019-09-26,2019-09-26 09:37:59,0.59,0.7108,71,0.57,0.6867,267,0.6,0.7228,1,0.58,0.6987,1352,0
IWM190927C154,2019-09-26,2019-09-26 09:38:00,0.59,0.7108,17,0.57,0.6867,373,0.58,0.6987,11,0.58,0.6987,1363,0
IWM190927C154,2019-09-26,2019-09-26 09:38:00,0.58,0.6987,11,0.57,0.6867,267,0.58,0.6987,11,0.575,0.6927,1363,11
IWM190927C154,2019-09-26,2019-09-26 09:38:01,0.59,0.7108,17,0.57,0.6867,191,0.58,0.6987,11,0.58,0.6987,1363,0
IWM190927C154,2019-09-26,2019-09-26 09:38:02,0.59,0.7108,37,0.57,0.6867,282,0.58,0.6987,11,0.58,0.6987,1363,0
IWM190927C154,2019-09-26,2019-09-26 09:38:02,0.59,0.7108,37,0.57,0.6867,271,0.58,0.6987,11,0.58,0.6987,1363,0
IWM190927C154,2019-09-26,2019-09-26 09:38:03,0.59,0.7108,37,0.57,0.6867,271,0.58,0.6987,11,0.58,0.6987,1363,0
IWM190927C154,2019-09-26,2019-09-26 09:38:03,0.59,0.7108,56,0.57,0.6867,271,0.58,0.6987,11,0.58,0.6987,1363,0
IWM190927C154,2019-09-26,2019-09-26 09:38:04,0.59,0.7108,83,0.57,0.6867,20,0.58,0.6987,11,0.58,0.6987,1363,0
IWM190927C154,2019-09-26,2019-09-26 09:38:04,0.59,0.7108,152,0.57,0.6867,20,0.58,0.6987,11,0.58,0.6987,1363,0
IWM190927C154,2019-09-26,2019-09-26 09:38:05,0.59,0.7108,155,0.57,0.6867,20,0.58,0.6987,11,0.58,0.6987,1363,0
IWM190927C154,2019-09-26,2019-09-26 09:38:06,0.57,0.6867,39,0.55,0.6626,261,0.58,0.6987,11,0.56,0.6746,1363,0
IWM190927C154,2019-09-26,2019-09-26 09:38:06,0.59,0.7108,155,0.57,0.6867,20,0.58,0.6987,11,0.58,0.6987,1363,0
IWM190927C154,2019-09-26,2019-09-26 09:38:07,0.57,0.6867,39,0.55,0.6626,199,0.58,0.6987,11,0.56,0.6746,1363,0
IWM190927C154,2019-09-26,2019-09-26 09:38:07,0.57,0.6867,14,0.55,0.6626,325,0.58,0.6987,11,0.56,0.6746,1363,0
IWM190927C154,2019-09-26,2019-09-26 09:38:08,0.57,0.6867,49,0.55,0.6626,325,0.58,0.6987,11,0.56,0.6746,1363,0
IWM190927C154,2019-09-26,2019-09-26 09:38:09,0.57,0.6867,86,0.55,0.6626,245,0.58,0.6987,11,0.56,0.6746,1363,0
IWM190927C154,2019-09-26,2019-09-26 09:38:10,0.57,0.6867,88,0.55,0.6626,245,0.58,0.6987,11,0.56,0.6746,1363,0
IWM190927C154,2019-09-26,2019-09-26 09:38:10,0.57,0.6867,86,0.55,0.6626,245,0.58,0.6987,11,0.56,0.6746,1363,0
IWM190927C154,2019-09-26,2019-09-26 09:38:11,0.57,0.6867,88,0.55,0.6626,245,0.58,0.6987,11,0.56,0.6746,1363,0
IWM190927C154,2019-09-26,2019-09-26 09:38:12,0.57,0.6867,88,0.55,0.6626,245,0.58,0.6987,11,0.56,0.6746,1363,0
IWM190927C154,2019-09-26,2019-09-26 09:38:13,0.57,0.6867,88,0.55,0.6626,245,0.58,0.6987,11,0.56,0.6746,1363,0
IWM190927C154,2019-09-26,2019-09-26 09:38:14,0.57,0.6867,66,0.55,0.6626,95,0.58,0.6987,11,0.56,0.6746,1363,0
IWM190927C154,2019-09-26,2019-09-26 09:38:14,0.57,0.6867,92,0.55,0.6626,95,0.58,0.6987,11,0.56,0.6746,1363,0
IWM190927C154,2019-09-26,2019-09-26 09:38:15,0.56,0.6746,46,0.55,0.6626,20,0.58,0.6987,11,0.555,0.6686,1363,0
IWM190927C154,2019-09-26,2019-09-26 09:38:16,0.56,0.6746,24,0.55,0.6626,20,0.58,0.6987,11,0.555,0.6686,1363,0
IWM190927C154,2019-09-26,2019-09-26 09:38:16,0.56,0.6746,12,0.55,0.6626,20,0.58,0.6987,11,0.555,0.6686,1363,0
IWM190927C154,2019-09-26,2019-09-26 09:38:17,0.57,0.6867,96,0.55,0.6626,120,0.58,0.6987,11,0.56,0.6746,1363,0
IWM190927C154,2019-09-26,2019-09-26 09:38:17,0.57,0.6867,96,0.55,0.6626,20,0.58,0.6987,11,0.56,0.6746,1363,0
IWM190927C154,2019-09-26,2019-09-26 09:38:18,0.57,0.6867,96,0.55,0.6626,120,0.58,0.6987,11,0.56,0.6746,1363,0
IWM190927C154,2019-09-26,2019-09-26 09:38:19,0.56,0.6746,19,0.55,0.6626,14,0.58,0.6987,11,0.555,0.6686,1363,0
IWM190927C154,2019-09-26,2019-09-26 09:38:19,0.57,0.6867,96,0.55,0.6626,36,0.58,0.6987,11,0.56,0.6746,1363,0
IWM190927C154,2019-09-26,2019-09-26 09:38:20,0.56,0.6746,19,0.55,0.6626,14,0.58,0.6987,11,0.555,0.6686,1363,0
IWM190927C154,2019-09-26,2019-09-26 09:38:20,0.56,0.6746,29,0.55,0.6626,20,0.58,0.6987,11,0.555,0.6686,1363,0
IWM190927C154,2019-09-26,2019-09-26 09:38:21,0.57,0.6867,120,0.55,0.6626,25,0.58,0.6987,11,0.56,0.6746,1363,0
IWM190927C154,2019-09-26,2019-09-26 09:38:21,0.57,0.6867,164,0.55,0.6626,35,0.58,0.6987,11,0.56,0.6746,1363,0
IWM190927C154,2019-09-26,2019-09-26 09:38:22,0.57,0.6867,164,0.55,0.6626,35,0.58,0.6987,11,0.56,0.6746,1363,0
IWM190927C154,2019-09-26,2019-09-26 09:38:23,0.57,0.6867,69,0.55,0.6626,199,0.58,0.6987,11,0.56,0.6746,1363,0
IWM190927C154,2019-09-26,2019-09-26 09:38:23,0.57,0.6867,110,0.55,0.6626,115,0.58,0.6987,11,0.56,0.6746,1363,0
IWM190927C154,2019-09-26,2019-09-26 09:38:24,0.58,0.6987,64,0.55,0.6626,211,0.58,0.6987,11,0.565,0.6807,1363,0
IWM190927C154,2019-09-26,2019-09-26 09:38:24,0.58,0.6987,72,0.56,0.6746,35,0.58,0.6987,11,0.57,0.6867,1363,0
IWM190927C154,2019-09-26,2019-09-26 09:38:25,0.58,0.6987,98,0.56,0.6746,35,0.58,0.6987,11,0.57,0.6867,1363,0
IWM190927C154,2019-09-26,2019-09-26 09:38:25,0.58,0.6987,59,0.56,0.6746,35,0.58,0.6987,11,0.57,0.6867,1363,0
IWM190927C154,2019-09-26,2019-09-26 09:38:26,0.58,0.6987,93,0.57,0.6867,6,0.58,0.6987,11,0.575,0.6927,1363,0
IWM190927C154,2019-09-26,2019-09-26 09:38:26,0.58,0.6987,131,0.56,0.6746,20,0.58,0.6987,11,0.57,0.6867,1363,0
IWM190927C154,2019-09-26,2019-09-26 09:38:27,0.58,0.6987,112,0.56,0.6746,74,0.58,0.6987,11,0.57,0.6867,1363,0
IWM190927C154,2019-09-26,2019-09-26 09:38:27,0.58,0.6987,75,0.56,0.6746,74,0.58,0.6987,11,0.57,0.6867,1363,0
IWM190927C154,2019-09-26,2019-09-26 09:38:28,0.58,0.6987,112,0.56,0.6746,74,0.58,0.6987,11,0.57,0.6867,1363,0
IWM190927C154,2019-09-26,2019-09-26 09:38:28,0.58,0.6987,88,0.55,0.6626,120,0.58,0.6987,11,0.565,0.6807,1363,0
IWM190927C154,2019-09-26,2019-09-26 09:38:29,0.58,0.6987,88,0.55,0.6626,120,0.58,0.6987,11,0.565,0.6807,1363,0
IWM190927C154,2019-09-26,2019-09-26 09:38:30,0.57,0.6867,23,0.55,0.6626,120,0.58,0.6987,11,0.56,0.6746,1363,0
IWM190927C154,2019-09-26,2019-09-26 09:38:30,0.57,0.6867,55,0.55,0.6626,120,0.58,0.6987,11,0.56,0.6746,1363,0
IWM190927C154,2019-09-26,2019-09-26 09:38:31,0.57,0.6867,23,0.56,0.6746,10,0.58,0.6987,11,0.565,0.6807,1363,0
IWM190927C154,2019-09-26,2019-09-26 09:38:31,0.57,0.6867,10,0.56,0.6746,33,0.58,0.6987,11,0.565,0.6807,1363,0
IWM190927C154,2019-09-26,2019-09-26 09:38:32,0.57,0.6867,395,0.56,0.6746,57,0.57,0.6867,1,0.565,0.6807,1374,0
IWM190927C154,2019-09-26,2019-09-26 09:38:32,0.57,0.6867,395,0.56,0.6746,56,0.57,0.6867,1,0.565,0.6807,1374,11
IWM190927C154,2019-09-26,2019-09-26 09:38:33,0.57,0.6867,395,0.56,0.6746,22,0.57,0.6867,1,0.565,0.6807,1374,0
IWM190927C154,2019-09-26,2019-09-26 09:38:33,0.57,0.6867,395,0.56,0.6746,57,0.57,0.6867,1,0.565,0.6807,1374,0
IWM190927C154,2019-09-26,2019-09-26 09:38:34,0.57,0.6867,400,0.56,0.6746,33,0.57,0.6867,1,0.565,0.6807,1374,0
IWM190927C154,2019-09-26,2019-09-26 09:38:34,0.57,0.6867,400,0.56,0.6746,52,0.57,0.6867,1,0.565,0.6807,1374,0
IWM190927C154,2019-09-26,2019-09-26 09:38:35,0.57,0.6867,434,0.55,0.6626,29,0.57,0.6867,1,0.56,0.6746,1374,0
IWM190927C154,2019-09-26,2019-09-26 09:38:35,0.56,0.6746,5,0.55,0.6626,40,0.57,0.6867,1,0.555,0.6686,1374,0
IWM190927C154,2019-09-26,2019-09-26 09:38:36,0.57,0.6867,424,0.55,0.6626,119,0.56,0.6746,10,0.56,0.6746,1384,10
IWM190927C154,2019-09-26,2019-09-26 09:38:36,0.56,0.6746,10,0.55,0.6626,58,0.57,0.6867,1,0.555,0.6686,1374,0
IWM190927C154,2019-09-26,2019-09-26 09:38:37,0.57,0.6867,424,0.55,0.6626,20,0.56,0.6746,10,0.56,0.6746,1384,0
IWM190927C154,2019-09-26,2019-09-26 09:38:37,0.57,0.6867,424,0.55,0.6626,39,0.56,0.6746,10,0.56,0.6746,1384,0
IWM190927C154,2019-09-26,2019-09-26 09:38:38,0.55,0.6626,4,0.54,0.6506,37,0.56,0.6746,10,0.545,0.6566,1384,0
IWM190927C154,2019-09-26,2019-09-26 09:38:38,0.56,0.6746,155,0.54,0.6506,119,0.56,0.6746,10,0.55,0.6626,1384,0
IWM190927C154,2019-09-26,2019-09-26 09:38:39,0.55,0.6626,95,0.53,0.6385,287,0.56,0.6746,10,0.54,0.6506,1384,0
IWM190927C154,2019-09-26,2019-09-26 09:38:39,0.55,0.6626,22,0.53,0.6385,287,0.56,0.6746,10,0.54,0.6506,1384,0
IWM190927C154,2019-09-26,2019-09-26 09:38:40,0.55,0.6626,95,0.53,0.6385,192,0.56,0.6746,10,0.54,0.6506,1384,0
IWM190927C154,2019-09-26,2019-09-26 09:38:40,0.55,0.6626,75,0.54,0.6506,10,0.56,0.6746,10,0.545,0.6566,1384,0
IWM190927C154,2019-09-26,2019-09-26 09:38:41,0.55,0.6626,65,0.53,0.6385,140,0.56,0.6746,10,0.54,0.6506,1384,0
IWM190927C154,2019-09-26,2019-09-26 09:38:42,0.55,0.6626,49,0.53,0.6385,165,0.56,0.6746,10,0.54,0.6506,1384,0
IWM190927C154,2019-09-26,2019-09-26 09:38:42,0.55,0.6626,49,0.53,0.6385,194,0.56,0.6746,10,0.54,0.6506,1384,0
IWM190927C154,2019-09-26,2019-09-26 09:38:43,0.55,0.6626,61,0.53,0.6385,194,0.56,0.6746,10,0.54,0.6506,1384,0
IWM190927C154,2019-09-26,2019-09-26 09:38:43,0.54,0.6506,25,0.53,0.6385,20,0.56,0.6746,10,0.535,0.6445,1384,0
IWM190927C154,2019-09-26,2019-09-26 09:38:44,0.55,0.6626,75,0.53,0.6385,148,0.56,0.6746,10,0.54,0.6506,1384,0
IWM190927C154,2019-09-26,2019-09-26 09:38:44,0.54,0.6506,25,0.53,0.6385,20,0.56,0.6746,10,0.535,0.6445,1384,0
IWM190927C154,2019-09-26,2019-09-26 09:38:45,0.55,0.6626,60,0.53,0.6385,135,0.56,0.6746,10,0.54,0.6506,1384,0
IWM190927C154,2019-09-26,2019-09-26 09:38:45,0.55,0.6626,116,0.53,0.6385,135,0.56,0.6746,10,0.54,0.6506,1384,0
IWM190927C154,2019-09-26,2019-09-26 09:38:46,0.55,0.6626,79,0.53,0.6385,135,0.56,0.6746,10,0.54,0.6506,1384,0
IWM190927C154,2019-09-26,2019-09-26 09:38:46,0.54,0.6506,38,0.53,0.6385,20,0.56,0.6746,10,0.535,0.6445,1384,0
IWM190927C154,2019-09-26,2019-09-26 09:38:47,0.54,0.6506,6,0.53,0.6385,20,0.56,0.6746,10,0.535,0.6445,1384,0
