symbol,Date,quote_time,ask_price,norm_ask_price,ask_size,bid_price,norm_bid_price,bid_size,last_trade_price,norm_last_trade_price,last_trade_size,mark_price,norm_mark_price,volume,Volume
SPY190802C302,2019-07-31,2019-07-31 09:30:00,1.35,1.0,100,1.32,0.9777,60,1.34,0.9925,50,1.335,0.9888,51,51
SPY190802C302,2019-07-31,2019-07-31 09:30:06,1.35,1.0,99,1.32,0.9777,11,1.34,0.9925,50,1.335,0.9888,51,0
SPY190802C302,2019-07-31,2019-07-31 09:30:07,1.35,1.0,99,1.32,0.9777,11,1.34,0.9925,50,1.335,0.9888,51,0
SPY190802C302,2019-07-31,2019-07-31 09:30:08,1.35,1.0,297,1.32,0.9777,36,1.34,0.9925,50,1.335,0.9888,51,0
SPY190802C302,2019-07-31,2019-07-31 09:30:09,1.35,1.0,297,1.32,0.9777,36,1.34,0.9925,2,1.335,0.9888,53,2
SPY190802C302,2019-07-31,2019-07-31 09:30:10,1.35,1.0,297,1.32,0.9777,36,1.33,0.9851,8,1.335,0.9888,61,0
SPY190802C302,2019-07-31,2019-07-31 09:30:10,1.35,1.0,297,1.32,0.9777,36,1.33,0.9851,8,1.335,0.9888,61,8
SPY190802C302,2019-07-31,2019-07-31 09:30:11,1.34,0.9925,5,1.32,0.9777,36,1.33,0.9851,8,1.33,0.9851,61,0
SPY190802C302,2019-07-31,2019-07-31 09:30:12,1.34,0.9925,5,1.32,0.9777,36,1.33,0.9851,8,1.33,0.9851,61,0
SPY190802C302,2019-07-31,2019-07-31 09:30:12,1.34,0.9925,5,1.32,0.9777,36,1.32,0.9777,1,1.33,0.9851,62,1
SPY190802C302,2019-07-31,2019-07-31 09:30:13,1.34,0.9925,5,1.33,0.9851,14,1.32,0.9777,1,1.335,0.9888,62,0
SPY190802C302,2019-07-31,2019-07-31 09:30:13,1.35,1.0,100,1.33,0.9851,14,1.32,0.9777,1,1.34,0.9925,62,0
SPY190802C302,2019-07-31,2019-07-31 09:30:14,1.35,1.0,100,1.33,0.9851,26,1.32,0.9777,1,1.34,0.9925,62,0
SPY190802C302,2019-07-31,2019-07-31 09:30:15,1.34,0.9925,4,1.33,0.9851,16,1.32,0.9777,1,1.335,0.9888,62,0
SPY190802C302,2019-07-31,2019-07-31 09:30:16,1.34,0.9925,4,1.33,0.9851,16,1.32,0.9777,1,1.335,0.9888,62,0
SPY190802C302,2019-07-31,2019-07-31 09:30:17,1.34,0.9925,4,1.33,0.9851,16,1.3,0.9629,8,1.335,0.9888,70,8
SPY190802C302,2019-07-31,2019-07-31 09:30:17,1.34,0.9925,4,1.33,0.9851,16,1.3,0.9629,8,1.335,0.9888,70,0
SPY190802C302,2019-07-31,2019-07-31 09:30:18,1.34,0.9925,4,1.33,0.9851,16,1.3,0.9629,8,1.335,0.9888,70,0
SPY190802C302,2019-07-31,2019-07-31 09:30:19,1.34,0.9925,4,1.33,0.9851,16,1.3,0.9629,8,1.335,0.9888,70,0
SPY190802C302,2019-07-31,2019-07-31 09:30:20,1.34,0.9925,4,1.33,0.9851,16,1.3,0.9629,8,1.335,0.9888,70,0
SPY190802C302,2019-07-31,2019-07-31 09:30:20,1.35,1.0,152,1.32,0.9777,12,1.3,0.9629,8,1.335,0.9888,70,0
SPY190802C302,2019-07-31,2019-07-31 09:30:21,1.35,1.0,242,1.33,0.9851,257,1.3,0.9629,8,1.34,0.9925,70,0
SPY190802C302,2019-07-31,2019-07-31 09:30:21,1.35,1.0,1,1.33,0.9851,75,1.3,0.9629,8,1.34,0.9925,70,0
SPY190802C302,2019-07-31,2019-07-31 09:30:22,1.34,0.9925,12,1.33,0.9851,10,1.3,0.9629,8,1.335,0.9888,70,0
SPY190802C302,2019-07-31,2019-07-31 09:30:23,1.32,0.9777,50,1.31,0.9703,9,1.3,0.9629,8,1.315,0.974,70,0
SPY190802C302,2019-07-31,2019-07-31 09:30:23,1.31,0.9703,5,1.29,0.9555,104,1.3,0.9629,8,1.3,0.9629,70,0
SPY190802C302,2019-07-31,2019-07-31 09:30:24,1.31,0.9703,5,1.3,0.9629,5,1.3,0.9629,8,1.305,0.9666,70,0
SPY190802C302,2019-07-31,2019-07-31 09:30:25,1.3,0.9629,61,1.28,0.9481,367,1.3,0.9629,8,1.29,0.9555,70,0
SPY190802C302,2019-07-31,2019-07-31 09:30:25,1.3,0.9629,258,1.28,0.9481,1237,1.3,0.9629,8,1.29,0.9555,70,0
SPY190802C302,2019-07-31,2019-07-31 09:30:26,1.3,0.9629,100,1.28,0.9481,430,1.3,0.9629,8,1.29,0.9555,70,0
SPY190802C302,2019-07-31,2019-07-31 09:30:26,1.3,0.9629,5,1.28,0.9481,367,1.3,0.9629,8,1.29,0.9555,70,0
SPY190802C302,2019-07-31,2019-07-31 09:30:27,1.3,0.9629,100,1.28,0.9481,485,1.3,0.9629,8,1.29,0.9555,70,0
SPY190802C302,2019-07-31,2019-07-31 09:30:28,1.3,0.9629,130,1.28,0.9481,858,1.3,0.9629,8,1.29,0.9555,70,0
SPY190802C302,2019-07-31,2019-07-31 09:30:28,1.3,0.9629,130,1.28,0.9481,1121,1.3,0.9629,8,1.29,0.9555,70,0
SPY190802C302,2019-07-31,2019-07-31 09:30:29,1.31,0.9703,53,1.28,0.9481,314,1.3,0.9629,8,1.295,0.9592,70,0
SPY190802C302,2019-07-31,2019-07-31 09:30:29,1.3,0.9629,283,1.28,0.9481,838,1.3,0.9629,8,1.29,0.9555,70,0
SPY190802C302,2019-07-31,2019-07-31 09:30:30,1.31,0.9703,130,1.29,0.9555,158,1.3,0.9629,8,1.3,0.9629,70,0
SPY190802C302,2019-07-31,2019-07-31 09:30:31,1.31,0.9703,130,1.29,0.9555,774,1.3,0.9629,8,1.3,0.9629,70,0
SPY190802C302,2019-07-31,2019-07-31 09:30:31,1.31,0.9703,29,1.29,0.9555,674,1.3,0.9629,8,1.3,0.9629,70,0
SPY190802C302,2019-07-31,2019-07-31 09:30:32,1.31,0.9703,16,1.3,0.9629,10,1.3,0.9629,8,1.305,0.9666,70,0
SPY190802C302,2019-07-31,2019-07-31 09:30:32,1.31,0.9703,130,1.29,0.9555,774,1.3,0.9629,8,1.3,0.9629,70,0
SPY190802C302,2019-07-31,2019-07-31 09:30:33,1.31,0.9703,130,1.29,0.9555,617,1.3,0.9629,8,1.3,0.9629,70,0
SPY190802C302,2019-07-31,2019-07-31 09:30:33,1.31,0.9703,130,1.3,0.9629,10,1.3,0.9629,8,1.305,0.9666,70,0
SPY190802C302,2019-07-31,2019-07-31 09:30:34,1.31,0.9703,5,1.3,0.9629,131,1.3,0.9629,8,1.305,0.9666,70,0
SPY190802C302,2019-07-31,2019-07-31 09:30:35,1.31,0.9703,117,1.3,0.9629,366,1.3,0.9629,1,1.305,0.9666,71,1
SPY190802C302,2019-07-31,2019-07-31 09:30:35,1.31,0.9703,10,1.3,0.9629,54,1.3,0.9629,8,1.305,0.9666,70,0
SPY190802C302,2019-07-31,2019-07-31 09:30:36,1.31,0.9703,10,1.3,0.9629,560,1.3,0.9629,1,1.305,0.9666,71,0
SPY190802C302,2019-07-31,2019-07-31 09:30:37,1.31,0.9703,10,1.3,0.9629,1198,1.3,0.9629,1,1.305,0.9666,71,0
SPY190802C302,2019-07-31,2019-07-31 09:30:37,1.31,0.9703,10,1.3,0.9629,840,1.3,0.9629,1,1.305,0.9666,71,0
SPY190802C302,2019-07-31,2019-07-31 09:30:38,1.32,0.9777,5,1.31,0.9703,312,1.31,0.9703,90,1.315,0.974,171,100
SPY190802C302,2019-07-31,2019-07-31 09:30:38,1.32,0.9777,5,1.31,0.9703,366,1.31,0.9703,90,1.315,0.974,171,0
SPY190802C302,2019-07-31,2019-07-31 09:30:39,1.32,0.9777,4,1.31,0.9703,566,1.31,0.9703,90,1.315,0.974,171,0
SPY190802C302,2019-07-31,2019-07-31 09:30:40,1.32,0.9777,4,1.31,0.9703,304,1.31,0.9703,90,1.315,0.974,171,0
SPY190802C302,2019-07-31,2019-07-31 09:30:41,1.32,0.9777,5,1.31,0.9703,4,1.31,0.9703,90,1.315,0.974,171,0
SPY190802C302,2019-07-31,2019-07-31 09:30:42,1.33,0.9851,366,1.31,0.9703,16,1.31,0.9703,1,1.32,0.9777,172,1
SPY190802C302,2019-07-31,2019-07-31 09:30:42,1.33,0.9851,240,1.3,0.9629,545,1.31,0.9703,1,1.315,0.974,172,0
SPY190802C302,2019-07-31,2019-07-31 09:30:43,1.33,0.9851,240,1.3,0.9629,161,1.31,0.9703,1,1.315,0.974,172,0
SPY190802C302,2019-07-31,2019-07-31 09:30:43,1.32,0.9777,230,1.3,0.9629,4,1.31,0.9703,1,1.31,0.9703,172,0
SPY190802C302,2019-07-31,2019-07-31 09:30:44,1.31,0.9703,16,1.3,0.9629,4,1.31,0.9703,1,1.305,0.9666,172,0
SPY190802C302,2019-07-31,2019-07-31 09:30:45,1.31,0.9703,5,1.29,0.9555,818,1.31,0.9703,1,1.3,0.9629,172,0
SPY190802C302,2019-07-31,2019-07-31 09:30:45,1.31,0.9703,16,1.29,0.9555,765,1.31,0.9703,1,1.3,0.9629,172,0
SPY190802C302,2019-07-31,2019-07-31 09:30:46,1.32,0.9777,130,1.31,0.9703,5,1.31,0.9703,1,1.315,0.974,172,0
SPY190802C302,2019-07-31,2019-07-31 09:30:46,1.32,0.9777,130,1.3,0.9629,5,1.31,0.9703,1,1.31,0.9703,172,0
SPY190802C302,2019-07-31,2019-07-31 09:30:47,1.33,0.9851,148,1.31,0.9703,181,1.31,0.9703,1,1.32,0.9777,172,0
SPY190802C302,2019-07-31,2019-07-31 09:30:48,1.33,0.9851,180,1.31,0.9703,465,1.31,0.9703,1,1.32,0.9777,172,0
SPY190802C302,2019-07-31,2019-07-31 09:30:49,1.33,0.9851,180,1.31,0.9703,469,1.31,0.9703,1,1.32,0.9777,172,0
SPY190802C302,2019-07-31,2019-07-31 09:30:50,1.32,0.9777,16,1.31,0.9703,26,1.31,0.9703,3,1.315,0.974,175,0
SPY190802C302,2019-07-31,2019-07-31 09:30:50,1.33,0.9851,180,1.31,0.9703,463,1.31,0.9703,3,1.32,0.9777,175,3
SPY190802C302,2019-07-31,2019-07-31 09:30:51,1.32,0.9777,100,1.3,0.9629,1004,1.31,0.9703,3,1.31,0.9703,178,3
SPY190802C302,2019-07-31,2019-07-31 09:30:51,1.32,0.9777,16,1.31,0.9703,28,1.31,0.9703,3,1.315,0.974,175,0
SPY190802C302,2019-07-31,2019-07-31 09:30:52,1.32,0.9777,100,1.31,0.9703,16,1.31,0.9703,5,1.315,0.974,183,5
SPY190802C302,2019-07-31,2019-07-31 09:30:52,1.33,0.9851,130,1.31,0.9703,196,1.31,0.9703,5,1.32,0.9777,183,0
SPY190802C302,2019-07-31,2019-07-31 09:30:53,1.33,0.9851,180,1.31,0.9703,562,1.31,0.9703,5,1.32,0.9777,183,0
SPY190802C302,2019-07-31,2019-07-31 09:31:06,1.33,0.9851,5,1.31,0.9703,276,1.32,0.9777,2,1.32,0.9777,185,2
SPY190802C302,2019-07-31,2019-07-31 09:31:07,1.33,0.9851,66,1.31,0.9703,572,1.32,0.9777,2,1.32,0.9777,185,0
SPY190802C302,2019-07-31,2019-07-31 09:31:07,1.33,0.9851,16,1.31,0.9703,143,1.32,0.9777,2,1.32,0.9777,185,0
SPY190802C302,2019-07-31,2019-07-31 09:31:08,1.32,0.9777,5,1.31,0.9703,1,1.32,0.9777,2,1.315,0.974,185,0
SPY190802C302,2019-07-31,2019-07-31 09:31:09,1.33,0.9851,486,1.31,0.9703,121,1.32,0.9777,2,1.32,0.9777,185,0
SPY190802C302,2019-07-31,2019-07-31 09:31:09,1.33,0.9851,486,1.31,0.9703,131,1.32,0.9777,2,1.32,0.9777,185,0
SPY190802C302,2019-07-31,2019-07-31 09:31:10,1.32,0.9777,130,1.31,0.9703,4,1.32,0.9777,2,1.315,0.974,185,0
SPY190802C302,2019-07-31,2019-07-31 09:31:10,1.32,0.9777,134,1.31,0.9703,1,1.32,0.9777,2,1.315,0.974,185,0
SPY190802C302,2019-07-31,2019-07-31 09:31:11,1.32,0.9777,209,1.31,0.9703,1,1.32,0.9777,2,1.315,0.974,185,0
SPY190802C302,2019-07-31,2019-07-31 09:31:12,1.32,0.9777,261,1.3,0.9629,193,1.31,0.9703,1,1.31,0.9703,188,3
SPY190802C302,2019-07-31,2019-07-31 09:31:12,1.32,0.9777,290,1.31,0.9703,1,1.32,0.9777,2,1.315,0.974,185,0
SPY190802C302,2019-07-31,2019-07-31 09:31:13,1.32,0.9777,263,1.3,0.9629,193,1.31,0.9703,1,1.31,0.9703,188,0
SPY190802C302,2019-07-31,2019-07-31 09:31:13,1.32,0.9777,248,1.3,0.9629,193,1.31,0.9703,1,1.31,0.9703,188,0
SPY190802C302,2019-07-31,2019-07-31 09:31:14,1.32,0.9777,201,1.3,0.9629,470,1.31,0.9703,1,1.31,0.9703,188,0
SPY190802C302,2019-07-31,2019-07-31 09:31:15,1.32,0.9777,130,1.31,0.9703,1,1.31,0.9703,1,1.315,0.974,188,0
SPY190802C302,2019-07-31,2019-07-31 09:31:15,1.32,0.9777,285,1.31,0.9703,1,1.31,0.9703,1,1.315,0.974,188,0
SPY190802C302,2019-07-31,2019-07-31 09:31:16,1.32,0.9777,5,1.31,0.9703,150,1.31,0.9703,1,1.315,0.974,188,0
SPY190802C302,2019-07-31,2019-07-31 09:31:17,1.32,0.9777,5,1.31,0.9703,93,1.31,0.9703,1,1.315,0.974,188,0
SPY190802C302,2019-07-31,2019-07-31 09:31:18,1.32,0.9777,16,1.31,0.9703,6,1.31,0.9703,1,1.315,0.974,188,0
SPY190802C302,2019-07-31,2019-07-31 09:31:18,1.32,0.9777,129,1.31,0.9703,151,1.31,0.9703,1,1.315,0.974,188,0
SPY190802C302,2019-07-31,2019-07-31 09:31:19,1.32,0.9777,16,1.31,0.9703,4,1.31,0.9703,1,1.315,0.974,188,0
SPY190802C302,2019-07-31,2019-07-31 09:31:19,1.32,0.9777,16,1.31,0.9703,313,1.31,0.9703,1,1.315,0.974,188,0
SPY190802C302,2019-07-31,2019-07-31 09:31:20,1.32,0.9777,16,1.31,0.9703,7,1.31,0.9703,1,1.315,0.974,188,0
SPY190802C302,2019-07-31,2019-07-31 09:31:21,1.32,0.9777,100,1.31,0.9703,16,1.31,0.9703,1,1.315,0.974,188,0
SPY190802C302,2019-07-31,2019-07-31 09:31:22,1.33,0.9851,158,1.31,0.9703,349,1.31,0.9703,1,1.32,0.9777,188,0
SPY190802C302,2019-07-31,2019-07-31 09:31:22,1.32,0.9777,100,1.31,0.9703,1,1.31,0.9703,1,1.315,0.974,188,0
SPY190802C302,2019-07-31,2019-07-31 09:31:23,1.33,0.9851,158,1.31,0.9703,227,1.31,0.9703,1,1.32,0.9777,188,0
SPY190802C302,2019-07-31,2019-07-31 09:31:23,1.32,0.9777,5,1.31,0.9703,1,1.31,0.9703,1,1.315,0.974,188,0
SPY190802C302,2019-07-31,2019-07-31 09:31:24,1.32,0.9777,5,1.31,0.9703,1,1.31,0.9703,1,1.315,0.974,188,0
SPY190802C302,2019-07-31,2019-07-31 09:31:25,1.32,0.9777,180,1.31,0.9703,1,1.31,0.9703,1,1.315,0.974,188,0
SPY190802C302,2019-07-31,2019-07-31 09:31:25,1.32,0.9777,5,1.31,0.9703,1,1.31,0.9703,1,1.315,0.974,188,0
SPY190802C302,2019-07-31,2019-07-31 09:31:26,1.32,0.9777,247,1.31,0.9703,1,1.31,0.9703,1,1.315,0.974,188,0
SPY190802C302,2019-07-31,2019-07-31 09:31:26,1.32,0.9777,180,1.31,0.9703,1,1.31,0.9703,1,1.315,0.974,188,0
SPY190802C302,2019-07-31,2019-07-31 09:31:27,1.32,0.9777,252,1.31,0.9703,1,1.31,0.9703,1,1.315,0.974,188,0
SPY190802C302,2019-07-31,2019-07-31 09:31:28,1.32,0.9777,247,1.31,0.9703,1,1.31,0.9703,1,1.315,0.974,188,0
SPY190802C302,2019-07-31,2019-07-31 09:31:29,1.32,0.9777,130,1.31,0.9703,1,1.31,0.9703,1,1.315,0.974,188,0
SPY190802C302,2019-07-31,2019-07-31 09:31:29,1.33,0.9851,180,1.31,0.9703,1,1.31,0.9703,1,1.32,0.9777,188,0
SPY190802C302,2019-07-31,2019-07-31 09:31:30,1.33,0.9851,279,1.31,0.9703,210,1.31,0.9703,1,1.32,0.9777,188,0
SPY190802C302,2019-07-31,2019-07-31 09:31:31,1.33,0.9851,157,1.32,0.9777,18,1.31,0.9703,1,1.325,0.9814,188,0
SPY190802C302,2019-07-31,2019-07-31 09:31:32,1.33,0.9851,450,1.31,0.9703,16,1.31,0.9703,1,1.32,0.9777,188,0
SPY190802C302,2019-07-31,2019-07-31 09:31:33,1.33,0.9851,255,1.31,0.9703,204,1.31,0.9703,1,1.32,0.9777,188,0
SPY190802C302,2019-07-31,2019-07-31 09:31:34,1.34,0.9925,385,1.31,0.9703,20,1.31,0.9703,1,1.325,0.9814,188,0
SPY190802C302,2019-07-31,2019-07-31 09:31:34,1.33,0.9851,215,1.31,0.9703,412,1.31,0.9703,1,1.32,0.9777,188,0
SPY190802C302,2019-07-31,2019-07-31 09:31:35,1.33,0.9851,5,1.32,0.9777,50,1.31,0.9703,1,1.325,0.9814,188,0
SPY190802C302,2019-07-31,2019-07-31 09:31:36,1.34,0.9925,258,1.32,0.9777,79,1.31,0.9703,1,1.33,0.9851,188,0
SPY190802C302,2019-07-31,2019-07-31 09:31:36,1.34,0.9925,180,1.32,0.9777,79,1.31,0.9703,1,1.33,0.9851,188,0
SPY190802C302,2019-07-31,2019-07-31 09:31:37,1.34,0.9925,187,1.32,0.9777,1108,1.31,0.9703,1,1.33,0.9851,188,0
SPY190802C302,2019-07-31,2019-07-31 09:31:38,1.34,0.9925,210,1.32,0.9777,888,1.31,0.9703,1,1.33,0.9851,188,0
SPY190802C302,2019-07-31,2019-07-31 09:31:39,1.34,0.9925,160,1.32,0.9777,862,1.31,0.9703,1,1.33,0.9851,188,0
SPY190802C302,2019-07-31,2019-07-31 09:31:40,1.34,0.9925,100,1.33,0.9851,50,1.31,0.9703,1,1.335,0.9888,188,0
SPY190802C302,2019-07-31,2019-07-31 09:31:40,1.34,0.9925,6,1.32,0.9777,745,1.31,0.9703,1,1.33,0.9851,188,0
SPY190802C302,2019-07-31,2019-07-31 09:31:41,1.34,0.9925,100,1.33,0.9851,95,1.31,0.9703,1,1.335,0.9888,188,0
SPY190802C302,2019-07-31,2019-07-31 09:31:41,1.33,0.9851,6,1.32,0.9777,853,1.31,0.9703,1,1.325,0.9814,188,0
SPY190802C302,2019-07-31,2019-07-31 09:31:42,1.34,0.9925,121,1.33,0.9851,50,1.31,0.9703,1,1.335,0.9888,188,0
SPY190802C302,2019-07-31,2019-07-31 09:31:43,1.34,0.9925,100,1.33,0.9851,86,1.31,0.9703,1,1.335,0.9888,188,0
SPY190802C302,2019-07-31,2019-07-31 09:31:43,1.34,0.9925,100,1.33,0.9851,50,1.31,0.9703,1,1.335,0.9888,188,0
SPY190802C302,2019-07-31,2019-07-31 09:31:44,1.34,0.9925,100,1.33,0.9851,50,1.31,0.9703,1,1.335,0.9888,188,0
SPY190802C302,2019-07-31,2019-07-31 09:31:45,1.34,0.9925,10,1.33,0.9851,50,1.31,0.9703,1,1.335,0.9888,188,0
SPY190802C302,2019-07-31,2019-07-31 09:31:45,1.34,0.9925,100,1.33,0.9851,50,1.31,0.9703,1,1.335,0.9888,188,0
SPY190802C302,2019-07-31,2019-07-31 09:31:46,1.34,0.9925,100,1.33,0.9851,50,1.31,0.9703,1,1.335,0.9888,188,0
SPY190802C302,2019-07-31,2019-07-31 09:31:46,1.33,0.9851,6,1.32,0.9777,60,1.31,0.9703,1,1.325,0.9814,188,0
SPY190802C302,2019-07-31,2019-07-31 09:31:47,1.33,0.9851,100,1.32,0.9777,54,1.31,0.9703,1,1.325,0.9814,188,0
SPY190802C302,2019-07-31,2019-07-31 09:31:48,1.33,0.9851,100,1.31,0.9703,715,1.33,0.9851,10,1.32,0.9777,198,10
SPY190802C302,2019-07-31,2019-07-31 09:31:48,1.33,0.9851,100,1.32,0.9777,122,1.33,0.9851,10,1.325,0.9814,198,0
SPY190802C302,2019-07-31,2019-07-31 09:31:49,1.33,0.9851,62,1.32,0.9777,50,1.33,0.9851,10,1.325,0.9814,198,0
SPY190802C302,2019-07-31,2019-07-31 09:31:49,1.33,0.9851,62,1.32,0.9777,54,1.33,0.9851,10,1.325,0.9814,198,0
SPY190802C302,2019-07-31,2019-07-31 09:31:50,1.33,0.9851,62,1.32,0.9777,106,1.33,0.9851,10,1.325,0.9814,198,0
SPY190802C302,2019-07-31,2019-07-31 09:31:51,1.33,0.9851,60,1.32,0.9777,106,1.33,0.9851,10,1.325,0.9814,198,0
SPY190802C302,2019-07-31,2019-07-31 09:31:52,1.33,0.9851,10,1.32,0.9777,111,1.33,0.9851,10,1.325,0.9814,198,0
SPY190802C302,2019-07-31,2019-07-31 09:31:52,1.33,0.9851,6,1.32,0.9777,106,1.33,0.9851,10,1.325,0.9814,198,0
SPY190802C302,2019-07-31,2019-07-31 09:31:53,1.33,0.9851,6,1.32,0.9777,108,1.33,0.9851,10,1.325,0.9814,198,0
SPY190802C302,2019-07-31,2019-07-31 09:31:54,1.33,0.9851,84,1.32,0.9777,49,1.33,0.9851,10,1.325,0.9814,198,0
SPY190802C302,2019-07-31,2019-07-31 09:31:54,1.33,0.9851,84,1.32,0.9777,108,1.33,0.9851,10,1.325,0.9814,198,0
SPY190802C302,2019-07-31,2019-07-31 09:31:55,1.33,0.9851,84,1.32,0.9777,49,1.33,0.9851,10,1.325,0.9814,198,0
SPY190802C302,2019-07-31,2019-07-31 09:31:56,1.33,0.9851,10,1.32,0.9777,511,1.33,0.9851,10,1.325,0.9814,198,0
SPY190802C302,2019-07-31,2019-07-31 09:31:56,1.33,0.9851,10,1.32,0.9777,66,1.33,0.9851,10,1.325,0.9814,198,0
SPY190802C302,2019-07-31,2019-07-31 09:31:57,1.33,0.9851,10,1.32,0.9777,496,1.33,0.9851,10,1.325,0.9814,198,0
SPY190802C302,2019-07-31,2019-07-31 09:31:57,1.33,0.9851,10,1.32,0.9777,679,1.33,0.9851,10,1.325,0.9814,198,0
SPY190802C302,2019-07-31,2019-07-31 09:31:59,1.33,0.9851,32,1.32,0.9777,248,1.33,0.9851,10,1.325,0.9814,198,0
SPY190802C302,2019-07-31,2019-07-31 09:32:00,1.33,0.9851,130,1.32,0.9777,10,1.33,0.9851,10,1.325,0.9814,198,0
SPY190802C302,2019-07-31,2019-07-31 09:32:00,1.33,0.9851,180,1.32,0.9777,9,1.32,0.9777,1,1.325,0.9814,199,1
SPY190802C302,2019-07-31,2019-07-31 09:32:01,1.32,0.9777,5,1.32,0.9777,6,1.32,0.9777,3,1.32,0.9777,208,9
SPY190802C302,2019-07-31,2019-07-31 09:32:02,1.32,0.9777,68,1.31,0.9703,1,1.32,0.9777,3,1.315,0.974,208,0
SPY190802C302,2019-07-31,2019-07-31 09:32:02,1.32,0.9777,180,1.31,0.9703,1,1.32,0.9777,3,1.315,0.974,208,0
SPY190802C302,2019-07-31,2019-07-31 09:32:03,1.32,0.9777,180,1.31,0.9703,1,1.32,0.9777,3,1.315,0.974,208,0
SPY190802C302,2019-07-31,2019-07-31 09:32:03,1.32,0.9777,130,1.31,0.9703,1,1.32,0.9777,3,1.315,0.974,208,0
SPY190802C302,2019-07-31,2019-07-31 09:32:04,1.32,0.9777,267,1.31,0.9703,1,1.32,0.9777,3,1.315,0.974,208,0
SPY190802C302,2019-07-31,2019-07-31 09:32:05,1.32,0.9777,283,1.31,0.9703,1,1.32,0.9777,3,1.315,0.974,208,0
SPY190802C302,2019-07-31,2019-07-31 09:32:05,1.32,0.9777,333,1.31,0.9703,1,1.32,0.9777,3,1.315,0.974,208,0
SPY190802C302,2019-07-31,2019-07-31 09:32:06,1.32,0.9777,666,1.29,0.9555,526,1.31,0.9703,1,1.305,0.9666,209,1
SPY190802C302,2019-07-31,2019-07-31 09:32:06,1.32,0.9777,622,1.31,0.9703,1,1.32,0.9777,3,1.315,0.974,208,0
SPY190802C302,2019-07-31,2019-07-31 09:32:07,1.31,0.9703,100,1.3,0.9629,106,1.3,0.9629,10,1.305,0.9666,219,10
SPY190802C302,2019-07-31,2019-07-31 09:32:08,1.32,0.9777,429,1.3,0.9629,106,1.3,0.9629,10,1.31,0.9703,219,0
SPY190802C302,2019-07-31,2019-07-31 09:32:08,1.31,0.9703,180,1.3,0.9629,16,1.3,0.9629,10,1.305,0.9666,219,0
SPY190802C302,2019-07-31,2019-07-31 09:32:09,1.3,0.9629,38,1.29,0.9555,373,1.3,0.9629,2,1.295,0.9592,221,2
SPY190802C302,2019-07-31,2019-07-31 09:32:10,1.29,0.9555,6,1.28,0.9481,111,1.3,0.9629,2,1.285,0.9518,221,0
SPY190802C302,2019-07-31,2019-07-31 09:32:10,1.29,0.9555,6,1.28,0.9481,307,1.3,0.9629,2,1.285,0.9518,221,0
SPY190802C302,2019-07-31,2019-07-31 09:32:11,1.29,0.9555,10,1.28,0.9481,111,1.3,0.9629,2,1.285,0.9518,221,0
SPY190802C302,2019-07-31,2019-07-31 09:32:11,1.29,0.9555,100,1.28,0.9481,111,1.3,0.9629,2,1.285,0.9518,221,0
SPY190802C302,2019-07-31,2019-07-31 09:32:12,1.29,0.9555,100,1.28,0.9481,89,1.3,0.9629,2,1.285,0.9518,221,0
SPY190802C302,2019-07-31,2019-07-31 09:32:13,1.29,0.9555,100,1.28,0.9481,373,1.3,0.9629,2,1.285,0.9518,221,0
SPY190802C302,2019-07-31,2019-07-31 09:32:13,1.29,0.9555,100,1.28,0.9481,50,1.3,0.9629,2,1.285,0.9518,221,0
SPY190802C302,2019-07-31,2019-07-31 09:32:14,1.3,0.9629,6,1.29,0.9555,100,1.29,0.9555,60,1.295,0.9592,325,0
SPY190802C302,2019-07-31,2019-07-31 09:32:14,1.3,0.9629,71,1.29,0.9555,100,1.29,0.9555,60,1.295,0.9592,325,104
SPY190802C302,2019-07-31,2019-07-31 09:32:15,1.31,0.9703,366,1.29,0.9555,90,1.29,0.9555,60,1.3,0.9629,325,0
SPY190802C302,2019-07-31,2019-07-31 09:32:16,1.3,0.9629,5,1.29,0.9555,113,1.29,0.9555,60,1.295,0.9592,325,0
SPY190802C302,2019-07-31,2019-07-31 09:32:18,1.29,0.9555,16,1.28,0.9481,506,1.29,0.9555,60,1.285,0.9518,325,0
SPY190802C302,2019-07-31,2019-07-31 09:32:18,1.3,0.9629,100,1.28,0.9481,556,1.29,0.9555,60,1.29,0.9555,325,0
SPY190802C302,2019-07-31,2019-07-31 09:32:19,1.29,0.9555,32,1.28,0.9481,489,1.29,0.9555,60,1.285,0.9518,325,0
SPY190802C302,2019-07-31,2019-07-31 09:32:20,1.3,0.9629,130,1.28,0.9481,164,1.29,0.9555,60,1.29,0.9555,325,0
SPY190802C302,2019-07-31,2019-07-31 09:32:20,1.3,0.9629,100,1.28,0.9481,164,1.29,0.9555,60,1.29,0.9555,325,0
SPY190802C302,2019-07-31,2019-07-31 09:32:21,1.29,0.9555,6,1.28,0.9481,489,1.29,0.9555,60,1.285,0.9518,325,0
SPY190802C302,2019-07-31,2019-07-31 09:32:22,1.3,0.9629,130,1.28,0.9481,489,1.29,0.9555,60,1.29,0.9555,325,0
SPY190802C302,2019-07-31,2019-07-31 09:32:23,1.3,0.9629,10,1.28,0.9481,489,1.29,0.9555,60,1.29,0.9555,325,0
SPY190802C302,2019-07-31,2019-07-31 09:32:23,1.3,0.9629,6,1.28,0.9481,506,1.29,0.9555,60,1.29,0.9555,325,0
SPY190802C302,2019-07-31,2019-07-31 09:32:24,1.3,0.9629,125,1.28,0.9481,30,1.29,0.9555,60,1.29,0.9555,325,0
SPY190802C302,2019-07-31,2019-07-31 09:32:24,1.3,0.9629,100,1.29,0.9555,30,1.29,0.9555,60,1.295,0.9592,325,0
SPY190802C302,2019-07-31,2019-07-31 09:32:25,1.29,0.9555,72,1.28,0.9481,96,1.28,0.9481,10,1.285,0.9518,335,10
SPY190802C302,2019-07-31,2019-07-31 09:32:26,1.29,0.9555,125,1.28,0.9481,67,1.28,0.9481,10,1.285,0.9518,335,0
SPY190802C302,2019-07-31,2019-07-31 09:32:27,1.29,0.9555,253,1.28,0.9481,73,1.28,0.9481,10,1.285,0.9518,335,0
SPY190802C302,2019-07-31,2019-07-31 09:32:28,1.3,0.9629,204,1.29,0.9555,6,1.28,0.9481,10,1.295,0.9592,335,0
SPY190802C302,2019-07-31,2019-07-31 09:32:28,1.29,0.9555,5,1.29,0.9555,4,1.28,0.9481,10,1.29,0.9555,335,0
SPY190802C302,2019-07-31,2019-07-31 09:32:29,1.29,0.9555,100,1.27,0.9407,496,1.28,0.9481,10,1.28,0.9481,335,0
SPY190802C302,2019-07-31,2019-07-31 09:32:29,1.29,0.9555,5,1.28,0.9481,109,1.28,0.9481,10,1.285,0.9518,335,0
SPY190802C302,2019-07-31,2019-07-31 09:32:30,1.29,0.9555,130,1.28,0.9481,34,1.28,0.9481,10,1.285,0.9518,335,0
SPY190802C302,2019-07-31,2019-07-31 09:32:31,1.29,0.9555,6,1.28,0.9481,96,1.28,0.9481,10,1.285,0.9518,335,0
SPY190802C302,2019-07-31,2019-07-31 09:32:32,1.29,0.9555,5,1.28,0.9481,96,1.28,0.9481,10,1.285,0.9518,335,0
SPY190802C302,2019-07-31,2019-07-31 09:32:32,1.29,0.9555,180,1.28,0.9481,30,1.28,0.9481,10,1.285,0.9518,335,0
SPY190802C302,2019-07-31,2019-07-31 09:32:33,1.29,0.9555,180,1.28,0.9481,44,1.28,0.9481,10,1.285,0.9518,335,0
SPY190802C302,2019-07-31,2019-07-31 09:32:34,1.28,0.9481,180,1.27,0.9407,40,1.29,0.9555,1,1.275,0.9444,336,0
SPY190802C302,2019-07-31,2019-07-31 09:32:34,1.28,0.9481,5,1.27,0.9407,48,1.29,0.9555,1,1.275,0.9444,336,1
SPY190802C302,2019-07-31,2019-07-31 09:32:35,1.28,0.9481,5,1.27,0.9407,143,1.28,0.9481,20,1.275,0.9444,356,0
SPY190802C302,2019-07-31,2019-07-31 09:32:35,1.28,0.9481,130,1.27,0.9407,40,1.28,0.9481,20,1.275,0.9444,356,20
SPY190802C302,2019-07-31,2019-07-31 09:32:36,1.29,0.9555,366,1.27,0.9407,93,1.28,0.9481,20,1.28,0.9481,356,0
SPY190802C302,2019-07-31,2019-07-31 09:32:37,1.28,0.9481,5,1.27,0.9407,93,1.28,0.9481,20,1.275,0.9444,356,0
SPY190802C302,2019-07-31,2019-07-31 09:32:38,1.29,0.9555,366,1.28,0.9481,30,1.28,0.9481,20,1.285,0.9518,356,0
SPY190802C302,2019-07-31,2019-07-31 09:32:38,1.28,0.9481,5,1.27,0.9407,170,1.28,0.9481,20,1.275,0.9444,356,0
SPY190802C302,2019-07-31,2019-07-31 09:32:39,1.28,0.9481,6,1.27,0.9407,60,1.28,0.9481,20,1.275,0.9444,356,0
SPY190802C302,2019-07-31,2019-07-31 09:32:39,1.28,0.9481,5,1.27,0.9407,60,1.28,0.9481,20,1.275,0.9444,356,0
SPY190802C302,2019-07-31,2019-07-31 09:32:41,1.29,0.9555,5,1.28,0.9481,112,1.28,0.9481,20,1.285,0.9518,356,0
SPY190802C302,2019-07-31,2019-07-31 09:32:41,1.29,0.9555,5,1.28,0.9481,100,1.28,0.9481,20,1.285,0.9518,356,0
SPY190802C302,2019-07-31,2019-07-31 09:32:42,1.29,0.9555,5,1.28,0.9481,70,1.28,0.9481,20,1.285,0.9518,356,0
SPY190802C302,2019-07-31,2019-07-31 09:32:43,1.29,0.9555,64,1.27,0.9407,308,1.28,0.9481,1,1.28,0.9481,357,0
SPY190802C302,2019-07-31,2019-07-31 09:32:43,1.29,0.9555,64,1.28,0.9481,30,1.28,0.9481,1,1.285,0.9518,357,1
SPY190802C302,2019-07-31,2019-07-31 09:32:45,1.29,0.9555,366,1.28,0.9481,30,1.28,0.9481,1,1.285,0.9518,357,0
SPY190802C302,2019-07-31,2019-07-31 09:32:46,1.29,0.9555,366,1.28,0.9481,46,1.28,0.9481,1,1.285,0.9518,357,0
SPY190802C302,2019-07-31,2019-07-31 09:32:47,1.29,0.9555,249,1.28,0.9481,30,1.28,0.9481,1,1.285,0.9518,357,0
SPY190802C302,2019-07-31,2019-07-31 09:32:48,1.29,0.9555,366,1.28,0.9481,30,1.28,0.9481,1,1.285,0.9518,357,0
SPY190802C302,2019-07-31,2019-07-31 09:32:48,1.29,0.9555,366,1.28,0.9481,46,1.28,0.9481,1,1.285,0.9518,357,0
SPY190802C302,2019-07-31,2019-07-31 09:32:49,1.29,0.9555,100,1.28,0.9481,179,1.28,0.9481,1,1.285,0.9518,357,0
SPY190802C302,2019-07-31,2019-07-31 09:32:49,1.29,0.9555,6,1.28,0.9481,80,1.28,0.9481,1,1.285,0.9518,357,0
SPY190802C302,2019-07-31,2019-07-31 09:32:50,1.3,0.9629,216,1.29,0.9555,30,1.29,0.9555,1,1.295,0.9592,358,1
SPY190802C302,2019-07-31,2019-07-31 09:32:50,1.3,0.9629,321,1.28,0.9481,179,1.28,0.9481,1,1.29,0.9555,357,0
SPY190802C302,2019-07-31,2019-07-31 09:32:51,1.3,0.9629,130,1.29,0.9555,30,1.29,0.9555,1,1.295,0.9592,358,0
SPY190802C302,2019-07-31,2019-07-31 09:32:52,1.3,0.9629,10,1.29,0.9555,85,1.29,0.9555,1,1.295,0.9592,358,0
SPY190802C302,2019-07-31,2019-07-31 09:32:52,1.3,0.9629,130,1.29,0.9555,30,1.29,0.9555,1,1.295,0.9592,358,0
SPY190802C302,2019-07-31,2019-07-31 09:32:53,1.31,0.9703,120,1.3,0.9629,71,1.29,0.9555,1,1.305,0.9666,358,0
SPY190802C302,2019-07-31,2019-07-31 09:32:53,1.31,0.9703,135,1.29,0.9555,102,1.29,0.9555,1,1.3,0.9629,358,0
SPY190802C302,2019-07-31,2019-07-31 09:32:54,1.31,0.9703,1,1.3,0.9629,151,1.29,0.9555,1,1.305,0.9666,358,0
SPY190802C302,2019-07-31,2019-07-31 09:32:55,1.32,0.9777,137,1.31,0.9703,31,1.31,0.9703,1,1.315,0.974,359,1
SPY190802C302,2019-07-31,2019-07-31 09:32:55,1.31,0.9703,1,1.3,0.9629,263,1.29,0.9555,1,1.305,0.9666,358,0
SPY190802C302,2019-07-31,2019-07-31 09:32:56,1.32,0.9777,130,1.31,0.9703,83,1.31,0.9703,1,1.315,0.974,359,0
SPY190802C302,2019-07-31,2019-07-31 09:32:56,1.32,0.9777,130,1.31,0.9703,15,1.31,0.9703,1,1.315,0.974,359,0
SPY190802C302,2019-07-31,2019-07-31 09:32:57,1.32,0.9777,130,1.31,0.9703,80,1.31,0.9703,1,1.315,0.974,359,0
SPY190802C302,2019-07-31,2019-07-31 09:32:57,1.32,0.9777,130,1.3,0.9629,481,1.31,0.9703,1,1.31,0.9703,359,0
SPY190802C302,2019-07-31,2019-07-31 09:32:58,1.32,0.9777,130,1.3,0.9629,501,1.31,0.9703,1,1.31,0.9703,359,0
SPY190802C302,2019-07-31,2019-07-31 09:32:58,1.33,0.9851,249,1.31,0.9703,448,1.31,0.9703,1,1.32,0.9777,359,0
SPY190802C302,2019-07-31,2019-07-31 09:32:59,1.34,0.9925,96,1.32,0.9777,39,1.31,0.9703,1,1.33,0.9851,359,0
SPY190802C302,2019-07-31,2019-07-31 09:33:00,1.33,0.9851,10,1.32,0.9777,80,1.31,0.9703,1,1.325,0.9814,359,0
SPY190802C302,2019-07-31,2019-07-31 09:33:00,1.33,0.9851,115,1.32,0.9777,30,1.31,0.9703,1,1.325,0.9814,359,0
SPY190802C302,2019-07-31,2019-07-31 09:33:01,1.33,0.9851,144,1.32,0.9777,72,1.31,0.9703,1,1.325,0.9814,359,0
SPY190802C302,2019-07-31,2019-07-31 09:33:02,1.33,0.9851,100,1.32,0.9777,79,1.31,0.9703,1,1.325,0.9814,359,0
SPY190802C302,2019-07-31,2019-07-31 09:33:03,1.33,0.9851,100,1.32,0.9777,111,1.31,0.9703,1,1.325,0.9814,359,0
SPY190802C302,2019-07-31,2019-07-31 09:33:04,1.33,0.9851,74,1.32,0.9777,340,1.31,0.9703,1,1.325,0.9814,359,0
SPY190802C302,2019-07-31,2019-07-31 09:33:04,1.33,0.9851,74,1.32,0.9777,284,1.31,0.9703,1,1.325,0.9814,359,0
SPY190802C302,2019-07-31,2019-07-31 09:33:05,1.33,0.9851,135,1.32,0.9777,143,1.31,0.9703,1,1.325,0.9814,359,0
SPY190802C302,2019-07-31,2019-07-31 09:33:05,1.33,0.9851,135,1.32,0.9777,98,1.31,0.9703,1,1.325,0.9814,359,0
SPY190802C302,2019-07-31,2019-07-31 09:33:06,1.33,0.9851,135,1.32,0.9777,143,1.31,0.9703,1,1.325,0.9814,359,0
SPY190802C302,2019-07-31,2019-07-31 09:33:06,1.33,0.9851,135,1.32,0.9777,95,1.31,0.9703,1,1.325,0.9814,359,0
SPY190802C302,2019-07-31,2019-07-31 09:33:07,1.33,0.9851,135,1.32,0.9777,66,1.31,0.9703,1,1.325,0.9814,359,0
SPY190802C302,2019-07-31,2019-07-31 09:33:08,1.33,0.9851,30,1.31,0.9703,664,1.31,0.9703,1,1.32,0.9777,359,0
SPY190802C302,2019-07-31,2019-07-31 09:33:08,1.32,0.9777,100,1.31,0.9703,400,1.31,0.9703,1,1.315,0.974,359,0
SPY190802C302,2019-07-31,2019-07-31 09:33:09,1.32,0.9777,100,1.31,0.9703,79,1.31,0.9703,1,1.315,0.974,359,0
SPY190802C302,2019-07-31,2019-07-31 09:33:09,1.32,0.9777,100,1.31,0.9703,50,1.31,0.9703,1,1.315,0.974,359,0
SPY190802C302,2019-07-31,2019-07-31 09:33:10,1.32,0.9777,100,1.31,0.9703,50,1.31,0.9703,1,1.315,0.974,359,0
SPY190802C302,2019-07-31,2019-07-31 09:33:11,1.32,0.9777,247,1.3,0.9629,845,1.31,0.9703,1,1.31,0.9703,359,0
SPY190802C302,2019-07-31,2019-07-31 09:33:11,1.32,0.9777,148,1.3,0.9629,489,1.31,0.9703,1,1.31,0.9703,359,0
SPY190802C302,2019-07-31,2019-07-31 09:33:12,1.32,0.9777,315,1.3,0.9629,845,1.32,0.9777,25,1.31,0.9703,384,25
SPY190802C302,2019-07-31,2019-07-31 09:33:12,1.31,0.9703,120,1.29,0.9555,818,1.32,0.9777,25,1.3,0.9629,384,0
SPY190802C302,2019-07-31,2019-07-31 09:33:13,1.31,0.9703,109,1.3,0.9629,18,1.32,0.9777,25,1.305,0.9666,384,0
SPY190802C302,2019-07-31,2019-07-31 09:33:14,1.31,0.9703,109,1.29,0.9555,938,1.32,0.9777,25,1.3,0.9629,384,0
SPY190802C302,2019-07-31,2019-07-31 09:33:14,1.32,0.9777,233,1.3,0.9629,48,1.32,0.9777,25,1.31,0.9703,384,0
SPY190802C302,2019-07-31,2019-07-31 09:33:15,1.32,0.9777,344,1.3,0.9629,298,1.32,0.9777,25,1.31,0.9703,384,0
SPY190802C302,2019-07-31,2019-07-31 09:33:16,1.32,0.9777,344,1.3,0.9629,416,1.32,0.9777,25,1.31,0.9703,384,0
SPY190802C302,2019-07-31,2019-07-31 09:33:17,1.32,0.9777,344,1.3,0.9629,575,1.32,0.9777,25,1.31,0.9703,384,0
SPY190802C302,2019-07-31,2019-07-31 09:33:17,1.32,0.9777,344,1.3,0.9629,383,1.32,0.9777,25,1.31,0.9703,384,0
SPY190802C302,2019-07-31,2019-07-31 09:33:18,1.32,0.9777,174,1.31,0.9703,10,1.32,0.9777,25,1.315,0.974,384,0
SPY190802C302,2019-07-31,2019-07-31 09:33:18,1.32,0.9777,174,1.31,0.9703,93,1.32,0.9777,25,1.315,0.974,384,0
SPY190802C302,2019-07-31,2019-07-31 09:33:19,1.33,0.9851,160,1.31,0.9703,230,1.32,0.9777,25,1.32,0.9777,384,0
SPY190802C302,2019-07-31,2019-07-31 09:33:19,1.32,0.9777,160,1.31,0.9703,129,1.32,0.9777,25,1.315,0.974,384,0
SPY190802C302,2019-07-31,2019-07-31 09:33:20,1.32,0.9777,6,1.31,0.9703,416,1.32,0.9777,25,1.315,0.974,384,0
SPY190802C302,2019-07-31,2019-07-31 09:33:21,1.32,0.9777,5,1.31,0.9703,129,1.32,0.9777,25,1.315,0.974,384,0
SPY190802C302,2019-07-31,2019-07-31 09:33:21,1.35,1.0,155,1.32,0.9777,696,1.32,0.9777,25,1.335,0.9888,384,0
SPY190802C302,2019-07-31,2019-07-31 09:33:22,1.35,1.0,145,1.34,0.9925,6,1.32,0.9777,25,1.345,0.9962,384,0
SPY190802C302,2019-07-31,2019-07-31 09:33:22,1.35,1.0,145,1.33,0.9851,291,1.32,0.9777,25,1.34,0.9925,384,0
SPY190802C302,2019-07-31,2019-07-31 09:33:23,1.35,1.0,145,1.33,0.9851,323,1.32,0.9777,25,1.34,0.9925,384,0
SPY190802C302,2019-07-31,2019-07-31 09:33:23,1.35,1.0,145,1.33,0.9851,347,1.32,0.9777,25,1.34,0.9925,384,0
SPY190802C302,2019-07-31,2019-07-31 09:33:24,1.35,1.0,145,1.33,0.9851,489,1.32,0.9777,25,1.34,0.9925,384,0
SPY190802C302,2019-07-31,2019-07-31 09:33:25,1.35,1.0,145,1.33,0.9851,554,1.32,0.9777,25,1.34,0.9925,384,0
SPY190802C302,2019-07-31,2019-07-31 09:33:25,1.35,1.0,145,1.34,0.9925,18,1.32,0.9777,25,1.345,0.9962,384,0
SPY190802C302,2019-07-31,2019-07-31 09:33:26,1.35,1.0,283,1.33,0.9851,556,1.32,0.9777,25,1.34,0.9925,384,0
SPY190802C302,2019-07-31,2019-07-31 09:33:26,1.35,1.0,283,1.34,0.9925,4,1.32,0.9777,25,1.345,0.9962,384,0
SPY190802C302,2019-07-31,2019-07-31 09:33:27,1.35,1.0,64,1.34,0.9925,199,1.32,0.9777,25,1.345,0.9962,384,0
SPY190802C302,2019-07-31,2019-07-31 09:33:28,1.35,1.0,1,1.34,0.9925,1084,1.32,0.9777,25,1.345,0.9962,384,0
SPY190802C302,2019-07-31,2019-07-31 09:33:28,1.35,1.0,1,1.34,0.9925,1378,1.32,0.9777,25,1.345,0.9962,384,0
SPY190802C302,2019-07-31,2019-07-31 09:33:29,1.35,1.0,1,1.35,1.0,25,1.35,1.0,1,1.35,1.0,385,1
SPY190802C302,2019-07-31,2019-07-31 09:33:29,1.35,1.0,1,1.34,0.9925,1511,1.32,0.9777,25,1.345,0.9962,384,0
SPY190802C302,2019-07-31,2019-07-31 09:33:30,1.36,1.0074,145,1.35,1.0,53,1.35,1.0,2,1.355,1.0037,387,2
SPY190802C302,2019-07-31,2019-07-31 09:33:31,1.36,1.0074,130,1.35,1.0,123,1.35,1.0,2,1.355,1.0037,387,0
SPY190802C302,2019-07-31,2019-07-31 09:33:31,1.36,1.0074,130,1.35,1.0,135,1.35,1.0,2,1.355,1.0037,387,0
SPY190802C302,2019-07-31,2019-07-31 09:33:32,1.37,1.0148,366,1.36,1.0074,4,1.35,1.0,2,1.365,1.0111,387,0
SPY190802C302,2019-07-31,2019-07-31 09:33:33,1.36,1.0074,1,1.35,1.0,235,1.36,1.0074,5,1.355,1.0037,392,5
SPY190802C302,2019-07-31,2019-07-31 09:33:33,1.37,1.0148,366,1.35,1.0,399,1.36,1.0074,5,1.36,1.0074,392,0
SPY190802C302,2019-07-31,2019-07-31 09:33:34,1.37,1.0148,15,1.36,1.0074,120,1.36,1.0074,5,1.365,1.0111,392,0
SPY190802C302,2019-07-31,2019-07-31 09:33:34,1.37,1.0148,67,1.36,1.0074,124,1.36,1.0074,5,1.365,1.0111,392,0
SPY190802C302,2019-07-31,2019-07-31 09:33:35,1.37,1.0148,6,1.36,1.0074,124,1.36,1.0074,5,1.365,1.0111,392,0
SPY190802C302,2019-07-31,2019-07-31 09:33:36,1.38,1.0222,366,1.36,1.0074,124,1.36,1.0074,5,1.37,1.0148,392,0
SPY190802C302,2019-07-31,2019-07-31 09:33:36,1.38,1.0222,249,1.36,1.0074,149,1.36,1.0074,5,1.37,1.0148,392,0
SPY190802C302,2019-07-31,2019-07-31 09:33:37,1.38,1.0222,366,1.36,1.0074,380,1.36,1.0074,5,1.37,1.0148,392,0
SPY190802C302,2019-07-31,2019-07-31 09:33:37,1.37,1.0148,10,1.36,1.0074,117,1.36,1.0074,5,1.365,1.0111,392,0
SPY190802C302,2019-07-31,2019-07-31 09:33:38,1.37,1.0148,104,1.36,1.0074,28,1.36,1.0074,5,1.365,1.0111,392,0
SPY190802C302,2019-07-31,2019-07-31 09:33:39,1.37,1.0148,104,1.36,1.0074,133,1.36,1.0074,5,1.365,1.0111,392,0
SPY190802C302,2019-07-31,2019-07-31 09:33:39,1.37,1.0148,95,1.36,1.0074,120,1.36,1.0074,5,1.365,1.0111,392,0
SPY190802C302,2019-07-31,2019-07-31 09:33:40,1.37,1.0148,87,1.36,1.0074,125,1.36,1.0074,5,1.365,1.0111,392,0
SPY190802C302,2019-07-31,2019-07-31 09:33:40,1.37,1.0148,6,1.36,1.0074,133,1.36,1.0074,5,1.365,1.0111,392,0
SPY190802C302,2019-07-31,2019-07-31 09:33:41,1.37,1.0148,101,1.35,1.0,865,1.36,1.0074,5,1.36,1.0074,392,0
SPY190802C302,2019-07-31,2019-07-31 09:33:42,1.37,1.0148,101,1.35,1.0,970,1.36,1.0074,5,1.36,1.0074,392,0
SPY190802C302,2019-07-31,2019-07-31 09:33:42,1.37,1.0148,101,1.35,1.0,865,1.36,1.0074,5,1.36,1.0074,392,0
SPY190802C302,2019-07-31,2019-07-31 09:33:43,1.37,1.0148,101,1.35,1.0,885,1.36,1.0074,5,1.36,1.0074,392,0
SPY190802C302,2019-07-31,2019-07-31 09:33:44,1.37,1.0148,205,1.35,1.0,230,1.36,1.0074,5,1.36,1.0074,392,0
SPY190802C302,2019-07-31,2019-07-31 09:33:44,1.36,1.0074,52,1.35,1.0,145,1.36,1.0074,5,1.355,1.0037,392,0
SPY190802C302,2019-07-31,2019-07-31 09:33:45,1.36,1.0074,5,1.35,1.0,115,1.36,1.0074,5,1.355,1.0037,392,0
SPY190802C302,2019-07-31,2019-07-31 09:33:46,1.36,1.0074,6,1.35,1.0,6,1.36,1.0074,5,1.355,1.0037,392,0
SPY190802C302,2019-07-31,2019-07-31 09:33:47,1.36,1.0074,6,1.34,0.9925,836,1.36,1.0074,1,1.35,1.0,393,1
SPY190802C302,2019-07-31,2019-07-31 09:33:47,1.36,1.0074,329,1.34,0.9925,306,1.36,1.0074,1,1.35,1.0,393,0
SPY190802C302,2019-07-31,2019-07-31 09:33:48,1.36,1.0074,329,1.34,0.9925,359,1.36,1.0074,1,1.35,1.0,393,0
SPY190802C302,2019-07-31,2019-07-31 09:33:48,1.36,1.0074,329,1.35,1.0,29,1.36,1.0074,5,1.355,1.0037,398,5
SPY190802C302,2019-07-31,2019-07-31 09:33:49,1.36,1.0074,329,1.34,0.9925,390,1.36,1.0074,5,1.35,1.0,398,0
SPY190802C302,2019-07-31,2019-07-31 09:33:50,1.36,1.0074,329,1.35,1.0,29,1.36,1.0074,5,1.355,1.0037,398,0
SPY190802C302,2019-07-31,2019-07-31 09:33:50,1.36,1.0074,222,1.35,1.0,35,1.36,1.0074,5,1.355,1.0037,398,0
SPY190802C302,2019-07-31,2019-07-31 09:33:51,1.36,1.0074,120,1.35,1.0,45,1.36,1.0074,1,1.355,1.0037,399,1
SPY190802C302,2019-07-31,2019-07-31 09:33:51,1.36,1.0074,46,1.35,1.0,151,1.36,1.0074,1,1.355,1.0037,399,0
SPY190802C302,2019-07-31,2019-07-31 09:33:52,1.37,1.0148,155,1.35,1.0,144,1.36,1.0074,1,1.36,1.0074,399,0
SPY190802C302,2019-07-31,2019-07-31 09:33:53,1.37,1.0148,155,1.35,1.0,180,1.36,1.0074,1,1.36,1.0074,399,0
SPY190802C302,2019-07-31,2019-07-31 09:33:54,1.37,1.0148,205,1.35,1.0,379,1.36,1.0074,10,1.36,1.0074,409,10
SPY190802C302,2019-07-31,2019-07-31 09:33:54,1.37,1.0148,205,1.35,1.0,159,1.36,1.0074,1,1.36,1.0074,399,0
SPY190802C302,2019-07-31,2019-07-31 09:33:55,1.37,1.0148,205,1.35,1.0,202,1.36,1.0074,10,1.36,1.0074,409,0
SPY190802C302,2019-07-31,2019-07-31 09:33:55,1.37,1.0148,205,1.36,1.0074,15,1.36,1.0074,10,1.365,1.0111,409,0
SPY190802C302,2019-07-31,2019-07-31 09:33:56,1.36,1.0074,76,1.35,1.0,202,1.36,1.0074,10,1.355,1.0037,409,0
SPY190802C302,2019-07-31,2019-07-31 09:33:56,1.36,1.0074,81,1.35,1.0,29,1.36,1.0074,10,1.355,1.0037,409,0
SPY190802C302,2019-07-31,2019-07-31 09:33:57,1.36,1.0074,81,1.35,1.0,29,1.36,1.0074,10,1.355,1.0037,409,0
SPY190802C302,2019-07-31,2019-07-31 09:33:58,1.36,1.0074,336,1.34,0.9925,133,1.36,1.0074,10,1.35,1.0,409,0
SPY190802C302,2019-07-31,2019-07-31 09:33:58,1.36,1.0074,481,1.34,0.9925,76,1.36,1.0074,10,1.35,1.0,409,0
SPY190802C302,2019-07-31,2019-07-31 09:33:59,1.34,0.9925,5,1.33,0.9851,29,1.34,0.9925,1,1.335,0.9888,410,1
SPY190802C302,2019-07-31,2019-07-31 09:33:59,1.35,1.0,93,1.34,0.9925,1,1.36,1.0074,10,1.345,0.9962,409,0
SPY190802C302,2019-07-31,2019-07-31 09:34:00,1.34,0.9925,47,1.33,0.9851,16,1.34,0.9925,1,1.335,0.9888,410,0
SPY190802C302,2019-07-31,2019-07-31 09:34:00,1.34,0.9925,5,1.33,0.9851,61,1.34,0.9925,1,1.335,0.9888,410,0
SPY190802C302,2019-07-31,2019-07-31 09:34:01,1.33,0.9851,113,1.32,0.9777,29,1.34,0.9925,1,1.325,0.9814,410,0
SPY190802C302,2019-07-31,2019-07-31 09:34:02,1.33,0.9851,61,1.31,0.9703,217,1.34,0.9925,1,1.32,0.9777,410,0
SPY190802C302,2019-07-31,2019-07-31 09:34:02,1.33,0.9851,81,1.3,0.9629,610,1.34,0.9925,1,1.315,0.974,410,0
SPY190802C302,2019-07-31,2019-07-31 09:34:03,1.33,0.9851,75,1.31,0.9703,79,1.34,0.9925,1,1.32,0.9777,410,0
SPY190802C302,2019-07-31,2019-07-31 09:34:03,1.32,0.9777,6,1.31,0.9703,29,1.34,0.9925,1,1.315,0.974,410,0
SPY190802C302,2019-07-31,2019-07-31 09:34:04,1.32,0.9777,6,1.31,0.9703,29,1.34,0.9925,1,1.315,0.974,410,0
SPY190802C302,2019-07-31,2019-07-31 09:34:04,1.33,0.9851,295,1.31,0.9703,63,1.34,0.9925,1,1.32,0.9777,410,0
SPY190802C302,2019-07-31,2019-07-31 09:34:05,1.32,0.9777,5,1.3,0.9629,463,1.34,0.9925,1,1.31,0.9703,410,0
SPY190802C302,2019-07-31,2019-07-31 09:34:05,1.32,0.9777,5,1.3,0.9629,517,1.34,0.9925,1,1.31,0.9703,410,0
SPY190802C302,2019-07-31,2019-07-31 09:34:06,1.32,0.9777,92,1.3,0.9629,212,1.34,0.9925,1,1.31,0.9703,410,0
SPY190802C302,2019-07-31,2019-07-31 09:34:07,1.32,0.9777,1,1.31,0.9703,6,1.32,0.9777,5,1.315,0.974,422,12
SPY190802C302,2019-07-31,2019-07-31 09:34:07,1.32,0.9777,1,1.31,0.9703,16,1.32,0.9777,5,1.315,0.974,422,0
SPY190802C302,2019-07-31,2019-07-31 09:34:08,1.32,0.9777,75,1.31,0.9703,6,1.32,0.9777,5,1.315,0.974,422,0
SPY190802C302,2019-07-31,2019-07-31 09:34:08,1.32,0.9777,75,1.31,0.9703,16,1.32,0.9777,5,1.315,0.974,422,0
SPY190802C302,2019-07-31,2019-07-31 09:34:09,1.33,0.9851,692,1.31,0.9703,6,1.32,0.9777,5,1.32,0.9777,422,0
SPY190802C302,2019-07-31,2019-07-31 09:34:10,1.32,0.9777,5,1.3,0.9629,29,1.32,0.9777,5,1.31,0.9703,422,0
SPY190802C302,2019-07-31,2019-07-31 09:34:10,1.32,0.9777,115,1.3,0.9629,70,1.32,0.9777,5,1.31,0.9703,422,0
SPY190802C302,2019-07-31,2019-07-31 09:34:11,1.33,0.9851,64,1.32,0.9777,24,1.32,0.9777,5,1.325,0.9814,422,0
SPY190802C302,2019-07-31,2019-07-31 09:34:11,1.33,0.9851,45,1.32,0.9777,6,1.32,0.9777,5,1.325,0.9814,422,0
SPY190802C302,2019-07-31,2019-07-31 09:34:12,1.33,0.9851,87,1.32,0.9777,16,1.32,0.9777,5,1.325,0.9814,422,0
SPY190802C302,2019-07-31,2019-07-31 09:34:13,1.33,0.9851,87,1.32,0.9777,16,1.32,0.9777,5,1.325,0.9814,422,0
SPY190802C302,2019-07-31,2019-07-31 09:34:13,1.33,0.9851,671,1.31,0.9703,24,1.32,0.9777,5,1.32,0.9777,422,0
SPY190802C302,2019-07-31,2019-07-31 09:34:14,1.33,0.9851,671,1.31,0.9703,24,1.32,0.9777,5,1.32,0.9777,422,0
SPY190802C302,2019-07-31,2019-07-31 09:34:14,1.33,0.9851,206,1.32,0.9777,6,1.32,0.9777,5,1.325,0.9814,422,0
SPY190802C302,2019-07-31,2019-07-31 09:34:15,1.33,0.9851,16,1.32,0.9777,45,1.32,0.9777,5,1.325,0.9814,422,0
SPY190802C302,2019-07-31,2019-07-31 09:34:16,1.33,0.9851,76,1.32,0.9777,45,1.33,0.9851,3,1.325,0.9814,425,3
SPY190802C302,2019-07-31,2019-07-31 09:34:16,1.33,0.9851,116,1.32,0.9777,45,1.33,0.9851,3,1.325,0.9814,425,0
SPY190802C302,2019-07-31,2019-07-31 09:34:17,1.33,0.9851,116,1.32,0.9777,29,1.33,0.9851,3,1.325,0.9814,425,0
SPY190802C302,2019-07-31,2019-07-31 09:34:18,1.33,0.9851,116,1.32,0.9777,29,1.33,0.9851,3,1.325,0.9814,425,0
SPY190802C302,2019-07-31,2019-07-31 09:34:18,1.33,0.9851,121,1.32,0.9777,29,1.33,0.9851,3,1.325,0.9814,425,0
SPY190802C302,2019-07-31,2019-07-31 09:34:19,1.34,0.9925,1069,1.32,0.9777,29,1.33,0.9851,3,1.33,0.9851,425,0
SPY190802C302,2019-07-31,2019-07-31 09:34:20,1.33,0.9851,124,1.32,0.9777,45,1.33,0.9851,3,1.325,0.9814,428,3
SPY190802C302,2019-07-31,2019-07-31 09:34:20,1.33,0.9851,16,1.32,0.9777,45,1.33,0.9851,3,1.325,0.9814,425,0
SPY190802C302,2019-07-31,2019-07-31 09:34:21,1.33,0.9851,57,1.32,0.9777,29,1.33,0.9851,3,1.325,0.9814,428,0
SPY190802C302,2019-07-31,2019-07-31 09:34:21,1.33,0.9851,72,1.32,0.9777,29,1.33,0.9851,3,1.325,0.9814,428,0
SPY190802C302,2019-07-31,2019-07-31 09:34:22,1.33,0.9851,82,1.32,0.9777,6,1.33,0.9851,3,1.325,0.9814,428,0
SPY190802C302,2019-07-31,2019-07-31 09:34:22,1.33,0.9851,30,1.32,0.9777,29,1.33,0.9851,3,1.325,0.9814,428,0
SPY190802C302,2019-07-31,2019-07-31 09:34:23,1.33,0.9851,235,1.32,0.9777,1,1.33,0.9851,3,1.325,0.9814,428,0
SPY190802C302,2019-07-31,2019-07-31 09:34:24,1.33,0.9851,946,1.32,0.9777,1,1.33,0.9851,3,1.325,0.9814,428,0
SPY190802C302,2019-07-31,2019-07-31 09:34:24,1.33,0.9851,482,1.32,0.9777,1,1.33,0.9851,3,1.325,0.9814,428,0
SPY190802C302,2019-07-31,2019-07-31 09:34:25,1.32,0.9777,6,1.31,0.9703,30,1.33,0.9851,3,1.315,0.974,428,0
SPY190802C302,2019-07-31,2019-07-31 09:34:25,1.33,0.9851,506,1.31,0.9703,101,1.33,0.9851,3,1.32,0.9777,428,0
SPY190802C302,2019-07-31,2019-07-31 09:34:26,1.33,0.9851,343,1.32,0.9777,27,1.33,0.9851,3,1.325,0.9814,428,0
SPY190802C302,2019-07-31,2019-07-31 09:34:27,1.33,0.9851,343,1.32,0.9777,59,1.33,0.9851,3,1.325,0.9814,428,0
SPY190802C302,2019-07-31,2019-07-31 09:34:27,1.33,0.9851,343,1.32,0.9777,39,1.33,0.9851,3,1.325,0.9814,428,0
SPY190802C302,2019-07-31,2019-07-31 09:34:28,1.33,0.9851,186,1.32,0.9777,21,1.33,0.9851,3,1.325,0.9814,428,0
SPY190802C302,2019-07-31,2019-07-31 09:34:28,1.33,0.9851,343,1.32,0.9777,43,1.33,0.9851,3,1.325,0.9814,428,0
SPY190802C302,2019-07-31,2019-07-31 09:34:29,1.32,0.9777,6,1.32,0.9777,21,1.32,0.9777,8,1.32,0.9777,436,8
SPY190802C302,2019-07-31,2019-07-31 09:34:30,1.32,0.9777,6,1.31,0.9703,50,1.32,0.9777,8,1.315,0.974,436,0
SPY190802C302,2019-07-31,2019-07-31 09:34:30,1.33,0.9851,765,1.31,0.9703,24,1.32,0.9777,8,1.32,0.9777,436,0
SPY190802C302,2019-07-31,2019-07-31 09:34:31,1.32,0.9777,6,1.31,0.9703,2,1.32,0.9777,1,1.315,0.974,437,0
SPY190802C302,2019-07-31,2019-07-31 09:34:31,1.32,0.9777,39,1.31,0.9703,2,1.32,0.9777,1,1.315,0.974,437,1
SPY190802C302,2019-07-31,2019-07-31 09:34:32,1.32,0.9777,97,1.31,0.9703,2,1.32,0.9777,1,1.315,0.974,437,0
SPY190802C302,2019-07-31,2019-07-31 09:34:32,1.32,0.9777,68,1.31,0.9703,2,1.32,0.9777,1,1.315,0.974,437,0
SPY190802C302,2019-07-31,2019-07-31 09:34:33,1.33,0.9851,532,1.31,0.9703,103,1.32,0.9777,1,1.32,0.9777,437,0
SPY190802C302,2019-07-31,2019-07-31 09:34:34,1.33,0.9851,489,1.31,0.9703,41,1.32,0.9777,1,1.32,0.9777,437,0
SPY190802C302,2019-07-31,2019-07-31 09:34:34,1.33,0.9851,387,1.31,0.9703,189,1.32,0.9777,1,1.32,0.9777,437,0
SPY190802C302,2019-07-31,2019-07-31 09:34:35,1.33,0.9851,445,1.31,0.9703,106,1.32,0.9777,1,1.32,0.9777,437,0
SPY190802C302,2019-07-31,2019-07-31 09:34:35,1.33,0.9851,445,1.31,0.9703,230,1.32,0.9777,1,1.32,0.9777,437,0
SPY190802C302,2019-07-31,2019-07-31 09:34:36,1.32,0.9777,30,1.31,0.9703,73,1.32,0.9777,1,1.315,0.974,437,0
SPY190802C302,2019-07-31,2019-07-31 09:34:36,1.33,0.9851,194,1.31,0.9703,106,1.32,0.9777,1,1.32,0.9777,437,0
SPY190802C302,2019-07-31,2019-07-31 09:34:37,1.32,0.9777,6,1.31,0.9703,13,1.32,0.9777,1,1.315,0.974,437,0
SPY190802C302,2019-07-31,2019-07-31 09:34:38,1.33,0.9851,496,1.31,0.9703,118,1.32,0.9777,1,1.32,0.9777,437,0
SPY190802C302,2019-07-31,2019-07-31 09:34:39,1.33,0.9851,496,1.31,0.9703,350,1.32,0.9777,1,1.32,0.9777,437,0
SPY190802C302,2019-07-31,2019-07-31 09:34:40,1.32,0.9777,22,1.31,0.9703,18,1.32,0.9777,1,1.315,0.974,437,0
SPY190802C302,2019-07-31,2019-07-31 09:34:40,1.32,0.9777,22,1.31,0.9703,24,1.32,0.9777,1,1.315,0.974,437,0
SPY190802C302,2019-07-31,2019-07-31 09:34:41,1.33,0.9851,647,1.31,0.9703,10,1.32,0.9777,1,1.32,0.9777,437,0
SPY190802C302,2019-07-31,2019-07-31 09:34:41,1.33,0.9851,829,1.31,0.9703,10,1.32,0.9777,1,1.32,0.9777,437,0
SPY190802C302,2019-07-31,2019-07-31 09:34:42,1.33,0.9851,829,1.31,0.9703,24,1.32,0.9777,1,1.32,0.9777,437,0
SPY190802C302,2019-07-31,2019-07-31 09:34:42,1.33,0.9851,829,1.31,0.9703,20,1.32,0.9777,1,1.32,0.9777,437,0
SPY190802C302,2019-07-31,2019-07-31 09:34:43,1.32,0.9777,6,1.3,0.9629,643,1.32,0.9777,1,1.31,0.9703,437,0
SPY190802C302,2019-07-31,2019-07-31 09:34:44,1.32,0.9777,135,1.31,0.9703,16,1.32,0.9777,1,1.315,0.974,437,0
SPY190802C302,2019-07-31,2019-07-31 09:34:44,1.32,0.9777,104,1.31,0.9703,16,1.32,0.9777,1,1.315,0.974,437,0
SPY190802C302,2019-07-31,2019-07-31 09:34:45,1.32,0.9777,96,1.3,0.9629,957,1.32,0.9777,1,1.31,0.9703,437,0
SPY190802C302,2019-07-31,2019-07-31 09:34:45,1.32,0.9777,128,1.3,0.9629,957,1.32,0.9777,1,1.31,0.9703,437,0
SPY190802C302,2019-07-31,2019-07-31 09:34:46,1.32,0.9777,137,1.3,0.9629,181,1.32,0.9777,1,1.31,0.9703,437,0
SPY190802C302,2019-07-31,2019-07-31 09:34:46,1.32,0.9777,137,1.3,0.9629,197,1.32,0.9777,1,1.31,0.9703,437,0
SPY190802C302,2019-07-31,2019-07-31 09:34:47,1.31,0.9703,6,1.3,0.9629,385,1.32,0.9777,1,1.305,0.9666,437,0
SPY190802C302,2019-07-31,2019-07-31 09:34:47,1.31,0.9703,6,1.3,0.9629,153,1.32,0.9777,1,1.305,0.9666,437,0
SPY190802C302,2019-07-31,2019-07-31 09:34:48,1.31,0.9703,4,1.3,0.9629,153,1.32,0.9777,1,1.305,0.9666,437,0
SPY190802C302,2019-07-31,2019-07-31 09:34:49,1.32,0.9777,159,1.3,0.9629,533,1.32,0.9777,1,1.31,0.9703,437,0
SPY190802C302,2019-07-31,2019-07-31 09:34:49,1.32,0.9777,159,1.3,0.9629,491,1.32,0.9777,1,1.31,0.9703,437,0
SPY190802C302,2019-07-31,2019-07-31 09:34:50,1.31,0.9703,6,1.3,0.9629,442,1.32,0.9777,2,1.305,0.9666,439,2
SPY190802C302,2019-07-31,2019-07-31 09:34:50,1.31,0.9703,22,1.3,0.9629,121,1.32,0.9777,2,1.305,0.9666,439,0
SPY190802C302,2019-07-31,2019-07-31 09:34:51,1.31,0.9703,30,1.29,0.9555,602,1.32,0.9777,2,1.3,0.9629,439,0
SPY190802C302,2019-07-31,2019-07-31 09:34:51,1.31,0.9703,33,1.3,0.9629,210,1.32,0.9777,2,1.305,0.9666,439,0
SPY190802C302,2019-07-31,2019-07-31 09:34:52,1.31,0.9703,85,1.29,0.9555,680,1.32,0.9777,2,1.3,0.9629,439,0
SPY190802C302,2019-07-31,2019-07-31 09:34:53,1.31,0.9703,70,1.3,0.9629,13,1.32,0.9777,2,1.305,0.9666,439,0
SPY190802C302,2019-07-31,2019-07-31 09:34:54,1.31,0.9703,22,1.3,0.9629,17,1.31,0.9703,150,1.305,0.9666,589,150
SPY190802C302,2019-07-31,2019-07-31 09:34:54,1.31,0.9703,22,1.3,0.9629,17,1.32,0.9777,2,1.305,0.9666,439,0
SPY190802C302,2019-07-31,2019-07-31 09:34:55,1.31,0.9703,10,1.3,0.9629,10,1.31,0.9703,150,1.305,0.9666,589,0
SPY190802C302,2019-07-31,2019-07-31 09:34:56,1.31,0.9703,6,1.3,0.9629,17,1.31,0.9703,150,1.305,0.9666,589,0
SPY190802C302,2019-07-31,2019-07-31 09:34:57,1.31,0.9703,86,1.29,0.9555,740,1.31,0.9703,150,1.3,0.9629,589,0
SPY190802C302,2019-07-31,2019-07-31 09:34:57,1.31,0.9703,35,1.3,0.9629,4,1.31,0.9703,150,1.305,0.9666,589,0
SPY190802C302,2019-07-31,2019-07-31 09:34:58,1.3,0.9629,15,1.29,0.9555,130,1.31,0.9703,150,1.295,0.9592,589,0
SPY190802C302,2019-07-31,2019-07-31 09:34:58,1.3,0.9629,21,1.29,0.9555,100,1.31,0.9703,150,1.295,0.9592,589,0
SPY190802C302,2019-07-31,2019-07-31 09:34:59,1.33,0.9851,129,1.3,0.9629,490,1.31,0.9703,150,1.315,0.974,589,0
SPY190802C302,2019-07-31,2019-07-31 09:35:00,1.33,0.9851,159,1.31,0.9703,195,1.31,0.9703,3,1.32,0.9777,592,3
SPY190802C302,2019-07-31,2019-07-31 09:35:00,1.32,0.9777,41,1.31,0.9703,121,1.31,0.9703,3,1.315,0.974,592,0
SPY190802C302,2019-07-31,2019-07-31 09:35:01,1.33,0.9851,129,1.31,0.9703,461,1.31,0.9703,3,1.32,0.9777,592,0
SPY190802C302,2019-07-31,2019-07-31 09:35:01,1.33,0.9851,129,1.31,0.9703,695,1.31,0.9703,3,1.32,0.9777,592,0
SPY190802C302,2019-07-31,2019-07-31 09:35:02,1.33,0.9851,42,1.32,0.9777,52,1.31,0.9703,3,1.325,0.9814,592,0
SPY190802C302,2019-07-31,2019-07-31 09:35:02,1.33,0.9851,148,1.31,0.9703,493,1.31,0.9703,3,1.32,0.9777,592,0
SPY190802C302,2019-07-31,2019-07-31 09:35:03,1.33,0.9851,30,1.32,0.9777,75,1.31,0.9703,3,1.325,0.9814,592,0
SPY190802C302,2019-07-31,2019-07-31 09:35:04,1.34,0.9925,130,1.33,0.9851,75,1.31,0.9703,3,1.335,0.9888,592,0
SPY190802C302,2019-07-31,2019-07-31 09:35:04,1.34,0.9925,157,1.33,0.9851,6,1.31,0.9703,3,1.335,0.9888,592,0
SPY190802C302,2019-07-31,2019-07-31 09:35:05,1.34,0.9925,130,1.33,0.9851,8,1.34,0.9925,6,1.335,0.9888,598,6
SPY190802C302,2019-07-31,2019-07-31 09:35:05,1.34,0.9925,130,1.33,0.9851,8,1.31,0.9703,3,1.335,0.9888,592,0
SPY190802C302,2019-07-31,2019-07-31 09:35:06,1.34,0.9925,130,1.33,0.9851,75,1.34,0.9925,6,1.335,0.9888,598,0
SPY190802C302,2019-07-31,2019-07-31 09:35:07,1.34,0.9925,31,1.33,0.9851,75,1.34,0.9925,6,1.335,0.9888,598,0
SPY190802C302,2019-07-31,2019-07-31 09:35:07,1.34,0.9925,52,1.33,0.9851,75,1.34,0.9925,6,1.335,0.9888,598,0
SPY190802C302,2019-07-31,2019-07-31 09:35:08,1.34,0.9925,31,1.33,0.9851,75,1.34,0.9925,6,1.335,0.9888,598,0
SPY190802C302,2019-07-31,2019-07-31 09:35:08,1.34,0.9925,10,1.33,0.9851,75,1.34,0.9925,6,1.335,0.9888,598,0
SPY190802C302,2019-07-31,2019-07-31 09:35:09,1.34,0.9925,182,1.32,0.9777,75,1.34,0.9925,6,1.33,0.9851,598,0
SPY190802C302,2019-07-31,2019-07-31 09:35:09,1.34,0.9925,182,1.32,0.9777,137,1.34,0.9925,6,1.33,0.9851,598,0
SPY190802C302,2019-07-31,2019-07-31 09:35:10,1.34,0.9925,423,1.32,0.9777,75,1.34,0.9925,6,1.33,0.9851,598,0
SPY190802C302,2019-07-31,2019-07-31 09:35:11,1.34,0.9925,88,1.32,0.9777,102,1.34,0.9925,6,1.33,0.9851,598,0
SPY190802C302,2019-07-31,2019-07-31 09:35:11,1.34,0.9925,485,1.32,0.9777,75,1.34,0.9925,6,1.33,0.9851,598,0
SPY190802C302,2019-07-31,2019-07-31 09:35:12,1.34,0.9925,376,1.32,0.9777,179,1.34,0.9925,6,1.33,0.9851,598,0
SPY190802C302,2019-07-31,2019-07-31 09:35:12,1.34,0.9925,197,1.32,0.9777,131,1.34,0.9925,6,1.33,0.9851,598,0
SPY190802C302,2019-07-31,2019-07-31 09:35:13,1.34,0.9925,425,1.32,0.9777,179,1.34,0.9925,6,1.33,0.9851,598,0
SPY190802C302,2019-07-31,2019-07-31 09:35:14,1.33,0.9851,152,1.32,0.9777,6,1.32,0.9777,4,1.325,0.9814,602,0
SPY190802C302,2019-07-31,2019-07-31 09:35:14,1.33,0.9851,30,1.32,0.9777,7,1.32,0.9777,4,1.325,0.9814,602,4
SPY190802C302,2019-07-31,2019-07-31 09:35:15,1.33,0.9851,157,1.31,0.9703,131,1.32,0.9777,4,1.32,0.9777,602,0
SPY190802C302,2019-07-31,2019-07-31 09:35:16,1.32,0.9777,27,1.31,0.9703,126,1.32,0.9777,4,1.315,0.974,602,0
SPY190802C302,2019-07-31,2019-07-31 09:35:17,1.32,0.9777,171,1.3,0.9629,179,1.32,0.9777,4,1.31,0.9703,602,0
SPY190802C302,2019-07-31,2019-07-31 09:35:17,1.32,0.9777,171,1.3,0.9629,180,1.32,0.9777,4,1.31,0.9703,602,0
SPY190802C302,2019-07-31,2019-07-31 09:35:18,1.32,0.9777,206,1.31,0.9703,22,1.32,0.9777,4,1.315,0.974,602,0
SPY190802C302,2019-07-31,2019-07-31 09:35:18,1.33,0.9851,640,1.31,0.9703,15,1.32,0.9777,4,1.32,0.9777,602,0
SPY190802C302,2019-07-31,2019-07-31 09:35:19,1.32,0.9777,97,1.31,0.9703,8,1.32,0.9777,4,1.315,0.974,602,0
SPY190802C302,2019-07-31,2019-07-31 09:35:20,1.32,0.9777,125,1.3,0.9629,541,1.32,0.9777,4,1.31,0.9703,602,0
SPY190802C302,2019-07-31,2019-07-31 09:35:20,1.32,0.9777,125,1.31,0.9703,4,1.32,0.9777,4,1.315,0.974,602,0
SPY190802C302,2019-07-31,2019-07-31 09:35:21,1.32,0.9777,483,1.3,0.9629,181,1.32,0.9777,4,1.31,0.9703,602,0
SPY190802C302,2019-07-31,2019-07-31 09:35:22,1.32,0.9777,483,1.3,0.9629,181,1.32,0.9777,4,1.31,0.9703,602,0
SPY190802C302,2019-07-31,2019-07-31 09:35:23,1.32,0.9777,444,1.31,0.9703,16,1.32,0.9777,4,1.315,0.974,602,0
SPY190802C302,2019-07-31,2019-07-31 09:35:23,1.32,0.9777,432,1.3,0.9629,181,1.32,0.9777,4,1.31,0.9703,602,0
SPY190802C302,2019-07-31,2019-07-31 09:35:24,1.32,0.9777,432,1.31,0.9703,22,1.32,0.9777,4,1.315,0.974,602,0
SPY190802C302,2019-07-31,2019-07-31 09:35:25,1.32,0.9777,135,1.31,0.9703,22,1.32,0.9777,5,1.315,0.974,621,19
SPY190802C302,2019-07-31,2019-07-31 09:35:25,1.32,0.9777,333,1.31,0.9703,22,1.32,0.9777,4,1.315,0.974,602,0
SPY190802C302,2019-07-31,2019-07-31 09:35:26,1.31,0.9703,240,1.3,0.9629,6,1.32,0.9777,5,1.305,0.9666,621,0
SPY190802C302,2019-07-31,2019-07-31 09:35:27,1.32,0.9777,112,1.3,0.9629,121,1.32,0.9777,5,1.31,0.9703,621,0
SPY190802C302,2019-07-31,2019-07-31 09:35:27,1.31,0.9703,240,1.3,0.9629,10,1.32,0.9777,5,1.305,0.9666,621,0
SPY190802C302,2019-07-31,2019-07-31 09:35:28,1.32,0.9777,513,1.3,0.9629,101,1.32,0.9777,5,1.31,0.9703,621,0
SPY190802C302,2019-07-31,2019-07-31 09:35:28,1.32,0.9777,536,1.3,0.9629,108,1.32,0.9777,5,1.31,0.9703,621,0
SPY190802C302,2019-07-31,2019-07-31 09:35:29,1.32,0.9777,215,1.3,0.9629,108,1.32,0.9777,5,1.31,0.9703,621,0
SPY190802C302,2019-07-31,2019-07-31 09:35:29,1.32,0.9777,129,1.31,0.9703,75,1.32,0.9777,5,1.315,0.974,621,0
SPY190802C302,2019-07-31,2019-07-31 09:35:30,1.33,0.9851,241,1.32,0.9777,6,1.32,0.9777,5,1.325,0.9814,621,0
SPY190802C302,2019-07-31,2019-07-31 09:35:31,1.33,0.9851,209,1.31,0.9703,496,1.32,0.9777,5,1.32,0.9777,621,0
SPY190802C302,2019-07-31,2019-07-31 09:35:31,1.33,0.9851,209,1.32,0.9777,4,1.32,0.9777,5,1.325,0.9814,621,0
SPY190802C302,2019-07-31,2019-07-31 09:35:32,1.33,0.9851,134,1.32,0.9777,5,1.32,0.9777,5,1.325,0.9814,621,0
SPY190802C302,2019-07-31,2019-07-31 09:35:32,1.34,0.9925,580,1.32,0.9777,51,1.32,0.9777,5,1.33,0.9851,621,0
SPY190802C302,2019-07-31,2019-07-31 09:35:33,1.33,0.9851,30,1.32,0.9777,77,1.32,0.9777,5,1.325,0.9814,621,0
SPY190802C302,2019-07-31,2019-07-31 09:35:33,1.33,0.9851,80,1.31,0.9703,591,1.32,0.9777,5,1.32,0.9777,621,0
SPY190802C302,2019-07-31,2019-07-31 09:35:34,1.33,0.9851,124,1.32,0.9777,16,1.32,0.9777,5,1.325,0.9814,621,0
SPY190802C302,2019-07-31,2019-07-31 09:35:35,1.33,0.9851,150,1.32,0.9777,16,1.32,0.9777,5,1.325,0.9814,621,0
SPY190802C302,2019-07-31,2019-07-31 09:35:35,1.33,0.9851,227,1.31,0.9703,323,1.32,0.9777,5,1.32,0.9777,621,0
SPY190802C302,2019-07-31,2019-07-31 09:35:36,1.33,0.9851,132,1.32,0.9777,16,1.32,0.9777,5,1.325,0.9814,621,0
SPY190802C302,2019-07-31,2019-07-31 09:35:36,1.33,0.9851,227,1.31,0.9703,441,1.32,0.9777,5,1.32,0.9777,621,0
SPY190802C302,2019-07-31,2019-07-31 09:35:37,1.33,0.9851,92,1.32,0.9777,16,1.32,0.9777,5,1.325,0.9814,621,0
SPY190802C302,2019-07-31,2019-07-31 09:35:38,1.32,0.9777,75,1.3,0.9629,397,1.32,0.9777,5,1.31,0.9703,621,0
SPY190802C302,2019-07-31,2019-07-31 09:35:38,1.33,0.9851,92,1.31,0.9703,395,1.32,0.9777,5,1.32,0.9777,621,0
SPY190802C302,2019-07-31,2019-07-31 09:35:39,1.32,0.9777,152,1.31,0.9703,16,1.32,0.9777,5,1.315,0.974,621,0
SPY190802C302,2019-07-31,2019-07-31 09:35:40,1.32,0.9777,267,1.31,0.9703,16,1.32,0.9777,5,1.315,0.974,621,0
SPY190802C302,2019-07-31,2019-07-31 09:35:41,1.32,0.9777,481,1.3,0.9629,181,1.32,0.9777,5,1.31,0.9703,621,0
SPY190802C302,2019-07-31,2019-07-31 09:35:42,1.32,0.9777,340,1.3,0.9629,450,1.32,0.9777,5,1.31,0.9703,621,0
SPY190802C302,2019-07-31,2019-07-31 09:35:42,1.32,0.9777,452,1.3,0.9629,181,1.32,0.9777,5,1.31,0.9703,621,0
SPY190802C302,2019-07-31,2019-07-31 09:35:43,1.32,0.9777,374,1.3,0.9629,450,1.32,0.9777,5,1.31,0.9703,621,0
SPY190802C302,2019-07-31,2019-07-31 09:35:44,1.32,0.9777,439,1.3,0.9629,361,1.32,0.9777,5,1.31,0.9703,621,0
SPY190802C302,2019-07-31,2019-07-31 09:35:44,1.32,0.9777,585,1.3,0.9629,286,1.32,0.9777,5,1.31,0.9703,621,0
SPY190802C302,2019-07-31,2019-07-31 09:35:45,1.32,0.9777,230,1.31,0.9703,18,1.32,0.9777,5,1.315,0.974,621,0
SPY190802C302,2019-07-31,2019-07-31 09:35:46,1.32,0.9777,350,1.31,0.9703,23,1.32,0.9777,5,1.315,0.974,621,0
SPY190802C302,2019-07-31,2019-07-31 09:35:46,1.32,0.9777,125,1.31,0.9703,7,1.32,0.9777,5,1.315,0.974,621,0
SPY190802C302,2019-07-31,2019-07-31 09:35:47,1.33,0.9851,230,1.31,0.9703,18,1.32,0.9777,5,1.32,0.9777,621,0
SPY190802C302,2019-07-31,2019-07-31 09:35:48,1.32,0.9777,22,1.31,0.9703,11,1.32,0.9777,5,1.315,0.974,621,0
SPY190802C302,2019-07-31,2019-07-31 09:35:49,1.32,0.9777,141,1.3,0.9629,614,1.32,0.9777,5,1.31,0.9703,621,0
SPY190802C302,2019-07-31,2019-07-31 09:35:49,1.33,0.9851,919,1.3,0.9629,614,1.32,0.9777,5,1.315,0.974,621,0
SPY190802C302,2019-07-31,2019-07-31 09:35:50,1.32,0.9777,116,1.3,0.9629,540,1.32,0.9777,5,1.31,0.9703,621,0
SPY190802C302,2019-07-31,2019-07-31 09:35:50,1.32,0.9777,111,1.3,0.9629,540,1.32,0.9777,5,1.31,0.9703,621,0
SPY190802C302,2019-07-31,2019-07-31 09:35:51,1.32,0.9777,173,1.3,0.9629,540,1.32,0.9777,5,1.31,0.9703,621,0
SPY190802C302,2019-07-31,2019-07-31 09:35:52,1.32,0.9777,189,1.31,0.9703,17,1.32,0.9777,5,1.315,0.974,621,0
SPY190802C302,2019-07-31,2019-07-31 09:35:52,1.32,0.9777,173,1.3,0.9629,540,1.32,0.9777,5,1.31,0.9703,621,0
SPY190802C302,2019-07-31,2019-07-31 09:35:53,1.32,0.9777,206,1.31,0.9703,22,1.32,0.9777,5,1.315,0.974,621,0
SPY190802C302,2019-07-31,2019-07-31 09:35:54,1.32,0.9777,294,1.3,0.9629,489,1.32,0.9777,5,1.31,0.9703,621,0
SPY190802C302,2019-07-31,2019-07-31 09:35:55,1.33,0.9851,185,1.32,0.9777,6,1.32,0.9777,5,1.325,0.9814,621,0
SPY190802C302,2019-07-31,2019-07-31 09:35:55,1.33,0.9851,286,1.31,0.9703,235,1.32,0.9777,5,1.32,0.9777,621,0
SPY190802C302,2019-07-31,2019-07-31 09:35:56,1.33,0.9851,207,1.32,0.9777,6,1.32,0.9777,5,1.325,0.9814,621,0
SPY190802C302,2019-07-31,2019-07-31 09:35:57,1.32,0.9777,141,1.31,0.9703,6,1.32,0.9777,5,1.315,0.974,621,0
SPY190802C302,2019-07-31,2019-07-31 09:35:57,1.33,0.9851,201,1.32,0.9777,23,1.32,0.9777,5,1.325,0.9814,621,0
SPY190802C302,2019-07-31,2019-07-31 09:35:58,1.32,0.9777,236,1.3,0.9629,45,1.32,0.9777,5,1.31,0.9703,621,0
SPY190802C302,2019-07-31,2019-07-31 09:35:58,1.32,0.9777,657,1.3,0.9629,45,1.32,0.9777,5,1.31,0.9703,621,0
SPY190802C302,2019-07-31,2019-07-31 09:35:59,1.31,0.9703,63,1.3,0.9629,22,1.32,0.9777,5,1.305,0.9666,621,0
SPY190802C302,2019-07-31,2019-07-31 09:36:00,1.31,0.9703,87,1.3,0.9629,16,1.32,0.9777,5,1.305,0.9666,621,0
SPY190802C302,2019-07-31,2019-07-31 09:36:00,1.31,0.9703,295,1.29,0.9555,226,1.32,0.9777,5,1.3,0.9629,621,0
SPY190802C302,2019-07-31,2019-07-31 09:36:01,1.31,0.9703,169,1.3,0.9629,6,1.32,0.9777,5,1.305,0.9666,621,0
SPY190802C302,2019-07-31,2019-07-31 09:36:02,1.32,0.9777,702,1.3,0.9629,347,1.32,0.9777,5,1.31,0.9703,621,0
SPY190802C302,2019-07-31,2019-07-31 09:36:02,1.31,0.9703,169,1.3,0.9629,18,1.32,0.9777,5,1.305,0.9666,621,0
SPY190802C302,2019-07-31,2019-07-31 09:36:03,1.32,0.9777,738,1.3,0.9629,169,1.32,0.9777,5,1.31,0.9703,621,0
SPY190802C302,2019-07-31,2019-07-31 09:36:04,1.32,0.9777,651,1.31,0.9703,16,1.32,0.9777,5,1.315,0.974,621,0
SPY190802C302,2019-07-31,2019-07-31 09:36:05,1.32,0.9777,562,1.31,0.9703,8,1.32,0.9777,5,1.315,0.974,621,0
SPY190802C302,2019-07-31,2019-07-31 09:36:06,1.32,0.9777,391,1.31,0.9703,8,1.32,0.9777,5,1.315,0.974,621,0
SPY190802C302,2019-07-31,2019-07-31 09:36:06,1.32,0.9777,480,1.31,0.9703,258,1.32,0.9777,5,1.315,0.974,621,0
SPY190802C302,2019-07-31,2019-07-31 09:36:07,1.32,0.9777,586,1.31,0.9703,258,1.32,0.9777,5,1.315,0.974,621,0
SPY190802C302,2019-07-31,2019-07-31 09:36:07,1.32,0.9777,832,1.31,0.9703,258,1.32,0.9777,5,1.315,0.974,621,0
SPY190802C302,2019-07-31,2019-07-31 09:36:08,1.32,0.9777,832,1.31,0.9703,248,1.31,0.9703,10,1.315,0.974,631,10
SPY190802C302,2019-07-31,2019-07-31 09:36:09,1.32,0.9777,1038,1.31,0.9703,248,1.31,0.9703,10,1.315,0.974,631,0
SPY190802C302,2019-07-31,2019-07-31 09:36:10,1.32,0.9777,1595,1.31,0.9703,248,1.31,0.9703,10,1.315,0.974,631,0
SPY190802C302,2019-07-31,2019-07-31 09:36:11,1.32,0.9777,1595,1.31,0.9703,248,1.31,0.9703,10,1.315,0.974,631,0
SPY190802C302,2019-07-31,2019-07-31 09:36:11,1.31,0.9703,421,1.29,0.9555,148,1.31,0.9703,1,1.3,0.9629,879,248
SPY190802C302,2019-07-31,2019-07-31 09:36:12,1.31,0.9703,469,1.3,0.9629,6,1.31,0.9703,1,1.305,0.9666,879,0
SPY190802C302,2019-07-31,2019-07-31 09:36:12,1.31,0.9703,696,1.29,0.9555,452,1.31,0.9703,1,1.3,0.9629,879,0
SPY190802C302,2019-07-31,2019-07-31 09:36:13,1.31,0.9703,469,1.3,0.9629,22,1.31,0.9703,1,1.305,0.9666,879,0
SPY190802C302,2019-07-31,2019-07-31 09:36:13,1.31,0.9703,469,1.3,0.9629,18,1.31,0.9703,1,1.305,0.9666,879,0
SPY190802C302,2019-07-31,2019-07-31 09:36:14,1.32,0.9777,1183,1.3,0.9629,8,1.31,0.9703,1,1.31,0.9703,879,0
SPY190802C302,2019-07-31,2019-07-31 09:36:15,1.31,0.9703,19,1.3,0.9629,2,1.31,0.9703,1,1.305,0.9666,879,0
SPY190802C302,2019-07-31,2019-07-31 09:36:15,1.32,0.9777,765,1.3,0.9629,8,1.31,0.9703,1,1.31,0.9703,879,0
SPY190802C302,2019-07-31,2019-07-31 09:36:16,1.31,0.9703,50,1.3,0.9629,18,1.31,0.9703,1,1.305,0.9666,879,0
SPY190802C302,2019-07-31,2019-07-31 09:36:16,1.32,0.9777,601,1.3,0.9629,178,1.31,0.9703,1,1.31,0.9703,879,0
SPY190802C302,2019-07-31,2019-07-31 09:36:17,1.32,0.9777,212,1.31,0.9703,1,1.31,0.9703,1,1.315,0.974,879,0
SPY190802C302,2019-07-31,2019-07-31 09:36:17,1.32,0.9777,331,1.31,0.9703,17,1.31,0.9703,1,1.315,0.974,879,0
SPY190802C302,2019-07-31,2019-07-31 09:36:18,1.32,0.9777,331,1.31,0.9703,17,1.31,0.9703,1,1.315,0.974,879,0
SPY190802C302,2019-07-31,2019-07-31 09:36:19,1.32,0.9777,232,1.31,0.9703,9,1.31,0.9703,1,1.315,0.974,879,0
SPY190802C302,2019-07-31,2019-07-31 09:36:19,1.32,0.9777,343,1.31,0.9703,23,1.31,0.9703,1,1.315,0.974,879,0
SPY190802C302,2019-07-31,2019-07-31 09:36:20,1.33,0.9851,215,1.31,0.9703,486,1.31,0.9703,1,1.32,0.9777,879,0
SPY190802C302,2019-07-31,2019-07-31 09:36:20,1.33,0.9851,92,1.32,0.9777,24,1.31,0.9703,1,1.325,0.9814,879,0
SPY190802C302,2019-07-31,2019-07-31 09:36:21,1.33,0.9851,136,1.32,0.9777,20,1.31,0.9703,1,1.325,0.9814,879,0
SPY190802C302,2019-07-31,2019-07-31 09:36:22,1.33,0.9851,136,1.32,0.9777,24,1.31,0.9703,1,1.325,0.9814,879,0
SPY190802C302,2019-07-31,2019-07-31 09:36:23,1.33,0.9851,390,1.32,0.9777,3,1.31,0.9703,1,1.325,0.9814,879,0
SPY190802C302,2019-07-31,2019-07-31 09:36:23,1.33,0.9851,390,1.31,0.9703,563,1.31,0.9703,1,1.32,0.9777,879,0
SPY190802C302,2019-07-31,2019-07-31 09:36:24,1.33,0.9851,505,1.31,0.9703,910,1.31,0.9703,1,1.32,0.9777,879,0
SPY190802C302,2019-07-31,2019-07-31 09:36:24,1.33,0.9851,505,1.32,0.9777,16,1.31,0.9703,1,1.325,0.9814,879,0
SPY190802C302,2019-07-31,2019-07-31 09:36:25,1.33,0.9851,505,1.32,0.9777,16,1.31,0.9703,1,1.325,0.9814,879,0
SPY190802C302,2019-07-31,2019-07-31 09:36:26,1.33,0.9851,482,1.31,0.9703,565,1.31,0.9703,1,1.32,0.9777,879,0
SPY190802C302,2019-07-31,2019-07-31 09:36:26,1.33,0.9851,482,1.32,0.9777,16,1.31,0.9703,1,1.325,0.9814,879,0
SPY190802C302,2019-07-31,2019-07-31 09:36:27,1.33,0.9851,554,1.32,0.9777,6,1.31,0.9703,1,1.325,0.9814,879,0
SPY190802C302,2019-07-31,2019-07-31 09:36:27,1.33,0.9851,482,1.31,0.9703,915,1.31,0.9703,1,1.32,0.9777,879,0
SPY190802C302,2019-07-31,2019-07-31 09:36:28,1.33,0.9851,482,1.32,0.9777,9,1.31,0.9703,1,1.325,0.9814,879,0
SPY190802C302,2019-07-31,2019-07-31 09:36:29,1.33,0.9851,133,1.31,0.9703,285,1.31,0.9703,1,1.32,0.9777,879,0
SPY190802C302,2019-07-31,2019-07-31 09:36:29,1.33,0.9851,482,1.32,0.9777,9,1.31,0.9703,1,1.325,0.9814,879,0
SPY190802C302,2019-07-31,2019-07-31 09:36:30,1.33,0.9851,169,1.32,0.9777,16,1.31,0.9703,1,1.325,0.9814,879,0
SPY190802C302,2019-07-31,2019-07-31 09:36:31,1.33,0.9851,488,1.32,0.9777,6,1.31,0.9703,1,1.325,0.9814,879,0
SPY190802C302,2019-07-31,2019-07-31 09:36:31,1.33,0.9851,488,1.31,0.9703,497,1.31,0.9703,1,1.32,0.9777,879,0
SPY190802C302,2019-07-31,2019-07-31 09:36:32,1.33,0.9851,488,1.32,0.9777,6,1.31,0.9703,1,1.325,0.9814,879,0
SPY190802C302,2019-07-31,2019-07-31 09:36:32,1.33,0.9851,353,1.31,0.9703,497,1.31,0.9703,1,1.32,0.9777,879,0
SPY190802C302,2019-07-31,2019-07-31 09:36:33,1.33,0.9851,353,1.32,0.9777,16,1.31,0.9703,1,1.325,0.9814,879,0
SPY190802C302,2019-07-31,2019-07-31 09:36:34,1.33,0.9851,347,1.31,0.9703,587,1.31,0.9703,1,1.32,0.9777,879,0
SPY190802C302,2019-07-31,2019-07-31 09:36:35,1.33,0.9851,347,1.31,0.9703,587,1.31,0.9703,1,1.32,0.9777,879,0
SPY190802C302,2019-07-31,2019-07-31 09:36:35,1.33,0.9851,347,1.32,0.9777,4,1.31,0.9703,1,1.325,0.9814,879,0
SPY190802C302,2019-07-31,2019-07-31 09:36:36,1.33,0.9851,347,1.31,0.9703,587,1.31,0.9703,1,1.32,0.9777,879,0
SPY190802C302,2019-07-31,2019-07-31 09:36:37,1.32,0.9777,30,1.31,0.9703,92,1.31,0.9703,1,1.315,0.974,879,0
SPY190802C302,2019-07-31,2019-07-31 09:36:37,1.33,0.9851,175,1.31,0.9703,92,1.31,0.9703,1,1.32,0.9777,879,0
SPY190802C302,2019-07-31,2019-07-31 09:36:38,1.33,0.9851,608,1.31,0.9703,150,1.31,0.9703,1,1.32,0.9777,879,0
SPY190802C302,2019-07-31,2019-07-31 09:36:39,1.32,0.9777,36,1.31,0.9703,312,1.31,0.9703,1,1.315,0.974,879,0
SPY190802C302,2019-07-31,2019-07-31 09:36:39,1.33,0.9851,370,1.31,0.9703,210,1.31,0.9703,1,1.32,0.9777,879,0
SPY190802C302,2019-07-31,2019-07-31 09:36:40,1.32,0.9777,60,1.31,0.9703,1,1.31,0.9703,1,1.315,0.974,879,0
SPY190802C302,2019-07-31,2019-07-31 09:36:41,1.32,0.9777,92,1.31,0.9703,5,1.31,0.9703,1,1.315,0.974,879,0
SPY190802C302,2019-07-31,2019-07-31 09:36:42,1.32,0.9777,92,1.31,0.9703,1,1.31,0.9703,1,1.315,0.974,879,0
SPY190802C302,2019-07-31,2019-07-31 09:36:43,1.32,0.9777,80,1.31,0.9703,80,1.31,0.9703,1,1.315,0.974,879,0
SPY190802C302,2019-07-31,2019-07-31 09:36:43,1.32,0.9777,50,1.31,0.9703,80,1.31,0.9703,1,1.315,0.974,879,0
SPY190802C302,2019-07-31,2019-07-31 09:36:44,1.32,0.9777,50,1.31,0.9703,80,1.32,0.9777,1,1.315,0.974,880,1
SPY190802C302,2019-07-31,2019-07-31 09:36:45,1.32,0.9777,28,1.31,0.9703,131,1.32,0.9777,1,1.315,0.974,880,0
SPY190802C302,2019-07-31,2019-07-31 09:36:45,1.33,0.9851,122,1.31,0.9703,142,1.32,0.9777,1,1.32,0.9777,880,0
SPY190802C302,2019-07-31,2019-07-31 09:36:46,1.33,0.9851,140,1.32,0.9777,4,1.32,0.9777,1,1.325,0.9814,880,0
SPY190802C302,2019-07-31,2019-07-31 09:36:47,1.33,0.9851,340,1.32,0.9777,16,1.32,0.9777,1,1.325,0.9814,880,0
SPY190802C302,2019-07-31,2019-07-31 09:36:48,1.33,0.9851,83,1.32,0.9777,54,1.32,0.9777,1,1.325,0.9814,880,0
SPY190802C302,2019-07-31,2019-07-31 09:36:49,1.33,0.9851,141,1.32,0.9777,16,1.32,0.9777,1,1.325,0.9814,880,0
SPY190802C302,2019-07-31,2019-07-31 09:36:50,1.33,0.9851,102,1.31,0.9703,658,1.32,0.9777,1,1.32,0.9777,880,0
SPY190802C302,2019-07-31,2019-07-31 09:36:50,1.33,0.9851,92,1.31,0.9703,658,1.32,0.9777,1,1.32,0.9777,880,0
SPY190802C302,2019-07-31,2019-07-31 09:36:51,1.33,0.9851,30,1.31,0.9703,409,1.32,0.9777,1,1.32,0.9777,880,0
SPY190802C302,2019-07-31,2019-07-31 09:36:52,1.33,0.9851,138,1.31,0.9703,489,1.32,0.9777,1,1.32,0.9777,880,0
SPY190802C302,2019-07-31,2019-07-31 09:36:53,1.33,0.9851,122,1.31,0.9703,813,1.32,0.9777,1,1.32,0.9777,880,0
SPY190802C302,2019-07-31,2019-07-31 09:36:54,1.32,0.9777,4,1.31,0.9703,511,1.32,0.9777,1,1.315,0.974,880,0
SPY190802C302,2019-07-31,2019-07-31 09:36:54,1.32,0.9777,30,1.31,0.9703,179,1.32,0.9777,1,1.315,0.974,880,0
SPY190802C302,2019-07-31,2019-07-31 09:36:55,1.32,0.9777,30,1.31,0.9703,179,1.32,0.9777,1,1.315,0.974,880,0
SPY190802C302,2019-07-31,2019-07-31 09:36:56,1.32,0.9777,30,1.31,0.9703,102,1.32,0.9777,1,1.315,0.974,880,0
SPY190802C302,2019-07-31,2019-07-31 09:36:56,1.32,0.9777,33,1.31,0.9703,53,1.32,0.9777,1,1.315,0.974,880,0
SPY190802C302,2019-07-31,2019-07-31 09:36:57,1.32,0.9777,30,1.31,0.9703,101,1.32,0.9777,1,1.315,0.974,880,0
SPY190802C302,2019-07-31,2019-07-31 09:36:57,1.32,0.9777,33,1.31,0.9703,96,1.32,0.9777,1,1.315,0.974,880,0
SPY190802C302,2019-07-31,2019-07-31 09:36:58,1.32,0.9777,30,1.31,0.9703,1,1.32,0.9777,1,1.315,0.974,880,0
SPY190802C302,2019-07-31,2019-07-31 09:36:59,1.32,0.9777,48,1.31,0.9703,93,1.32,0.9777,1,1.315,0.974,880,0
SPY190802C302,2019-07-31,2019-07-31 09:37:00,1.32,0.9777,30,1.31,0.9703,131,1.32,0.9777,1,1.315,0.974,880,0
SPY190802C302,2019-07-31,2019-07-31 09:37:00,1.32,0.9777,29,1.31,0.9703,138,1.32,0.9777,1,1.315,0.974,881,1
SPY190802C302,2019-07-31,2019-07-31 09:37:01,1.33,0.9851,205,1.31,0.9703,489,1.32,0.9777,1,1.32,0.9777,881,0
SPY190802C302,2019-07-31,2019-07-31 09:37:02,1.33,0.9851,48,1.32,0.9777,16,1.32,0.9777,1,1.325,0.9814,881,0
SPY190802C302,2019-07-31,2019-07-31 09:37:03,1.33,0.9851,32,1.31,0.9703,750,1.32,0.9777,1,1.32,0.9777,881,0
SPY190802C302,2019-07-31,2019-07-31 09:37:04,1.33,0.9851,32,1.32,0.9777,6,1.32,0.9777,1,1.325,0.9814,881,0
SPY190802C302,2019-07-31,2019-07-31 09:37:04,1.33,0.9851,32,1.32,0.9777,16,1.32,0.9777,1,1.325,0.9814,881,0
SPY190802C302,2019-07-31,2019-07-31 09:37:05,1.33,0.9851,30,1.32,0.9777,119,1.32,0.9777,1,1.325,0.9814,881,0
SPY190802C302,2019-07-31,2019-07-31 09:37:06,1.33,0.9851,175,1.31,0.9703,324,1.32,0.9777,1,1.32,0.9777,881,0
SPY190802C302,2019-07-31,2019-07-31 09:37:06,1.33,0.9851,33,1.32,0.9777,138,1.32,0.9777,1,1.325,0.9814,881,0
SPY190802C302,2019-07-31,2019-07-31 09:37:07,1.33,0.9851,125,1.31,0.9703,653,1.32,0.9777,1,1.32,0.9777,881,0
SPY190802C302,2019-07-31,2019-07-31 09:37:08,1.33,0.9851,120,1.31,0.9703,397,1.32,0.9777,1,1.32,0.9777,881,0
SPY190802C302,2019-07-31,2019-07-31 09:37:08,1.32,0.9777,30,1.31,0.9703,327,1.32,0.9777,1,1.315,0.974,882,1
SPY190802C302,2019-07-31,2019-07-31 09:37:09,1.32,0.9777,30,1.31,0.9703,182,1.32,0.9777,1,1.315,0.974,882,0
SPY190802C302,2019-07-31,2019-07-31 09:37:10,1.32,0.9777,30,1.31,0.9703,213,1.32,0.9777,1,1.315,0.974,882,0
SPY190802C302,2019-07-31,2019-07-31 09:37:10,1.33,0.9851,9,1.32,0.9777,165,1.32,0.9777,1,1.325,0.9814,882,0
SPY190802C302,2019-07-31,2019-07-31 09:37:11,1.33,0.9851,30,1.32,0.9777,44,1.32,0.9777,1,1.325,0.9814,882,0
SPY190802C302,2019-07-31,2019-07-31 09:37:12,1.33,0.9851,30,1.32,0.9777,165,1.32,0.9777,1,1.325,0.9814,882,0
SPY190802C302,2019-07-31,2019-07-31 09:37:12,1.33,0.9851,30,1.32,0.9777,4,1.32,0.9777,1,1.325,0.9814,882,0
SPY190802C302,2019-07-31,2019-07-31 09:37:13,1.33,0.9851,30,1.32,0.9777,165,1.32,0.9777,1,1.325,0.9814,882,0
SPY190802C302,2019-07-31,2019-07-31 09:37:14,1.33,0.9851,30,1.32,0.9777,165,1.32,0.9777,1,1.325,0.9814,882,0
SPY190802C302,2019-07-31,2019-07-31 09:37:15,1.33,0.9851,30,1.32,0.9777,165,1.32,0.9777,1,1.325,0.9814,882,0
SPY190802C302,2019-07-31,2019-07-31 09:37:15,1.33,0.9851,3,1.32,0.9777,165,1.32,0.9777,1,1.325,0.9814,882,0
SPY190802C302,2019-07-31,2019-07-31 09:37:16,1.33,0.9851,19,1.32,0.9777,165,1.32,0.9777,1,1.325,0.9814,882,0
SPY190802C302,2019-07-31,2019-07-31 09:37:16,1.33,0.9851,363,1.31,0.9703,461,1.32,0.9777,1,1.32,0.9777,882,0
SPY190802C302,2019-07-31,2019-07-31 09:37:17,1.33,0.9851,147,1.31,0.9703,868,1.33,0.9851,5,1.32,0.9777,892,10
SPY190802C302,2019-07-31,2019-07-31 09:37:18,1.33,0.9851,154,1.31,0.9703,836,1.33,0.9851,5,1.32,0.9777,892,0
SPY190802C302,2019-07-31,2019-07-31 09:37:19,1.32,0.9777,24,1.31,0.9703,489,1.33,0.9851,5,1.315,0.974,892,0
SPY190802C302,2019-07-31,2019-07-31 09:37:20,1.32,0.9777,24,1.31,0.9703,516,1.33,0.9851,5,1.315,0.974,892,0
SPY190802C302,2019-07-31,2019-07-31 09:37:20,1.32,0.9777,24,1.31,0.9703,489,1.33,0.9851,5,1.315,0.974,892,0
SPY190802C302,2019-07-31,2019-07-31 09:37:21,1.33,0.9851,212,1.31,0.9703,569,1.33,0.9851,5,1.32,0.9777,892,0
SPY190802C302,2019-07-31,2019-07-31 09:37:22,1.33,0.9851,319,1.31,0.9703,516,1.33,0.9851,5,1.32,0.9777,892,0
SPY190802C302,2019-07-31,2019-07-31 09:37:22,1.33,0.9851,494,1.32,0.9777,16,1.33,0.9851,5,1.325,0.9814,892,0
SPY190802C302,2019-07-31,2019-07-31 09:37:23,1.33,0.9851,459,1.32,0.9777,1,1.33,0.9851,5,1.325,0.9814,892,0
SPY190802C302,2019-07-31,2019-07-31 09:37:23,1.32,0.9777,30,1.32,0.9777,1,1.33,0.9851,5,1.32,0.9777,892,0
SPY190802C302,2019-07-31,2019-07-31 09:37:24,1.33,0.9851,77,1.32,0.9777,1,1.33,0.9851,5,1.325,0.9814,892,0
SPY190802C302,2019-07-31,2019-07-31 09:37:25,1.33,0.9851,153,1.32,0.9777,34,1.33,0.9851,5,1.325,0.9814,892,0
SPY190802C302,2019-07-31,2019-07-31 09:37:25,1.33,0.9851,153,1.32,0.9777,30,1.33,0.9851,5,1.325,0.9814,892,0
SPY190802C302,2019-07-31,2019-07-31 09:37:26,1.33,0.9851,126,1.32,0.9777,16,1.33,0.9851,5,1.325,0.9814,892,0
SPY190802C302,2019-07-31,2019-07-31 09:37:27,1.33,0.9851,178,1.32,0.9777,16,1.33,0.9851,5,1.325,0.9814,892,0
SPY190802C302,2019-07-31,2019-07-31 09:37:27,1.33,0.9851,115,1.32,0.9777,29,1.33,0.9851,5,1.325,0.9814,892,0
SPY190802C302,2019-07-31,2019-07-31 09:37:28,1.33,0.9851,480,1.32,0.9777,1,1.33,0.9851,5,1.325,0.9814,892,0
SPY190802C302,2019-07-31,2019-07-31 09:37:29,1.33,0.9851,480,1.32,0.9777,1,1.33,0.9851,5,1.325,0.9814,892,0
SPY190802C302,2019-07-31,2019-07-31 09:37:29,1.33,0.9851,231,1.32,0.9777,16,1.33,0.9851,5,1.325,0.9814,892,0
SPY190802C302,2019-07-31,2019-07-31 09:37:30,1.33,0.9851,573,1.32,0.9777,1,1.33,0.9851,5,1.325,0.9814,892,0
SPY190802C302,2019-07-31,2019-07-31 09:37:31,1.33,0.9851,653,1.32,0.9777,1,1.32,0.9777,1,1.325,0.9814,893,1
SPY190802C302,2019-07-31,2019-07-31 09:37:31,1.32,0.9777,84,1.31,0.9703,5,1.32,0.9777,4,1.315,0.974,897,4
SPY190802C302,2019-07-31,2019-07-31 09:37:32,1.32,0.9777,85,1.31,0.9703,20,1.32,0.9777,4,1.315,0.974,897,0
SPY190802C302,2019-07-31,2019-07-31 09:37:32,1.32,0.9777,35,1.31,0.9703,20,1.32,0.9777,4,1.315,0.974,897,0
SPY190802C302,2019-07-31,2019-07-31 09:37:33,1.32,0.9777,33,1.31,0.9703,200,1.32,0.9777,4,1.315,0.974,897,0
SPY190802C302,2019-07-31,2019-07-31 09:37:34,1.32,0.9777,3,1.31,0.9703,287,1.32,0.9777,4,1.315,0.974,897,0
SPY190802C302,2019-07-31,2019-07-31 09:37:35,1.32,0.9777,3,1.31,0.9703,1033,1.32,0.9777,4,1.315,0.974,897,0
SPY190802C302,2019-07-31,2019-07-31 09:37:36,1.33,0.9851,30,1.32,0.9777,17,1.32,0.9777,2,1.325,0.9814,900,3
SPY190802C302,2019-07-31,2019-07-31 09:37:36,1.34,0.9925,575,1.32,0.9777,364,1.32,0.9777,2,1.33,0.9851,900,0
SPY190802C302,2019-07-31,2019-07-31 09:37:37,1.33,0.9851,72,1.32,0.9777,106,1.32,0.9777,2,1.325,0.9814,900,0
SPY190802C302,2019-07-31,2019-07-31 09:37:38,1.33,0.9851,222,1.32,0.9777,106,1.32,0.9777,2,1.325,0.9814,900,0
SPY190802C302,2019-07-31,2019-07-31 09:37:39,1.33,0.9851,247,1.32,0.9777,16,1.32,0.9777,2,1.325,0.9814,900,0
SPY190802C302,2019-07-31,2019-07-31 09:37:39,1.33,0.9851,100,1.32,0.9777,29,1.32,0.9777,2,1.325,0.9814,900,0
SPY190802C302,2019-07-31,2019-07-31 09:37:40,1.33,0.9851,115,1.32,0.9777,29,1.32,0.9777,2,1.325,0.9814,900,0
SPY190802C302,2019-07-31,2019-07-31 09:37:41,1.34,0.9925,801,1.32,0.9777,109,1.32,0.9777,2,1.33,0.9851,900,0
SPY190802C302,2019-07-31,2019-07-31 09:37:42,1.34,0.9925,801,1.32,0.9777,109,1.32,0.9777,2,1.33,0.9851,900,0
SPY190802C302,2019-07-31,2019-07-31 09:37:43,1.34,0.9925,801,1.32,0.9777,250,1.32,0.9777,2,1.33,0.9851,900,0
SPY190802C302,2019-07-31,2019-07-31 09:37:43,1.34,0.9925,88,1.33,0.9851,164,1.32,0.9777,2,1.335,0.9888,900,0
SPY190802C302,2019-07-31,2019-07-31 09:37:44,1.34,0.9925,88,1.33,0.9851,164,1.32,0.9777,2,1.335,0.9888,900,0
SPY190802C302,2019-07-31,2019-07-31 09:37:45,1.35,1.0,603,1.33,0.9851,300,1.32,0.9777,2,1.34,0.9925,900,0
SPY190802C302,2019-07-31,2019-07-31 09:37:45,1.35,1.0,569,1.33,0.9851,300,1.32,0.9777,2,1.34,0.9925,900,0
SPY190802C302,2019-07-31,2019-07-31 09:37:46,1.34,0.9925,30,1.33,0.9851,237,1.32,0.9777,2,1.335,0.9888,900,0
SPY190802C302,2019-07-31,2019-07-31 09:37:47,1.34,0.9925,30,1.33,0.9851,164,1.32,0.9777,2,1.335,0.9888,900,0
SPY190802C302,2019-07-31,2019-07-31 09:37:48,1.34,0.9925,50,1.33,0.9851,101,1.34,0.9925,37,1.335,0.9888,1454,554
SPY190802C302,2019-07-31,2019-07-31 09:37:48,1.34,0.9925,106,1.33,0.9851,60,1.32,0.9777,2,1.335,0.9888,900,0
SPY190802C302,2019-07-31,2019-07-31 09:37:49,1.34,0.9925,77,1.33,0.9851,121,1.34,0.9925,37,1.335,0.9888,1454,0
SPY190802C302,2019-07-31,2019-07-31 09:37:50,1.34,0.9925,5,1.33,0.9851,310,1.34,0.9925,37,1.335,0.9888,1454,0
SPY190802C302,2019-07-31,2019-07-31 09:37:50,1.34,0.9925,5,1.33,0.9851,120,1.34,0.9925,37,1.335,0.9888,1454,0
SPY190802C302,2019-07-31,2019-07-31 09:37:51,1.34,0.9925,5,1.33,0.9851,524,1.34,0.9925,37,1.335,0.9888,1454,0
SPY190802C302,2019-07-31,2019-07-31 09:37:52,1.34,0.9925,5,1.33,0.9851,868,1.34,0.9925,37,1.335,0.9888,1454,0
SPY190802C302,2019-07-31,2019-07-31 09:37:53,1.34,0.9925,5,1.33,0.9851,524,1.34,0.9925,37,1.335,0.9888,1454,0
SPY190802C302,2019-07-31,2019-07-31 09:37:54,1.34,0.9925,35,1.33,0.9851,343,1.34,0.9925,37,1.335,0.9888,1454,0
SPY190802C302,2019-07-31,2019-07-31 09:37:55,1.34,0.9925,35,1.33,0.9851,354,1.34,0.9925,37,1.335,0.9888,1454,0
SPY190802C302,2019-07-31,2019-07-31 09:37:55,1.34,0.9925,35,1.33,0.9851,504,1.34,0.9925,37,1.335,0.9888,1454,0
SPY190802C302,2019-07-31,2019-07-31 09:37:56,1.34,0.9925,5,1.33,0.9851,500,1.34,0.9925,37,1.335,0.9888,1454,0
SPY190802C302,2019-07-31,2019-07-31 09:37:57,1.34,0.9925,5,1.33,0.9851,333,1.34,0.9925,37,1.335,0.9888,1454,0
SPY190802C302,2019-07-31,2019-07-31 09:37:58,1.34,0.9925,5,1.33,0.9851,322,1.34,0.9925,37,1.335,0.9888,1454,0
SPY190802C302,2019-07-31,2019-07-31 09:37:59,1.34,0.9925,5,1.33,0.9851,183,1.34,0.9925,37,1.335,0.9888,1454,0
SPY190802C302,2019-07-31,2019-07-31 09:38:00,1.34,0.9925,5,1.33,0.9851,398,1.34,0.9925,37,1.335,0.9888,1454,0
SPY190802C302,2019-07-31,2019-07-31 09:38:01,1.34,0.9925,147,1.33,0.9851,106,1.34,0.9925,37,1.335,0.9888,1454,0
SPY190802C302,2019-07-31,2019-07-31 09:38:02,1.34,0.9925,387,1.33,0.9851,6,1.34,0.9925,37,1.335,0.9888,1454,0
SPY190802C302,2019-07-31,2019-07-31 09:38:03,1.34,0.9925,5,1.33,0.9851,460,1.34,0.9925,37,1.335,0.9888,1454,0
SPY190802C302,2019-07-31,2019-07-31 09:38:04,1.34,0.9925,5,1.33,0.9851,814,1.34,0.9925,37,1.335,0.9888,1454,0
SPY190802C302,2019-07-31,2019-07-31 09:38:05,1.34,0.9925,5,1.33,0.9851,904,1.34,0.9925,37,1.335,0.9888,1454,0
SPY190802C302,2019-07-31,2019-07-31 09:38:05,1.34,0.9925,5,1.33,0.9851,814,1.34,0.9925,37,1.335,0.9888,1454,0
SPY190802C302,2019-07-31,2019-07-31 09:38:06,1.34,0.9925,5,1.33,0.9851,904,1.34,0.9925,37,1.335,0.9888,1454,0
SPY190802C302,2019-07-31,2019-07-31 09:38:07,1.34,0.9925,5,1.33,0.9851,904,1.34,0.9925,37,1.335,0.9888,1454,0
SPY190802C302,2019-07-31,2019-07-31 09:38:08,1.35,1.0,223,1.34,0.9925,1,1.34,0.9925,3,1.345,0.9962,1459,5
SPY190802C302,2019-07-31,2019-07-31 09:38:09,1.35,1.0,223,1.33,0.9851,547,1.34,0.9925,3,1.34,0.9925,1459,0
SPY190802C302,2019-07-31,2019-07-31 09:38:10,1.35,1.0,207,1.33,0.9851,547,1.34,0.9925,3,1.34,0.9925,1459,0
SPY190802C302,2019-07-31,2019-07-31 09:38:11,1.35,1.0,223,1.33,0.9851,556,1.34,0.9925,3,1.34,0.9925,1459,0
SPY190802C302,2019-07-31,2019-07-31 09:38:11,1.35,1.0,223,1.34,0.9925,16,1.34,0.9925,3,1.345,0.9962,1459,0
SPY190802C302,2019-07-31,2019-07-31 09:38:12,1.35,1.0,223,1.33,0.9851,556,1.34,0.9925,3,1.34,0.9925,1459,0
SPY190802C302,2019-07-31,2019-07-31 09:38:13,1.35,1.0,223,1.33,0.9851,556,1.34,0.9925,3,1.34,0.9925,1459,0
SPY190802C302,2019-07-31,2019-07-31 09:38:13,1.35,1.0,76,1.34,0.9925,98,1.34,0.9925,3,1.345,0.9962,1459,0
SPY190802C302,2019-07-31,2019-07-31 09:38:14,1.35,1.0,72,1.34,0.9925,94,1.34,0.9925,3,1.345,0.9962,1459,0
SPY190802C302,2019-07-31,2019-07-31 09:38:15,1.35,1.0,76,1.34,0.9925,100,1.34,0.9925,2,1.345,0.9962,1461,2
SPY190802C302,2019-07-31,2019-07-31 09:38:15,1.35,1.0,76,1.34,0.9925,100,1.34,0.9925,3,1.345,0.9962,1459,0
SPY190802C302,2019-07-31,2019-07-31 09:38:16,1.35,1.0,10,1.34,0.9925,467,1.34,0.9925,2,1.345,0.9962,1461,0
SPY190802C302,2019-07-31,2019-07-31 09:38:16,1.35,1.0,76,1.34,0.9925,100,1.34,0.9925,2,1.345,0.9962,1461,0
SPY190802C302,2019-07-31,2019-07-31 09:38:17,1.35,1.0,10,1.34,0.9925,148,1.34,0.9925,2,1.345,0.9962,1461,0
SPY190802C302,2019-07-31,2019-07-31 09:38:18,1.35,1.0,76,1.34,0.9925,107,1.34,0.9925,2,1.345,0.9962,1461,0
SPY190802C302,2019-07-31,2019-07-31 09:38:19,1.36,1.0074,765,1.34,0.9925,107,1.34,0.9925,2,1.35,1.0,1461,0
SPY190802C302,2019-07-31,2019-07-31 09:38:19,1.35,1.0,76,1.34,0.9925,126,1.34,0.9925,2,1.345,0.9962,1461,0
SPY190802C302,2019-07-31,2019-07-31 09:38:20,1.35,1.0,120,1.34,0.9925,58,1.34,0.9925,2,1.345,0.9962,1461,0
SPY190802C302,2019-07-31,2019-07-31 09:38:21,1.35,1.0,120,1.34,0.9925,58,1.34,0.9925,2,1.345,0.9962,1461,0
SPY190802C302,2019-07-31,2019-07-31 09:38:22,1.36,1.0074,261,1.34,0.9925,498,1.34,0.9925,2,1.35,1.0,1461,0
SPY190802C302,2019-07-31,2019-07-31 09:38:22,1.35,1.0,91,1.34,0.9925,575,1.34,0.9925,2,1.345,0.9962,1461,0
SPY190802C302,2019-07-31,2019-07-31 09:38:23,1.36,1.0074,378,1.35,1.0,4,1.34,0.9925,2,1.355,1.0037,1461,0
SPY190802C302,2019-07-31,2019-07-31 09:38:24,1.36,1.0074,451,1.34,0.9925,632,1.34,0.9925,2,1.35,1.0,1461,0
SPY190802C302,2019-07-31,2019-07-31 09:38:24,1.36,1.0074,451,1.34,0.9925,678,1.34,0.9925,2,1.35,1.0,1461,0
SPY190802C302,2019-07-31,2019-07-31 09:38:25,1.36,1.0074,451,1.35,1.0,16,1.34,0.9925,2,1.355,1.0037,1461,0
SPY190802C302,2019-07-31,2019-07-31 09:38:26,1.36,1.0074,451,1.35,1.0,16,1.34,0.9925,2,1.355,1.0037,1461,0
SPY190802C302,2019-07-31,2019-07-31 09:38:27,1.36,1.0074,451,1.34,0.9925,710,1.34,0.9925,2,1.35,1.0,1461,0
SPY190802C302,2019-07-31,2019-07-31 09:38:28,1.36,1.0074,451,1.35,1.0,22,1.34,0.9925,2,1.355,1.0037,1461,0
SPY190802C302,2019-07-31,2019-07-31 09:38:29,1.36,1.0074,144,1.35,1.0,72,1.36,1.0074,10,1.355,1.0037,1471,10
SPY190802C302,2019-07-31,2019-07-31 09:38:30,1.36,1.0074,144,1.34,0.9925,527,1.36,1.0074,10,1.35,1.0,1471,0
SPY190802C302,2019-07-31,2019-07-31 09:38:31,1.36,1.0074,144,1.35,1.0,22,1.36,1.0074,10,1.355,1.0037,1471,0
SPY190802C302,2019-07-31,2019-07-31 09:38:32,1.36,1.0074,144,1.35,1.0,37,1.36,1.0074,10,1.355,1.0037,1471,0
SPY190802C302,2019-07-31,2019-07-31 09:38:32,1.36,1.0074,144,1.35,1.0,16,1.36,1.0074,10,1.355,1.0037,1471,0
SPY190802C302,2019-07-31,2019-07-31 09:38:33,1.36,1.0074,144,1.35,1.0,16,1.36,1.0074,10,1.355,1.0037,1471,0
SPY190802C302,2019-07-31,2019-07-31 09:38:33,1.36,1.0074,144,1.34,0.9925,527,1.36,1.0074,10,1.35,1.0,1471,0
SPY190802C302,2019-07-31,2019-07-31 09:38:34,1.36,1.0074,144,1.34,0.9925,469,1.36,1.0074,10,1.35,1.0,1471,0
SPY190802C302,2019-07-31,2019-07-31 09:38:35,1.36,1.0074,34,1.35,1.0,12,1.36,1.0074,10,1.355,1.0037,1471,0
SPY190802C302,2019-07-31,2019-07-31 09:38:35,1.36,1.0074,44,1.35,1.0,179,1.36,1.0074,10,1.355,1.0037,1471,0
SPY190802C302,2019-07-31,2019-07-31 09:38:36,1.36,1.0074,15,1.35,1.0,179,1.36,1.0074,10,1.355,1.0037,1471,0
SPY190802C302,2019-07-31,2019-07-31 09:38:37,1.36,1.0074,7,1.35,1.0,8,1.36,1.0074,10,1.355,1.0037,1471,0
SPY190802C302,2019-07-31,2019-07-31 09:38:37,1.36,1.0074,10,1.35,1.0,179,1.36,1.0074,10,1.355,1.0037,1471,0
SPY190802C302,2019-07-31,2019-07-31 09:38:38,1.36,1.0074,130,1.35,1.0,20,1.36,1.0074,10,1.355,1.0037,1471,0
SPY190802C302,2019-07-31,2019-07-31 09:38:39,1.36,1.0074,138,1.35,1.0,4,1.36,1.0074,10,1.355,1.0037,1471,0
SPY190802C302,2019-07-31,2019-07-31 09:38:39,1.36,1.0074,130,1.35,1.0,20,1.36,1.0074,10,1.355,1.0037,1471,0
SPY190802C302,2019-07-31,2019-07-31 09:38:40,1.36,1.0074,188,1.35,1.0,4,1.36,1.0074,10,1.355,1.0037,1471,0
SPY190802C302,2019-07-31,2019-07-31 09:38:41,1.36,1.0074,422,1.34,0.9925,607,1.36,1.0074,10,1.35,1.0,1471,0
SPY190802C302,2019-07-31,2019-07-31 09:38:41,1.36,1.0074,188,1.34,0.9925,873,1.36,1.0074,10,1.35,1.0,1471,0
SPY190802C302,2019-07-31,2019-07-31 09:38:42,1.36,1.0074,511,1.34,0.9925,861,1.36,1.0074,10,1.35,1.0,1471,0
SPY190802C302,2019-07-31,2019-07-31 09:38:43,1.36,1.0074,562,1.35,1.0,4,1.36,1.0074,10,1.355,1.0037,1471,0
SPY190802C302,2019-07-31,2019-07-31 09:38:44,1.36,1.0074,562,1.35,1.0,4,1.36,1.0074,10,1.355,1.0037,1471,0
SPY190802C302,2019-07-31,2019-07-31 09:38:45,1.36,1.0074,567,1.35,1.0,4,1.36,1.0074,10,1.355,1.0037,1471,0
SPY190802C302,2019-07-31,2019-07-31 09:38:45,1.36,1.0074,562,1.34,0.9925,187,1.36,1.0074,10,1.35,1.0,1471,0
SPY190802C302,2019-07-31,2019-07-31 09:38:46,1.36,1.0074,572,1.34,0.9925,237,1.36,1.0074,10,1.35,1.0,1471,0
SPY190802C302,2019-07-31,2019-07-31 09:38:47,1.35,1.0,155,1.34,0.9925,104,1.36,1.0074,10,1.345,0.9962,1471,0
SPY190802C302,2019-07-31,2019-07-31 09:38:48,1.35,1.0,144,1.34,0.9925,6,1.36,1.0074,10,1.345,0.9962,1471,0
SPY190802C302,2019-07-31,2019-07-31 09:38:48,1.35,1.0,64,1.34,0.9925,99,1.36,1.0074,10,1.345,0.9962,1471,0
SPY190802C302,2019-07-31,2019-07-31 09:38:49,1.35,1.0,138,1.34,0.9925,18,1.36,1.0074,10,1.345,0.9962,1471,0
SPY190802C302,2019-07-31,2019-07-31 09:38:50,1.35,1.0,129,1.34,0.9925,55,1.36,1.0074,10,1.345,0.9962,1471,0
SPY190802C302,2019-07-31,2019-07-31 09:38:51,1.35,1.0,377,1.33,0.9851,996,1.36,1.0074,10,1.34,0.9925,1471,0
SPY190802C302,2019-07-31,2019-07-31 09:38:52,1.35,1.0,411,1.33,0.9851,958,1.36,1.0074,10,1.34,0.9925,1471,0
SPY190802C302,2019-07-31,2019-07-31 09:38:52,1.35,1.0,233,1.34,0.9925,4,1.36,1.0074,10,1.345,0.9962,1471,0
SPY190802C302,2019-07-31,2019-07-31 09:38:53,1.34,0.9925,7,1.33,0.9851,89,1.36,1.0074,10,1.335,0.9888,1471,0
SPY190802C302,2019-07-31,2019-07-31 09:38:54,1.34,0.9925,16,1.33,0.9851,136,1.36,1.0074,10,1.335,0.9888,1471,0
SPY190802C302,2019-07-31,2019-07-31 09:38:55,1.34,0.9925,137,1.33,0.9851,136,1.36,1.0074,10,1.335,0.9888,1471,0
SPY190802C302,2019-07-31,2019-07-31 09:38:56,1.34,0.9925,404,1.33,0.9851,136,1.36,1.0074,10,1.335,0.9888,1471,0
SPY190802C302,2019-07-31,2019-07-31 09:38:57,1.34,0.9925,956,1.33,0.9851,1,1.36,1.0074,10,1.335,0.9888,1471,0
SPY190802C302,2019-07-31,2019-07-31 09:38:57,1.34,0.9925,404,1.33,0.9851,136,1.36,1.0074,10,1.335,0.9888,1471,0
SPY190802C302,2019-07-31,2019-07-31 09:38:58,1.34,0.9925,1086,1.33,0.9851,1,1.36,1.0074,10,1.335,0.9888,1471,0
SPY190802C302,2019-07-31,2019-07-31 09:38:59,1.34,0.9925,1086,1.33,0.9851,1,1.36,1.0074,10,1.335,0.9888,1471,0
SPY190802C302,2019-07-31,2019-07-31 09:39:00,1.34,0.9925,1086,1.33,0.9851,1,1.36,1.0074,10,1.335,0.9888,1471,0
SPY190802C302,2019-07-31,2019-07-31 09:39:01,1.34,0.9925,1086,1.33,0.9851,1,1.36,1.0074,10,1.335,0.9888,1471,0
SPY190802C302,2019-07-31,2019-07-31 09:39:02,1.34,0.9925,1009,1.33,0.9851,1,1.36,1.0074,10,1.335,0.9888,1471,0
SPY190802C302,2019-07-31,2019-07-31 09:39:03,1.34,0.9925,1433,1.33,0.9851,1,1.33,0.9851,1,1.335,0.9888,1472,1
SPY190802C302,2019-07-31,2019-07-31 09:39:04,1.33,0.9851,317,1.32,0.9777,2,1.33,0.9851,1,1.325,0.9814,1472,0
SPY190802C302,2019-07-31,2019-07-31 09:39:05,1.33,0.9851,413,1.32,0.9777,54,1.33,0.9851,1,1.325,0.9814,1472,0
SPY190802C302,2019-07-31,2019-07-31 09:39:06,1.33,0.9851,413,1.32,0.9777,54,1.33,0.9851,1,1.325,0.9814,1472,0
SPY190802C302,2019-07-31,2019-07-31 09:39:07,1.33,0.9851,281,1.32,0.9777,22,1.33,0.9851,1,1.325,0.9814,1472,0
SPY190802C302,2019-07-31,2019-07-31 09:39:07,1.33,0.9851,281,1.32,0.9777,102,1.33,0.9851,1,1.325,0.9814,1472,0
SPY190802C302,2019-07-31,2019-07-31 09:39:08,1.33,0.9851,281,1.32,0.9777,2,1.33,0.9851,1,1.325,0.9814,1472,0
SPY190802C302,2019-07-31,2019-07-31 09:39:09,1.33,0.9851,562,1.32,0.9777,10,1.33,0.9851,1,1.325,0.9814,1472,0
SPY190802C302,2019-07-31,2019-07-31 09:39:10,1.33,0.9851,322,1.32,0.9777,6,1.33,0.9851,1,1.325,0.9814,1472,0
SPY190802C302,2019-07-31,2019-07-31 09:39:10,1.33,0.9851,597,1.32,0.9777,22,1.33,0.9851,1,1.325,0.9814,1472,0
SPY190802C302,2019-07-31,2019-07-31 09:39:11,1.33,0.9851,322,1.32,0.9777,6,1.33,0.9851,1,1.325,0.9814,1472,0
SPY190802C302,2019-07-31,2019-07-31 09:39:12,1.33,0.9851,322,1.32,0.9777,22,1.33,0.9851,1,1.325,0.9814,1472,0
SPY190802C302,2019-07-31,2019-07-31 09:39:12,1.33,0.9851,322,1.32,0.9777,6,1.33,0.9851,1,1.325,0.9814,1472,0
SPY190802C302,2019-07-31,2019-07-31 09:39:13,1.33,0.9851,620,1.32,0.9777,6,1.33,0.9851,1,1.325,0.9814,1472,0
SPY190802C302,2019-07-31,2019-07-31 09:39:14,1.33,0.9851,620,1.32,0.9777,10,1.33,0.9851,1,1.325,0.9814,1472,0
SPY190802C302,2019-07-31,2019-07-31 09:39:15,1.34,0.9925,285,1.33,0.9851,6,1.33,0.9851,1,1.335,0.9888,1472,0
SPY190802C302,2019-07-31,2019-07-31 09:39:15,1.34,0.9925,779,1.32,0.9777,213,1.33,0.9851,1,1.33,0.9851,1472,0
SPY190802C302,2019-07-31,2019-07-31 09:39:16,1.34,0.9925,283,1.33,0.9851,6,1.33,0.9851,1,1.335,0.9888,1472,0
SPY190802C302,2019-07-31,2019-07-31 09:39:17,1.34,0.9925,126,1.33,0.9851,101,1.33,0.9851,1,1.335,0.9888,1472,0
SPY190802C302,2019-07-31,2019-07-31 09:39:17,1.35,1.0,549,1.33,0.9851,100,1.33,0.9851,1,1.34,0.9925,1472,0
SPY190802C302,2019-07-31,2019-07-31 09:39:18,1.35,1.0,554,1.34,0.9925,16,1.33,0.9851,1,1.345,0.9962,1472,0
SPY190802C302,2019-07-31,2019-07-31 09:39:19,1.35,1.0,554,1.33,0.9851,607,1.33,0.9851,1,1.34,0.9925,1472,0
SPY190802C302,2019-07-31,2019-07-31 09:39:20,1.35,1.0,285,1.33,0.9851,98,1.33,0.9851,1,1.34,0.9925,1472,0
SPY190802C302,2019-07-31,2019-07-31 09:39:21,1.35,1.0,267,1.33,0.9851,864,1.33,0.9851,1,1.34,0.9925,1472,0
SPY190802C302,2019-07-31,2019-07-31 09:39:21,1.35,1.0,519,1.33,0.9851,659,1.33,0.9851,1,1.34,0.9925,1472,0
SPY190802C302,2019-07-31,2019-07-31 09:39:22,1.35,1.0,210,1.33,0.9851,864,1.33,0.9851,1,1.34,0.9925,1472,0
SPY190802C302,2019-07-31,2019-07-31 09:39:22,1.34,0.9925,298,1.33,0.9851,40,1.33,0.9851,1,1.335,0.9888,1472,0
SPY190802C302,2019-07-31,2019-07-31 09:39:23,1.34,0.9925,512,1.32,0.9777,694,1.33,0.9851,1,1.33,0.9851,1472,0
SPY190802C302,2019-07-31,2019-07-31 09:39:23,1.34,0.9925,535,1.32,0.9777,694,1.33,0.9851,1,1.33,0.9851,1472,0
SPY190802C302,2019-07-31,2019-07-31 09:39:24,1.33,0.9851,84,1.32,0.9777,148,1.33,0.9851,1,1.325,0.9814,1472,0
SPY190802C302,2019-07-31,2019-07-31 09:39:25,1.33,0.9851,84,1.32,0.9777,129,1.33,0.9851,1,1.325,0.9814,1472,0
SPY190802C302,2019-07-31,2019-07-31 09:39:26,1.33,0.9851,492,1.32,0.9777,102,1.33,0.9851,1,1.325,0.9814,1472,0
SPY190802C302,2019-07-31,2019-07-31 09:39:27,1.33,0.9851,492,1.32,0.9777,2,1.33,0.9851,1,1.325,0.9814,1472,0
SPY190802C302,2019-07-31,2019-07-31 09:39:28,1.33,0.9851,492,1.32,0.9777,2,1.33,0.9851,1,1.325,0.9814,1472,0
SPY190802C302,2019-07-31,2019-07-31 09:39:29,1.33,0.9851,442,1.32,0.9777,6,1.33,0.9851,1,1.325,0.9814,1472,0
SPY190802C302,2019-07-31,2019-07-31 09:39:30,1.33,0.9851,442,1.32,0.9777,6,1.33,0.9851,1,1.325,0.9814,1472,0
SPY190802C302,2019-07-31,2019-07-31 09:39:31,1.33,0.9851,626,1.32,0.9777,16,1.33,0.9851,1,1.325,0.9814,1472,0
SPY190802C302,2019-07-31,2019-07-31 09:39:32,1.33,0.9851,318,1.32,0.9777,61,1.33,0.9851,1,1.325,0.9814,1472,0
SPY190802C302,2019-07-31,2019-07-31 09:39:33,1.34,0.9925,606,1.33,0.9851,6,1.33,0.9851,1,1.335,0.9888,1472,0
SPY190802C302,2019-07-31,2019-07-31 09:39:34,1.34,0.9925,421,1.32,0.9777,610,1.33,0.9851,1,1.33,0.9851,1472,0
SPY190802C302,2019-07-31,2019-07-31 09:39:34,1.34,0.9925,768,1.32,0.9777,610,1.33,0.9851,1,1.33,0.9851,1472,0
SPY190802C302,2019-07-31,2019-07-31 09:39:35,1.34,0.9925,768,1.33,0.9851,6,1.33,0.9851,1,1.335,0.9888,1472,0
SPY190802C302,2019-07-31,2019-07-31 09:39:36,1.34,0.9925,768,1.32,0.9777,610,1.33,0.9851,1,1.33,0.9851,1472,0
SPY190802C302,2019-07-31,2019-07-31 09:39:36,1.33,0.9851,478,1.32,0.9777,58,1.33,0.9851,1,1.325,0.9814,1472,0
SPY190802C302,2019-07-31,2019-07-31 09:39:37,1.33,0.9851,478,1.32,0.9777,78,1.33,0.9851,1,1.325,0.9814,1472,0
SPY190802C302,2019-07-31,2019-07-31 09:39:37,1.33,0.9851,251,1.32,0.9777,78,1.33,0.9851,1,1.325,0.9814,1472,0
SPY190802C302,2019-07-31,2019-07-31 09:39:38,1.33,0.9851,514,1.32,0.9777,78,1.33,0.9851,1,1.325,0.9814,1472,0
SPY190802C302,2019-07-31,2019-07-31 09:39:39,1.33,0.9851,514,1.32,0.9777,10,1.33,0.9851,1,1.325,0.9814,1472,0
SPY190802C302,2019-07-31,2019-07-31 09:39:39,1.33,0.9851,601,1.32,0.9777,2,1.33,0.9851,1,1.325,0.9814,1472,0
SPY190802C302,2019-07-31,2019-07-31 09:39:40,1.33,0.9851,663,1.32,0.9777,2,1.33,0.9851,1,1.325,0.9814,1472,0
SPY190802C302,2019-07-31,2019-07-31 09:39:41,1.33,0.9851,663,1.32,0.9777,2,1.33,0.9851,1,1.325,0.9814,1472,0
SPY190802C302,2019-07-31,2019-07-31 09:39:42,1.33,0.9851,802,1.32,0.9777,2,1.33,0.9851,1,1.325,0.9814,1472,0
SPY190802C302,2019-07-31,2019-07-31 09:39:43,1.33,0.9851,793,1.32,0.9777,2,1.33,0.9851,1,1.325,0.9814,1472,0
SPY190802C302,2019-07-31,2019-07-31 09:39:44,1.33,0.9851,739,1.32,0.9777,80,1.33,0.9851,1,1.325,0.9814,1472,0
SPY190802C302,2019-07-31,2019-07-31 09:39:45,1.33,0.9851,701,1.32,0.9777,80,1.33,0.9851,1,1.325,0.9814,1472,0
SPY190802C302,2019-07-31,2019-07-31 09:39:46,1.33,0.9851,701,1.32,0.9777,80,1.33,0.9851,1,1.325,0.9814,1472,0
SPY190802C302,2019-07-31,2019-07-31 09:39:47,1.33,0.9851,700,1.32,0.9777,52,1.33,0.9851,1,1.325,0.9814,1472,0
SPY190802C302,2019-07-31,2019-07-31 09:39:48,1.33,0.9851,375,1.32,0.9777,50,1.33,0.9851,1,1.325,0.9814,1472,0
SPY190802C302,2019-07-31,2019-07-31 09:39:48,1.33,0.9851,447,1.32,0.9777,45,1.33,0.9851,1,1.325,0.9814,1472,0
SPY190802C302,2019-07-31,2019-07-31 09:39:49,1.33,0.9851,116,1.32,0.9777,50,1.33,0.9851,1,1.325,0.9814,1472,0
SPY190802C302,2019-07-31,2019-07-31 09:39:50,1.33,0.9851,79,1.32,0.9777,104,1.33,0.9851,1,1.325,0.9814,1472,0
SPY190802C302,2019-07-31,2019-07-31 09:39:51,1.33,0.9851,71,1.32,0.9777,127,1.33,0.9851,1,1.325,0.9814,1472,0
SPY190802C302,2019-07-31,2019-07-31 09:39:51,1.34,0.9925,688,1.32,0.9777,240,1.33,0.9851,1,1.33,0.9851,1472,0
SPY190802C302,2019-07-31,2019-07-31 09:39:52,1.33,0.9851,4,1.32,0.9777,240,1.33,0.9851,1,1.325,0.9814,1472,0
SPY190802C302,2019-07-31,2019-07-31 09:39:53,1.33,0.9851,4,1.32,0.9777,230,1.33,0.9851,1,1.325,0.9814,1472,0
SPY190802C302,2019-07-31,2019-07-31 09:39:53,1.33,0.9851,16,1.32,0.9777,148,1.33,0.9851,1,1.325,0.9814,1472,0
SPY190802C302,2019-07-31,2019-07-31 09:39:54,1.34,0.9925,810,1.32,0.9777,171,1.33,0.9851,1,1.33,0.9851,1472,0
SPY190802C302,2019-07-31,2019-07-31 09:39:55,1.34,0.9925,673,1.32,0.9777,121,1.33,0.9851,1,1.33,0.9851,1472,0
SPY190802C302,2019-07-31,2019-07-31 09:39:56,1.33,0.9851,10,1.32,0.9777,121,1.33,0.9851,1,1.325,0.9814,1472,0
SPY190802C302,2019-07-31,2019-07-31 09:39:56,1.33,0.9851,16,1.32,0.9777,121,1.33,0.9851,1,1.325,0.9814,1472,0
SPY190802C302,2019-07-31,2019-07-31 09:39:57,1.34,0.9925,136,1.33,0.9851,5,1.33,0.9851,1,1.335,0.9888,1472,0
SPY190802C302,2019-07-31,2019-07-31 09:39:57,1.34,0.9925,176,1.33,0.9851,5,1.33,0.9851,1,1.335,0.9888,1472,0
SPY190802C302,2019-07-31,2019-07-31 09:39:58,1.33,0.9851,63,1.32,0.9777,138,1.33,0.9851,1,1.325,0.9814,1472,0
SPY190802C302,2019-07-31,2019-07-31 09:39:59,1.33,0.9851,126,1.32,0.9777,133,1.33,0.9851,1,1.325,0.9814,1472,0
SPY190802C302,2019-07-31,2019-07-31 09:40:00,1.34,0.9925,177,1.32,0.9777,82,1.33,0.9851,1,1.33,0.9851,1472,0
SPY190802C302,2019-07-31,2019-07-31 09:40:00,1.34,0.9925,556,1.32,0.9777,607,1.33,0.9851,1,1.33,0.9851,1472,0
SPY190802C302,2019-07-31,2019-07-31 09:40:01,1.33,0.9851,4,1.32,0.9777,618,1.33,0.9851,1,1.325,0.9814,1472,0
SPY190802C302,2019-07-31,2019-07-31 09:40:02,1.33,0.9851,30,1.32,0.9777,618,1.33,0.9851,1,1.325,0.9814,1472,0
SPY190802C302,2019-07-31,2019-07-31 09:40:03,1.34,0.9925,479,1.33,0.9851,22,1.33,0.9851,1,1.335,0.9888,1472,0
SPY190802C302,2019-07-31,2019-07-31 09:40:03,1.34,0.9925,334,1.32,0.9777,635,1.33,0.9851,1,1.33,0.9851,1472,0
SPY190802C302,2019-07-31,2019-07-31 09:40:05,1.34,0.9925,10,1.33,0.9851,111,1.33,0.9851,1,1.335,0.9888,1472,0
SPY190802C302,2019-07-31,2019-07-31 09:40:05,1.34,0.9925,35,1.33,0.9851,128,1.33,0.9851,1,1.335,0.9888,1472,0
SPY190802C302,2019-07-31,2019-07-31 09:40:06,1.34,0.9925,148,1.32,0.9777,684,1.33,0.9851,1,1.33,0.9851,1472,0
SPY190802C302,2019-07-31,2019-07-31 09:40:07,1.34,0.9925,152,1.33,0.9851,16,1.33,0.9851,1,1.335,0.9888,1472,0
SPY190802C302,2019-07-31,2019-07-31 09:40:08,1.34,0.9925,218,1.33,0.9851,409,1.33,0.9851,1,1.335,0.9888,1472,0
SPY190802C302,2019-07-31,2019-07-31 09:40:09,1.35,1.0,465,1.33,0.9851,515,1.33,0.9851,1,1.34,0.9925,1472,0
SPY190802C302,2019-07-31,2019-07-31 09:40:09,1.34,0.9925,284,1.33,0.9851,409,1.33,0.9851,1,1.335,0.9888,1472,0
SPY190802C302,2019-07-31,2019-07-31 09:40:10,1.35,1.0,404,1.33,0.9851,573,1.33,0.9851,1,1.34,0.9925,1472,0
SPY190802C302,2019-07-31,2019-07-31 09:40:11,1.35,1.0,495,1.33,0.9851,619,1.33,0.9851,1,1.34,0.9925,1472,0
SPY190802C302,2019-07-31,2019-07-31 09:40:11,1.35,1.0,495,1.33,0.9851,515,1.33,0.9851,1,1.34,0.9925,1472,0
SPY190802C302,2019-07-31,2019-07-31 09:40:12,1.34,0.9925,146,1.32,0.9777,692,1.33,0.9851,1,1.33,0.9851,1472,0
SPY190802C302,2019-07-31,2019-07-31 09:40:13,1.34,0.9925,576,1.32,0.9777,996,1.33,0.9851,1,1.33,0.9851,1472,0
SPY190802C302,2019-07-31,2019-07-31 09:40:14,1.34,0.9925,170,1.32,0.9777,996,1.33,0.9851,1,1.33,0.9851,1472,0
SPY190802C302,2019-07-31,2019-07-31 09:40:14,1.34,0.9925,75,1.33,0.9851,5,1.33,0.9851,1,1.335,0.9888,1472,0
SPY190802C302,2019-07-31,2019-07-31 09:40:15,1.34,0.9925,35,1.33,0.9851,212,1.33,0.9851,1,1.335,0.9888,1472,0
SPY190802C302,2019-07-31,2019-07-31 09:40:16,1.35,1.0,864,1.33,0.9851,572,1.33,0.9851,1,1.34,0.9925,1472,0
SPY190802C302,2019-07-31,2019-07-31 09:40:17,1.34,0.9925,1,1.33,0.9851,583,1.34,0.9925,3,1.335,0.9888,1475,3
SPY190802C302,2019-07-31,2019-07-31 09:40:18,1.34,0.9925,1,1.33,0.9851,572,1.34,0.9925,3,1.335,0.9888,1475,0
SPY190802C302,2019-07-31,2019-07-31 09:40:18,1.34,0.9925,95,1.33,0.9851,107,1.34,0.9925,3,1.335,0.9888,1475,0
SPY190802C302,2019-07-31,2019-07-31 09:40:19,1.34,0.9925,95,1.33,0.9851,107,1.34,0.9925,3,1.335,0.9888,1475,0
SPY190802C302,2019-07-31,2019-07-31 09:40:20,1.34,0.9925,196,1.33,0.9851,107,1.34,0.9925,3,1.335,0.9888,1475,0
SPY190802C302,2019-07-31,2019-07-31 09:40:20,1.34,0.9925,290,1.33,0.9851,107,1.34,0.9925,3,1.335,0.9888,1475,0
SPY190802C302,2019-07-31,2019-07-31 09:40:21,1.34,0.9925,293,1.33,0.9851,107,1.34,0.9925,3,1.335,0.9888,1475,0
SPY190802C302,2019-07-31,2019-07-31 09:40:21,1.34,0.9925,293,1.32,0.9777,740,1.34,0.9925,3,1.33,0.9851,1475,0
SPY190802C302,2019-07-31,2019-07-31 09:40:22,1.34,0.9925,293,1.32,0.9777,416,1.34,0.9925,3,1.33,0.9851,1475,0
SPY190802C302,2019-07-31,2019-07-31 09:40:23,1.34,0.9925,638,1.32,0.9777,151,1.34,0.9925,3,1.33,0.9851,1475,0
SPY190802C302,2019-07-31,2019-07-31 09:40:23,1.33,0.9851,35,1.32,0.9777,102,1.34,0.9925,3,1.325,0.9814,1475,0
SPY190802C302,2019-07-31,2019-07-31 09:40:24,1.34,0.9925,599,1.32,0.9777,353,1.34,0.9925,3,1.33,0.9851,1475,0
SPY190802C302,2019-07-31,2019-07-31 09:40:25,1.33,0.9851,30,1.32,0.9777,477,1.34,0.9925,3,1.325,0.9814,1475,0
SPY190802C302,2019-07-31,2019-07-31 09:40:25,1.33,0.9851,30,1.32,0.9777,197,1.34,0.9925,3,1.325,0.9814,1475,0
SPY190802C302,2019-07-31,2019-07-31 09:40:26,1.33,0.9851,30,1.32,0.9777,197,1.34,0.9925,3,1.325,0.9814,1475,0
SPY190802C302,2019-07-31,2019-07-31 09:40:27,1.34,0.9925,585,1.32,0.9777,221,1.34,0.9925,3,1.33,0.9851,1475,0
SPY190802C302,2019-07-31,2019-07-31 09:40:27,1.34,0.9925,498,1.33,0.9851,17,1.34,0.9925,3,1.335,0.9888,1475,0
SPY190802C302,2019-07-31,2019-07-31 09:40:28,1.34,0.9925,498,1.33,0.9851,17,1.34,0.9925,3,1.335,0.9888,1475,0
SPY190802C302,2019-07-31,2019-07-31 09:40:29,1.34,0.9925,386,1.33,0.9851,17,1.34,0.9925,3,1.335,0.9888,1475,0
SPY190802C302,2019-07-31,2019-07-31 09:40:29,1.34,0.9925,210,1.33,0.9851,17,1.33,0.9851,1,1.335,0.9888,1476,1
SPY190802C302,2019-07-31,2019-07-31 09:40:30,1.34,0.9925,210,1.33,0.9851,55,1.33,0.9851,1,1.335,0.9888,1476,0
SPY190802C302,2019-07-31,2019-07-31 09:40:31,1.34,0.9925,290,1.32,0.9777,1084,1.33,0.9851,1,1.33,0.9851,1476,0
SPY190802C302,2019-07-31,2019-07-31 09:40:32,1.34,0.9925,10,1.33,0.9851,476,1.33,0.9851,1,1.335,0.9888,1476,0
SPY190802C302,2019-07-31,2019-07-31 09:40:32,1.34,0.9925,1,1.33,0.9851,476,1.33,0.9851,1,1.335,0.9888,1476,0
SPY190802C302,2019-07-31,2019-07-31 09:40:33,1.35,1.0,409,1.33,0.9851,476,1.33,0.9851,1,1.34,0.9925,1476,0
SPY190802C302,2019-07-31,2019-07-31 09:40:33,1.35,1.0,573,1.33,0.9851,597,1.33,0.9851,1,1.34,0.9925,1476,0
SPY190802C302,2019-07-31,2019-07-31 09:40:34,1.35,1.0,573,1.33,0.9851,597,1.33,0.9851,1,1.34,0.9925,1476,0
SPY190802C302,2019-07-31,2019-07-31 09:40:35,1.34,0.9925,10,1.33,0.9851,597,1.33,0.9851,1,1.335,0.9888,1476,0
SPY190802C302,2019-07-31,2019-07-31 09:40:35,1.34,0.9925,16,1.33,0.9851,476,1.33,0.9851,1,1.335,0.9888,1476,0
SPY190802C302,2019-07-31,2019-07-31 09:40:36,1.34,0.9925,16,1.33,0.9851,476,1.33,0.9851,1,1.335,0.9888,1476,0
SPY190802C302,2019-07-31,2019-07-31 09:40:38,1.35,1.0,504,1.33,0.9851,586,1.33,0.9851,1,1.34,0.9925,1476,0
SPY190802C302,2019-07-31,2019-07-31 09:40:39,1.35,1.0,504,1.33,0.9851,586,1.33,0.9851,1,1.34,0.9925,1476,0
SPY190802C302,2019-07-31,2019-07-31 09:40:40,1.35,1.0,504,1.33,0.9851,586,1.33,0.9851,1,1.34,0.9925,1476,0
SPY190802C302,2019-07-31,2019-07-31 09:40:41,1.35,1.0,504,1.34,0.9925,12,1.33,0.9851,1,1.345,0.9962,1476,0
SPY190802C302,2019-07-31,2019-07-31 09:40:42,1.34,0.9925,43,1.33,0.9851,381,1.34,0.9925,1,1.335,0.9888,1477,1
