symbol,Date,quote_time,ask_price,norm_ask_price,ask_size,bid_price,norm_bid_price,bid_size,last_trade_price,norm_last_trade_price,last_trade_size,mark_price,norm_mark_price,volume,Volume
SPY190802C301,2019-08-01,2019-08-01 09:30:29.000,0.17,1.00,1158,0.16,0.9411,5,0.17,1.00,20,0.165,0.9705,59,59
SPY190802C301,2019-08-01,2019-08-01 09:30:31.000,0.17,1.00,2730,0.16,0.9411,448,0.17,1.00,20,0.165,0.9705,59,0
SPY190802C301,2019-08-01,2019-08-01 09:30:33.000,0.17,1.00,2431,0.16,0.9411,295,0.17,1.00,20,0.165,0.9705,59,0
SPY190802C301,2019-08-01,2019-08-01 09:30:33.000,0.17,1.00,2730,0.16,0.9411,1923,0.17,1.00,20,0.165,0.9705,59,0
SPY190802C301,2019-08-01,2019-08-01 09:30:34.000,0.17,1.00,2555,0.16,0.9411,295,0.17,1.00,20,0.165,0.9705,59,0
SPY190802C301,2019-08-01,2019-08-01 09:30:35.000,0.17,1.00,2214,0.16,0.9411,1980,0.17,1.00,5,0.165,0.9705,64,5
SPY190802C301,2019-08-01,2019-08-01 09:30:35.000,0.17,1.00,2214,0.16,0.9411,1980,0.17,1.00,5,0.165,0.9705,64,0
SPY190802C301,2019-08-01,2019-08-01 09:30:36.000,0.17,1.00,1184,0.16,0.9411,1038,0.17,1.00,5,0.165,0.9705,64,0
SPY190802C301,2019-08-01,2019-08-01 09:30:37.000,0.17,1.00,1432,0.15,0.8823,2429,0.17,1.00,5,0.16,0.9411,64,0
SPY190802C301,2019-08-01,2019-08-01 09:30:37.000,0.17,1.00,1432,0.16,0.9411,641,0.17,1.00,5,0.165,0.9705,64,0
SPY190802C301,2019-08-01,2019-08-01 09:30:38.000,0.17,1.00,2884,0.16,0.9411,5,0.17,1.00,5,0.165,0.9705,64,0
SPY190802C301,2019-08-01,2019-08-01 09:30:38.000,0.17,1.00,1721,0.15,0.8823,2114,0.17,1.00,5,0.16,0.9411,64,0
SPY190802C301,2019-08-01,2019-08-01 09:30:39.000,0.17,1.00,1829,0.15,0.8823,2792,0.17,1.00,5,0.16,0.9411,64,0
SPY190802C301,2019-08-01,2019-08-01 09:30:39.000,0.17,1.00,2717,0.15,0.8823,2691,0.17,1.00,5,0.16,0.9411,64,0
SPY190802C301,2019-08-01,2019-08-01 09:30:40.000,0.17,1.00,2429,0.16,0.9411,8,0.17,1.00,5,0.165,0.9705,64,0
SPY190802C301,2019-08-01,2019-08-01 09:30:41.000,0.17,1.00,2367,0.16,0.9411,8,0.17,1.00,5,0.165,0.9705,64,0
SPY190802C301,2019-08-01,2019-08-01 09:30:41.000,0.17,1.00,2187,0.16,0.9411,8,0.17,1.00,5,0.165,0.9705,64,0
SPY190802C301,2019-08-01,2019-08-01 09:30:42.000,0.17,1.00,1701,0.16,0.9411,3,0.17,1.00,5,0.165,0.9705,64,0
SPY190802C301,2019-08-01,2019-08-01 09:30:42.000,0.17,1.00,1829,0.16,0.9411,8,0.17,1.00,5,0.165,0.9705,64,0
SPY190802C301,2019-08-01,2019-08-01 09:30:43.000,0.17,1.00,1016,0.16,0.9411,146,0.17,1.00,5,0.165,0.9705,64,0
SPY190802C301,2019-08-01,2019-08-01 09:30:43.000,0.17,1.00,2012,0.16,0.9411,146,0.17,1.00,5,0.165,0.9705,64,0
SPY190802C301,2019-08-01,2019-08-01 09:30:44.000,0.17,1.00,2575,0.16,0.9411,100,0.17,1.00,5,0.165,0.9705,64,0
SPY190802C301,2019-08-01,2019-08-01 09:30:45.000,0.17,1.00,2575,0.16,0.9411,100,0.17,1.00,5,0.165,0.9705,64,0
SPY190802C301,2019-08-01,2019-08-01 09:30:46.000,0.17,1.00,255,0.16,0.9411,1726,0.17,1.00,5,0.165,0.9705,64,0
SPY190802C301,2019-08-01,2019-08-01 09:30:46.000,0.17,1.00,1800,0.16,0.9411,451,0.17,1.00,5,0.165,0.9705,64,0
SPY190802C301,2019-08-01,2019-08-01 09:30:47.000,0.17,1.00,255,0.16,0.9411,2556,0.17,1.00,5,0.165,0.9705,64,0
SPY190802C301,2019-08-01,2019-08-01 09:30:48.000,0.17,1.00,5,0.16,0.9411,2347,0.17,1.00,5,0.165,0.9705,64,0
SPY190802C301,2019-08-01,2019-08-01 09:30:48.000,0.18,1.0588,4003,0.16,0.9411,2601,0.17,1.00,5,0.17,1.00,64,0
SPY190802C301,2019-08-01,2019-08-01 09:30:49.000,0.17,1.00,5,0.16,0.9411,2715,0.17,1.00,5,0.165,0.9705,64,0
SPY190802C301,2019-08-01,2019-08-01 09:30:50.000,0.18,1.0588,4897,0.16,0.9411,2715,0.17,1.00,5,0.17,1.00,64,0
SPY190802C301,2019-08-01,2019-08-01 09:30:51.000,0.17,1.00,5,0.16,0.9411,3375,0.17,1.00,5,0.165,0.9705,64,0
SPY190802C301,2019-08-01,2019-08-01 09:30:51.000,0.18,1.0588,4570,0.16,0.9411,3375,0.17,1.00,5,0.17,1.00,64,0
SPY190802C301,2019-08-01,2019-08-01 09:30:52.000,0.18,1.0588,4552,0.17,1.00,5,0.17,1.00,5,0.175,1.0294,64,0
SPY190802C301,2019-08-01,2019-08-01 09:30:52.000,0.18,1.0588,4570,0.16,0.9411,3375,0.17,1.00,5,0.17,1.00,64,0
SPY190802C301,2019-08-01,2019-08-01 09:30:53.000,0.18,1.0588,3897,0.17,1.00,5,0.17,1.00,5,0.175,1.0294,64,0
SPY190802C301,2019-08-01,2019-08-01 09:30:53.000,0.18,1.0588,2584,0.16,0.9411,2330,0.17,1.00,5,0.17,1.00,64,0
SPY190802C301,2019-08-01,2019-08-01 09:30:54.000,0.17,1.00,5,0.16,0.9411,2815,0.17,1.00,5,0.165,0.9705,64,0
SPY190802C301,2019-08-01,2019-08-01 09:30:55.000,0.17,1.00,448,0.16,0.9411,2428,0.17,1.00,5,0.165,0.9705,64,0
SPY190802C301,2019-08-01,2019-08-01 09:30:55.000,0.17,1.00,448,0.16,0.9411,2873,0.17,1.00,5,0.165,0.9705,64,0
SPY190802C301,2019-08-01,2019-08-01 09:30:56.000,0.18,1.0588,1372,0.17,1.00,5,0.17,1.00,5,0.175,1.0294,64,0
SPY190802C301,2019-08-01,2019-08-01 09:30:56.000,0.18,1.0588,2885,0.17,1.00,5,0.17,1.00,5,0.175,1.0294,64,0
SPY190802C301,2019-08-01,2019-08-01 09:30:57.000,0.18,1.0588,3089,0.17,1.00,5,0.17,1.00,5,0.175,1.0294,64,0
SPY190802C301,2019-08-01,2019-08-01 09:30:58.000,0.18,1.0588,3089,0.17,1.00,5,0.17,1.00,5,0.175,1.0294,64,0
SPY190802C301,2019-08-01,2019-08-01 09:30:58.000,0.18,1.0588,2866,0.17,1.00,5,0.17,1.00,5,0.175,1.0294,64,0
SPY190802C301,2019-08-01,2019-08-01 09:30:59.000,0.18,1.0588,2947,0.17,1.00,5,0.17,1.00,5,0.175,1.0294,64,0
SPY190802C301,2019-08-01,2019-08-01 09:31:00.000,0.18,1.0588,2871,0.17,1.00,5,0.17,1.00,5,0.175,1.0294,64,0
SPY190802C301,2019-08-01,2019-08-01 09:31:00.000,0.18,1.0588,2857,0.17,1.00,5,0.17,1.00,5,0.175,1.0294,64,0
SPY190802C301,2019-08-01,2019-08-01 09:31:01.000,0.18,1.0588,2784,0.17,1.00,5,0.17,1.00,5,0.175,1.0294,64,0
SPY190802C301,2019-08-01,2019-08-01 09:31:01.000,0.18,1.0588,2874,0.17,1.00,5,0.17,1.00,5,0.175,1.0294,64,0
SPY190802C301,2019-08-01,2019-08-01 09:31:02.000,0.18,1.0588,2784,0.17,1.00,5,0.17,1.00,5,0.175,1.0294,64,0
SPY190802C301,2019-08-01,2019-08-01 09:31:03.000,0.18,1.0588,2784,0.17,1.00,5,0.17,1.00,5,0.175,1.0294,64,0
SPY190802C301,2019-08-01,2019-08-01 09:31:04.000,0.18,1.0588,2874,0.17,1.00,5,0.17,1.00,5,0.175,1.0294,64,0
SPY190802C301,2019-08-01,2019-08-01 09:31:05.000,0.18,1.0588,2784,0.16,0.9411,4274,0.17,1.00,5,0.17,1.00,64,0
SPY190802C301,2019-08-01,2019-08-01 09:31:05.000,0.18,1.0588,962,0.16,0.9411,1865,0.17,1.00,5,0.17,1.00,64,0
SPY190802C301,2019-08-01,2019-08-01 09:31:06.000,0.18,1.0588,2312,0.16,0.9411,1865,0.17,1.00,5,0.17,1.00,64,0
SPY190802C301,2019-08-01,2019-08-01 09:31:06.000,0.18,1.0588,2288,0.17,1.00,485,0.17,1.00,5,0.175,1.0294,64,0
SPY190802C301,2019-08-01,2019-08-01 09:31:07.000,0.18,1.0588,2270,0.17,1.00,485,0.17,1.00,5,0.175,1.0294,64,0
SPY190802C301,2019-08-01,2019-08-01 09:31:07.000,0.18,1.0588,2270,0.17,1.00,1217,0.17,1.00,5,0.175,1.0294,64,0
SPY190802C301,2019-08-01,2019-08-01 09:31:08.000,0.18,1.0588,2270,0.17,1.00,1450,0.17,1.00,5,0.175,1.0294,64,0
SPY190802C301,2019-08-01,2019-08-01 09:31:09.000,0.18,1.0588,2270,0.17,1.00,1450,0.17,1.00,5,0.175,1.0294,64,0
SPY190802C301,2019-08-01,2019-08-01 09:31:10.000,0.18,1.0588,2270,0.17,1.00,1450,0.17,1.00,5,0.175,1.0294,64,0
SPY190802C301,2019-08-01,2019-08-01 09:31:10.000,0.18,1.0588,5,0.18,1.0588,5,0.17,1.00,5,0.18,1.0588,64,0
SPY190802C301,2019-08-01,2019-08-01 09:31:11.000,0.18,1.0588,20,0.17,1.00,1497,0.17,1.00,5,0.175,1.0294,64,0
SPY190802C301,2019-08-01,2019-08-01 09:31:12.000,0.18,1.0588,305,0.17,1.00,1497,0.17,1.00,5,0.175,1.0294,64,0
SPY190802C301,2019-08-01,2019-08-01 09:31:12.000,0.18,1.0588,100,0.17,1.00,1497,0.17,1.00,5,0.175,1.0294,64,0
SPY190802C301,2019-08-01,2019-08-01 09:31:13.000,0.18,1.0588,12,0.17,1.00,593,0.17,1.00,5,0.175,1.0294,64,0
SPY190802C301,2019-08-01,2019-08-01 09:31:13.000,0.18,1.0588,12,0.17,1.00,1420,0.17,1.00,5,0.175,1.0294,64,0
SPY190802C301,2019-08-01,2019-08-01 09:31:14.000,0.18,1.0588,12,0.17,1.00,1420,0.17,1.00,5,0.175,1.0294,64,0
SPY190802C301,2019-08-01,2019-08-01 09:31:15.000,0.18,1.0588,1030,0.17,1.00,1692,0.17,1.00,5,0.175,1.0294,64,0
SPY190802C301,2019-08-01,2019-08-01 09:31:16.000,0.18,1.0588,231,0.17,1.00,2608,0.17,1.00,5,0.175,1.0294,64,0
SPY190802C301,2019-08-01,2019-08-01 09:31:17.000,0.18,1.0588,231,0.17,1.00,2608,0.17,1.00,1,0.175,1.0294,65,1
SPY190802C301,2019-08-01,2019-08-01 09:31:18.000,0.18,1.0588,120,0.17,1.00,1227,0.17,1.00,1,0.175,1.0294,65,0
SPY190802C301,2019-08-01,2019-08-01 09:31:19.000,0.18,1.0588,17,0.17,1.00,600,0.17,1.00,1,0.175,1.0294,65,0
SPY190802C301,2019-08-01,2019-08-01 09:31:20.000,0.18,1.0588,448,0.17,1.00,1369,0.17,1.00,1,0.175,1.0294,65,0
SPY190802C301,2019-08-01,2019-08-01 09:31:21.000,0.18,1.0588,448,0.17,1.00,1335,0.17,1.00,1,0.175,1.0294,65,0
SPY190802C301,2019-08-01,2019-08-01 09:31:22.000,0.18,1.0588,783,0.17,1.00,1446,0.17,1.00,1,0.175,1.0294,65,0
SPY190802C301,2019-08-01,2019-08-01 09:31:22.000,0.18,1.0588,448,0.17,1.00,1850,0.17,1.00,1,0.175,1.0294,65,0
SPY190802C301,2019-08-01,2019-08-01 09:31:24.000,0.19,1.1176,3450,0.17,1.00,3830,0.17,1.00,1,0.18,1.0588,65,0
SPY190802C301,2019-08-01,2019-08-01 09:31:25.000,0.18,1.0588,5,0.17,1.00,2330,0.17,1.00,1,0.175,1.0294,65,0
SPY190802C301,2019-08-01,2019-08-01 09:31:26.000,0.18,1.0588,5,0.17,1.00,3043,0.17,1.00,1,0.175,1.0294,65,0
SPY190802C301,2019-08-01,2019-08-01 09:31:26.000,0.19,1.1176,1693,0.17,1.00,1786,0.17,1.00,1,0.18,1.0588,65,0
SPY190802C301,2019-08-01,2019-08-01 09:31:27.000,0.19,1.1176,2842,0.17,1.00,2671,0.17,1.00,1,0.18,1.0588,65,0
SPY190802C301,2019-08-01,2019-08-01 09:31:28.000,0.19,1.1176,2712,0.17,1.00,3011,0.17,1.00,1,0.18,1.0588,65,0
SPY190802C301,2019-08-01,2019-08-01 09:31:28.000,0.19,1.1176,3660,0.17,1.00,3011,0.17,1.00,1,0.18,1.0588,65,0
SPY190802C301,2019-08-01,2019-08-01 09:31:29.000,0.19,1.1176,2371,0.17,1.00,3026,0.17,1.00,1,0.18,1.0588,65,0
SPY190802C301,2019-08-01,2019-08-01 09:31:29.000,0.19,1.1176,1611,0.17,1.00,2649,0.17,1.00,1,0.18,1.0588,65,0
SPY190802C301,2019-08-01,2019-08-01 09:31:30.000,0.18,1.0588,393,0.17,1.00,3026,0.17,1.00,1,0.175,1.0294,65,0
SPY190802C301,2019-08-01,2019-08-01 09:31:31.000,0.18,1.0588,445,0.17,1.00,1566,0.17,1.00,1,0.175,1.0294,65,0
SPY190802C301,2019-08-01,2019-08-01 09:31:31.000,0.18,1.0588,445,0.17,1.00,2278,0.17,1.00,1,0.175,1.0294,65,0
SPY190802C301,2019-08-01,2019-08-01 09:31:32.000,0.18,1.0588,565,0.17,1.00,1285,0.17,1.00,1,0.175,1.0294,65,0
SPY190802C301,2019-08-01,2019-08-01 09:31:32.000,0.18,1.0588,565,0.17,1.00,1434,0.17,1.00,1,0.175,1.0294,65,0
SPY190802C301,2019-08-01,2019-08-01 09:31:33.000,0.18,1.0588,143,0.17,1.00,1240,0.17,1.00,1,0.175,1.0294,65,0
SPY190802C301,2019-08-01,2019-08-01 09:31:33.000,0.18,1.0588,1418,0.17,1.00,1853,0.17,1.00,1,0.175,1.0294,65,0
SPY190802C301,2019-08-01,2019-08-01 09:31:34.000,0.18,1.0588,969,0.17,1.00,158,0.17,1.00,1,0.175,1.0294,65,0
SPY190802C301,2019-08-01,2019-08-01 09:31:34.000,0.18,1.0588,1089,0.17,1.00,1144,0.17,1.00,1,0.175,1.0294,65,0
SPY190802C301,2019-08-01,2019-08-01 09:31:35.000,0.18,1.0588,1149,0.17,1.00,2362,0.17,1.00,1,0.175,1.0294,65,0
SPY190802C301,2019-08-01,2019-08-01 09:31:36.000,0.18,1.0588,1149,0.17,1.00,1440,0.17,1.00,1,0.175,1.0294,65,0
SPY190802C301,2019-08-01,2019-08-01 09:31:36.000,0.18,1.0588,1149,0.17,1.00,1774,0.17,1.00,1,0.175,1.0294,65,0
SPY190802C301,2019-08-01,2019-08-01 09:31:37.000,0.18,1.0588,1149,0.17,1.00,1774,0.17,1.00,1,0.175,1.0294,65,0
SPY190802C301,2019-08-01,2019-08-01 09:31:37.000,0.18,1.0588,1149,0.17,1.00,1774,0.18,1.0588,50,0.175,1.0294,115,50
SPY190802C301,2019-08-01,2019-08-01 09:31:38.000,0.18,1.0588,1149,0.17,1.00,1774,0.18,1.0588,50,0.175,1.0294,115,0
SPY190802C301,2019-08-01,2019-08-01 09:31:38.000,0.18,1.0588,1149,0.17,1.00,1458,0.18,1.0588,3,0.175,1.0294,118,3
SPY190802C301,2019-08-01,2019-08-01 09:31:39.000,0.19,1.1176,2436,0.17,1.00,3763,0.18,1.0588,3,0.18,1.0588,118,0
SPY190802C301,2019-08-01,2019-08-01 09:31:39.000,0.18,1.0588,5,0.17,1.00,1786,0.18,1.0588,3,0.175,1.0294,118,0
SPY190802C301,2019-08-01,2019-08-01 09:31:40.000,0.19,1.1176,2384,0.17,1.00,3763,0.18,1.0588,3,0.18,1.0588,118,0
SPY190802C301,2019-08-01,2019-08-01 09:31:41.000,0.19,1.1176,2384,0.17,1.00,3763,0.17,1.00,1,0.18,1.0588,119,1
SPY190802C301,2019-08-01,2019-08-01 09:31:41.000,0.19,1.1176,2384,0.17,1.00,3763,0.17,1.00,1,0.18,1.0588,119,0
SPY190802C301,2019-08-01,2019-08-01 09:31:42.000,0.19,1.1176,1080,0.18,1.0588,1088,0.17,1.00,1,0.185,1.0882,119,0
SPY190802C301,2019-08-01,2019-08-01 09:31:42.000,0.19,1.1176,1136,0.18,1.0588,1638,0.17,1.00,1,0.185,1.0882,119,0
SPY190802C301,2019-08-01,2019-08-01 09:31:43.000,0.19,1.1176,1364,0.18,1.0588,1291,0.17,1.00,1,0.185,1.0882,119,0
SPY190802C301,2019-08-01,2019-08-01 09:31:43.000,0.19,1.1176,1388,0.18,1.0588,1396,0.17,1.00,1,0.185,1.0882,119,0
SPY190802C301,2019-08-01,2019-08-01 09:31:44.000,0.19,1.1176,1558,0.18,1.0588,2262,0.17,1.00,1,0.185,1.0882,119,0
SPY190802C301,2019-08-01,2019-08-01 09:31:44.000,0.19,1.1176,1914,0.18,1.0588,1333,0.17,1.00,1,0.185,1.0882,119,0
SPY190802C301,2019-08-01,2019-08-01 09:31:45.000,0.18,1.0588,5,0.17,1.00,3132,0.17,1.00,1,0.175,1.0294,119,0
SPY190802C301,2019-08-01,2019-08-01 09:31:46.000,0.18,1.0588,5,0.17,1.00,2062,0.18,1.0588,2,0.175,1.0294,141,22
SPY190802C301,2019-08-01,2019-08-01 09:31:46.000,0.18,1.0588,5,0.17,1.00,3522,0.17,1.00,1,0.175,1.0294,119,0
SPY190802C301,2019-08-01,2019-08-01 09:31:47.000,0.18,1.0588,4,0.17,1.00,1863,0.18,1.0588,3,0.175,1.0294,144,3
SPY190802C301,2019-08-01,2019-08-01 09:31:47.000,0.18,1.0588,120,0.17,1.00,1480,0.18,1.0588,3,0.175,1.0294,144,0
SPY190802C301,2019-08-01,2019-08-01 09:31:48.000,0.19,1.1176,2162,0.17,1.00,2326,0.18,1.0588,3,0.18,1.0588,144,0
SPY190802C301,2019-08-01,2019-08-01 09:31:49.000,0.19,1.1176,2162,0.18,1.0588,11,0.18,1.0588,3,0.185,1.0882,144,0
SPY190802C301,2019-08-01,2019-08-01 09:31:49.000,0.19,1.1176,1828,0.18,1.0588,923,0.18,1.0588,3,0.185,1.0882,144,0
SPY190802C301,2019-08-01,2019-08-01 09:31:50.000,0.19,1.1176,1898,0.18,1.0588,100,0.18,1.0588,3,0.185,1.0882,144,0
SPY190802C301,2019-08-01,2019-08-01 09:31:50.000,0.19,1.1176,1898,0.18,1.0588,99,0.18,1.0588,3,0.185,1.0882,144,0
SPY190802C301,2019-08-01,2019-08-01 09:31:51.000,0.19,1.1176,1828,0.18,1.0588,11,0.18,1.0588,3,0.185,1.0882,144,0
SPY190802C301,2019-08-01,2019-08-01 09:31:52.000,0.19,1.1176,2690,0.18,1.0588,11,0.18,1.0588,3,0.185,1.0882,144,0
SPY190802C301,2019-08-01,2019-08-01 09:31:52.000,0.19,1.1176,1582,0.18,1.0588,11,0.19,1.1176,1,0.185,1.0882,145,1
SPY190802C301,2019-08-01,2019-08-01 09:31:53.000,0.19,1.1176,1404,0.18,1.0588,11,0.18,1.0588,5,0.185,1.0882,150,5
SPY190802C301,2019-08-01,2019-08-01 09:31:53.000,0.19,1.1176,1787,0.18,1.0588,11,0.19,1.1176,1,0.185,1.0882,145,0
SPY190802C301,2019-08-01,2019-08-01 09:31:54.000,0.19,1.1176,2531,0.18,1.0588,6,0.18,1.0588,5,0.185,1.0882,150,0
SPY190802C301,2019-08-01,2019-08-01 09:31:55.000,0.18,1.0588,305,0.16,0.9411,2495,0.18,1.0588,6,0.17,1.00,156,0
SPY190802C301,2019-08-01,2019-08-01 09:31:55.000,0.18,1.0588,1,0.17,1.00,600,0.18,1.0588,6,0.175,1.0294,156,6
SPY190802C301,2019-08-01,2019-08-01 09:31:56.000,0.17,1.00,435,0.16,0.9411,1836,0.18,1.0588,6,0.165,0.9705,156,0
SPY190802C301,2019-08-01,2019-08-01 09:31:56.000,0.17,1.00,10,0.16,0.9411,26,0.17,1.00,2,0.165,0.9705,158,2
SPY190802C301,2019-08-01,2019-08-01 09:31:57.000,0.17,1.00,248,0.16,0.9411,106,0.17,1.00,2,0.165,0.9705,158,0
SPY190802C301,2019-08-01,2019-08-01 09:31:57.000,0.17,1.00,1340,0.16,0.9411,106,0.17,1.00,2,0.165,0.9705,158,0
SPY190802C301,2019-08-01,2019-08-01 09:31:58.000,0.17,1.00,883,0.16,0.9411,58,0.17,1.00,2,0.165,0.9705,158,0
SPY190802C301,2019-08-01,2019-08-01 09:31:59.000,0.17,1.00,883,0.16,0.9411,58,0.17,1.00,2,0.165,0.9705,158,0
SPY190802C301,2019-08-01,2019-08-01 09:31:59.000,0.17,1.00,1157,0.16,0.9411,66,0.17,1.00,2,0.165,0.9705,158,0
SPY190802C301,2019-08-01,2019-08-01 09:32:00.000,0.17,1.00,1766,0.15,0.8823,1800,0.16,0.9411,5,0.16,0.9411,168,5
SPY190802C301,2019-08-01,2019-08-01 09:32:00.000,0.17,1.00,1133,0.15,0.8823,1800,0.16,0.9411,5,0.16,0.9411,163,5
SPY190802C301,2019-08-01,2019-08-01 09:32:01.000,0.17,1.00,2107,0.15,0.8823,2024,0.16,0.9411,5,0.16,0.9411,168,0
SPY190802C301,2019-08-01,2019-08-01 09:32:01.000,0.16,0.9411,208,0.15,0.8823,422,0.16,0.9411,5,0.155,0.9117,168,0
SPY190802C301,2019-08-01,2019-08-01 09:32:02.000,0.16,0.9411,535,0.15,0.8823,422,0.16,0.9411,5,0.155,0.9117,168,0
SPY190802C301,2019-08-01,2019-08-01 09:32:03.000,0.16,0.9411,248,0.15,0.8823,422,0.16,0.9411,5,0.155,0.9117,168,0
SPY190802C301,2019-08-01,2019-08-01 09:32:03.000,0.17,1.00,999,0.15,0.8823,2254,0.16,0.9411,5,0.16,0.9411,168,0
SPY190802C301,2019-08-01,2019-08-01 09:32:04.000,0.16,0.9411,269,0.15,0.8823,2638,0.16,0.9411,5,0.155,0.9117,168,0
SPY190802C301,2019-08-01,2019-08-01 09:32:04.000,0.16,0.9411,277,0.15,0.8823,1664,0.16,0.9411,1,0.155,0.9117,169,1
SPY190802C301,2019-08-01,2019-08-01 09:32:05.000,0.16,0.9411,352,0.14,0.8235,2307,0.16,0.9411,1,0.15,0.8823,169,0
SPY190802C301,2019-08-01,2019-08-01 09:32:05.000,0.16,0.9411,352,0.14,0.8235,2731,0.16,0.9411,1,0.15,0.8823,169,0
SPY190802C301,2019-08-01,2019-08-01 09:32:06.000,0.16,0.9411,312,0.15,0.8823,318,0.16,0.9411,4,0.155,0.9117,174,0
SPY190802C301,2019-08-01,2019-08-01 09:32:06.000,0.16,0.9411,1932,0.14,0.8235,2712,0.16,0.9411,4,0.15,0.8823,174,5
SPY190802C301,2019-08-01,2019-08-01 09:32:07.000,0.16,0.9411,477,0.15,0.8823,368,0.16,0.9411,4,0.155,0.9117,174,0
SPY190802C301,2019-08-01,2019-08-01 09:32:08.000,0.16,0.9411,1698,0.15,0.8823,368,0.16,0.9411,4,0.155,0.9117,174,0
SPY190802C301,2019-08-01,2019-08-01 09:32:08.000,0.16,0.9411,1226,0.15,0.8823,368,0.16,0.9411,4,0.155,0.9117,174,0
SPY190802C301,2019-08-01,2019-08-01 09:32:09.000,0.16,0.9411,469,0.15,0.8823,290,0.16,0.9411,4,0.155,0.9117,174,0
SPY190802C301,2019-08-01,2019-08-01 09:32:09.000,0.16,0.9411,1277,0.15,0.8823,290,0.16,0.9411,4,0.155,0.9117,174,0
SPY190802C301,2019-08-01,2019-08-01 09:32:10.000,0.16,0.9411,1277,0.15,0.8823,800,0.16,0.9411,4,0.155,0.9117,174,0
SPY190802C301,2019-08-01,2019-08-01 09:32:10.000,0.16,0.9411,210,0.15,0.8823,290,0.16,0.9411,4,0.155,0.9117,174,0
SPY190802C301,2019-08-01,2019-08-01 09:32:11.000,0.16,0.9411,168,0.15,0.8823,290,0.16,0.9411,4,0.155,0.9117,174,0
SPY190802C301,2019-08-01,2019-08-01 09:32:12.000,0.16,0.9411,305,0.15,0.8823,1295,0.16,0.9411,4,0.155,0.9117,174,0
SPY190802C301,2019-08-01,2019-08-01 09:32:12.000,0.16,0.9411,485,0.15,0.8823,491,0.16,0.9411,4,0.155,0.9117,174,0
SPY190802C301,2019-08-01,2019-08-01 09:32:13.000,0.17,1.00,1218,0.15,0.8823,1923,0.16,0.9411,4,0.16,0.9411,174,0
SPY190802C301,2019-08-01,2019-08-01 09:32:13.000,0.17,1.00,2175,0.16,0.9411,66,0.16,0.9411,4,0.165,0.9705,174,0
SPY190802C301,2019-08-01,2019-08-01 09:32:14.000,0.17,1.00,1977,0.16,0.9411,66,0.16,0.9411,4,0.165,0.9705,174,0
SPY190802C301,2019-08-01,2019-08-01 09:32:15.000,0.17,1.00,2295,0.15,0.8823,2200,0.16,0.9411,4,0.16,0.9411,174,0
SPY190802C301,2019-08-01,2019-08-01 09:32:16.000,0.16,0.9411,2,0.15,0.8823,2352,0.16,0.9411,4,0.155,0.9117,174,0
SPY190802C301,2019-08-01,2019-08-01 09:32:16.000,0.16,0.9411,7,0.15,0.8823,2200,0.16,0.9411,4,0.155,0.9117,174,0
SPY190802C301,2019-08-01,2019-08-01 09:32:17.000,0.17,1.00,1152,0.16,0.9411,230,0.17,1.00,1,0.165,0.9705,179,5
SPY190802C301,2019-08-01,2019-08-01 09:32:17.000,0.17,1.00,933,0.16,0.9411,114,0.17,1.00,1,0.165,0.9705,179,0
SPY190802C301,2019-08-01,2019-08-01 09:32:18.000,0.17,1.00,457,0.16,0.9411,536,0.17,1.00,1,0.165,0.9705,179,0
SPY190802C301,2019-08-01,2019-08-01 09:32:18.000,0.17,1.00,457,0.16,0.9411,790,0.17,1.00,1,0.165,0.9705,179,0
SPY190802C301,2019-08-01,2019-08-01 09:32:19.000,0.17,1.00,100,0.16,0.9411,662,0.17,1.00,1,0.165,0.9705,179,0
SPY190802C301,2019-08-01,2019-08-01 09:32:20.000,0.17,1.00,435,0.16,0.9411,946,0.17,1.00,1,0.165,0.9705,179,0
SPY190802C301,2019-08-01,2019-08-01 09:32:20.000,0.17,1.00,435,0.16,0.9411,768,0.17,1.00,1,0.165,0.9705,179,0
SPY190802C301,2019-08-01,2019-08-01 09:32:21.000,0.17,1.00,455,0.16,0.9411,650,0.17,1.00,1,0.165,0.9705,179,0
SPY190802C301,2019-08-01,2019-08-01 09:32:21.000,0.17,1.00,21,0.16,0.9411,2191,0.17,1.00,1,0.165,0.9705,179,0
SPY190802C301,2019-08-01,2019-08-01 09:32:22.000,0.17,1.00,305,0.16,0.9411,2244,0.16,0.9411,2,0.165,0.9705,181,2
SPY190802C301,2019-08-01,2019-08-01 09:32:23.000,0.18,1.0588,1094,0.17,1.00,50,0.16,0.9411,2,0.175,1.0294,181,0
SPY190802C301,2019-08-01,2019-08-01 09:32:23.000,0.18,1.0588,1094,0.17,1.00,66,0.16,0.9411,2,0.175,1.0294,181,0
SPY190802C301,2019-08-01,2019-08-01 09:32:24.000,0.18,1.0588,1925,0.17,1.00,66,0.16,0.9411,2,0.175,1.0294,181,0
SPY190802C301,2019-08-01,2019-08-01 09:32:24.000,0.18,1.0588,1224,0.17,1.00,66,0.16,0.9411,2,0.175,1.0294,181,0
SPY190802C301,2019-08-01,2019-08-01 09:32:25.000,0.17,1.00,5,0.16,0.9411,1786,0.16,0.9411,2,0.165,0.9705,181,0
SPY190802C301,2019-08-01,2019-08-01 09:32:26.000,0.17,1.00,49,0.16,0.9411,130,0.16,0.9411,2,0.165,0.9705,181,0
SPY190802C301,2019-08-01,2019-08-01 09:32:26.000,0.17,1.00,100,0.16,0.9411,1893,0.16,0.9411,2,0.165,0.9705,181,0
SPY190802C301,2019-08-01,2019-08-01 09:32:27.000,0.17,1.00,120,0.16,0.9411,822,0.16,0.9411,2,0.165,0.9705,181,0
SPY190802C301,2019-08-01,2019-08-01 09:32:27.000,0.17,1.00,484,0.16,0.9411,438,0.16,0.9411,2,0.165,0.9705,181,0
SPY190802C301,2019-08-01,2019-08-01 09:32:28.000,0.17,1.00,354,0.16,0.9411,438,0.16,0.9411,2,0.165,0.9705,181,0
SPY190802C301,2019-08-01,2019-08-01 09:32:29.000,0.17,1.00,1335,0.16,0.9411,100,0.17,1.00,120,0.165,0.9705,301,0
SPY190802C301,2019-08-01,2019-08-01 09:32:29.000,0.17,1.00,594,0.16,0.9411,268,0.17,1.00,120,0.165,0.9705,301,120
SPY190802C301,2019-08-01,2019-08-01 09:32:30.000,0.17,1.00,1649,0.16,0.9411,100,0.17,1.00,120,0.165,0.9705,301,0
SPY190802C301,2019-08-01,2019-08-01 09:32:30.000,0.17,1.00,2163,0.16,0.9411,100,0.17,1.00,120,0.165,0.9705,301,0
SPY190802C301,2019-08-01,2019-08-01 09:32:31.000,0.17,1.00,2163,0.16,0.9411,100,0.17,1.00,120,0.165,0.9705,301,0
SPY190802C301,2019-08-01,2019-08-01 09:32:32.000,0.17,1.00,2163,0.16,0.9411,182,0.17,1.00,120,0.165,0.9705,301,0
SPY190802C301,2019-08-01,2019-08-01 09:32:33.000,0.17,1.00,1741,0.16,0.9411,901,0.17,1.00,120,0.165,0.9705,301,0
SPY190802C301,2019-08-01,2019-08-01 09:32:33.000,0.17,1.00,336,0.16,0.9411,1304,0.17,1.00,120,0.165,0.9705,301,0
SPY190802C301,2019-08-01,2019-08-01 09:32:34.000,0.17,1.00,336,0.16,0.9411,2184,0.17,1.00,60,0.165,0.9705,401,100
SPY190802C301,2019-08-01,2019-08-01 09:32:34.000,0.17,1.00,307,0.16,0.9411,2184,0.17,1.00,60,0.165,0.9705,401,0
SPY190802C301,2019-08-01,2019-08-01 09:32:35.000,0.17,1.00,141,0.16,0.9411,2134,0.17,1.00,60,0.165,0.9705,401,0
SPY190802C301,2019-08-01,2019-08-01 09:32:36.000,0.17,1.00,312,0.16,0.9411,2134,0.17,1.00,60,0.165,0.9705,401,0
SPY190802C301,2019-08-01,2019-08-01 09:32:36.000,0.17,1.00,182,0.16,0.9411,2134,0.17,1.00,60,0.165,0.9705,401,0
SPY190802C301,2019-08-01,2019-08-01 09:32:37.000,0.17,1.00,307,0.16,0.9411,1836,0.17,1.00,60,0.165,0.9705,401,0
SPY190802C301,2019-08-01,2019-08-01 09:32:37.000,0.17,1.00,182,0.16,0.9411,1836,0.17,1.00,60,0.165,0.9705,401,0
SPY190802C301,2019-08-01,2019-08-01 09:32:38.000,0.17,1.00,7,0.16,0.9411,1786,0.17,1.00,1,0.165,0.9705,402,0
SPY190802C301,2019-08-01,2019-08-01 09:32:38.000,0.17,1.00,354,0.16,0.9411,1786,0.17,1.00,1,0.165,0.9705,402,1
SPY190802C301,2019-08-01,2019-08-01 09:32:39.000,0.17,1.00,480,0.16,0.9411,1786,0.17,1.00,1,0.165,0.9705,402,0
SPY190802C301,2019-08-01,2019-08-01 09:32:39.000,0.17,1.00,350,0.16,0.9411,1786,0.17,1.00,1,0.165,0.9705,402,0
SPY190802C301,2019-08-01,2019-08-01 09:32:40.000,0.17,1.00,480,0.16,0.9411,1786,0.17,1.00,1,0.165,0.9705,402,0
SPY190802C301,2019-08-01,2019-08-01 09:32:41.000,0.17,1.00,480,0.16,0.9411,1211,0.17,1.00,1,0.165,0.9705,402,0
SPY190802C301,2019-08-01,2019-08-01 09:32:41.000,0.17,1.00,480,0.16,0.9411,1018,0.17,1.00,1,0.165,0.9705,402,0
SPY190802C301,2019-08-01,2019-08-01 09:32:42.000,0.17,1.00,350,0.16,0.9411,1215,0.16,0.9411,1,0.165,0.9705,403,1
SPY190802C301,2019-08-01,2019-08-01 09:32:42.000,0.17,1.00,350,0.16,0.9411,960,0.16,0.9411,20,0.165,0.9705,423,20
SPY190802C301,2019-08-01,2019-08-01 09:32:43.000,0.17,1.00,530,0.16,0.9411,1210,0.16,0.9411,20,0.165,0.9705,423,0
SPY190802C301,2019-08-01,2019-08-01 09:32:43.000,0.17,1.00,53,0.16,0.9411,265,0.16,0.9411,20,0.165,0.9705,423,0
SPY190802C301,2019-08-01,2019-08-01 09:32:44.000,0.17,1.00,350,0.16,0.9411,249,0.16,0.9411,20,0.165,0.9705,423,0
SPY190802C301,2019-08-01,2019-08-01 09:32:44.000,0.17,1.00,494,0.16,0.9411,328,0.16,0.9411,20,0.165,0.9705,423,0
SPY190802C301,2019-08-01,2019-08-01 09:32:45.000,0.17,1.00,575,0.16,0.9411,100,0.16,0.9411,20,0.165,0.9705,443,20
SPY190802C301,2019-08-01,2019-08-01 09:32:46.000,0.17,1.00,1196,0.16,0.9411,100,0.16,0.9411,20,0.165,0.9705,443,0
SPY190802C301,2019-08-01,2019-08-01 09:32:46.000,0.17,1.00,1660,0.16,0.9411,100,0.16,0.9411,20,0.165,0.9705,443,0
SPY190802C301,2019-08-01,2019-08-01 09:32:47.000,0.17,1.00,2290,0.16,0.9411,100,0.16,0.9411,20,0.165,0.9705,443,0
SPY190802C301,2019-08-01,2019-08-01 09:32:47.000,0.17,1.00,1680,0.16,0.9411,100,0.16,0.9411,20,0.165,0.9705,443,0
SPY190802C301,2019-08-01,2019-08-01 09:32:48.000,0.17,1.00,2290,0.16,0.9411,100,0.16,0.9411,20,0.165,0.9705,443,0
SPY190802C301,2019-08-01,2019-08-01 09:32:48.000,0.17,1.00,1163,0.16,0.9411,100,0.16,0.9411,20,0.165,0.9705,443,0
SPY190802C301,2019-08-01,2019-08-01 09:32:49.000,0.17,1.00,1666,0.16,0.9411,146,0.16,0.9411,2,0.165,0.9705,445,2
SPY190802C301,2019-08-01,2019-08-01 09:32:49.000,0.17,1.00,1666,0.16,0.9411,100,0.16,0.9411,20,0.165,0.9705,443,0
SPY190802C301,2019-08-01,2019-08-01 09:32:50.000,0.17,1.00,1537,0.16,0.9411,100,0.16,0.9411,2,0.165,0.9705,445,0
SPY190802C301,2019-08-01,2019-08-01 09:32:50.000,0.17,1.00,1548,0.16,0.9411,326,0.16,0.9411,2,0.165,0.9705,445,0
SPY190802C301,2019-08-01,2019-08-01 09:32:51.000,0.17,1.00,1081,0.16,0.9411,100,0.16,0.9411,2,0.165,0.9705,445,0
SPY190802C301,2019-08-01,2019-08-01 09:32:52.000,0.17,1.00,1045,0.16,0.9411,100,0.16,0.9411,2,0.165,0.9705,445,0
SPY190802C301,2019-08-01,2019-08-01 09:32:52.000,0.17,1.00,2154,0.16,0.9411,100,0.16,0.9411,2,0.165,0.9705,445,0
SPY190802C301,2019-08-01,2019-08-01 09:32:53.000,0.17,1.00,2586,0.16,0.9411,94,0.16,0.9411,6,0.165,0.9705,451,0
SPY190802C301,2019-08-01,2019-08-01 09:32:53.000,0.17,1.00,2268,0.16,0.9411,100,0.16,0.9411,6,0.165,0.9705,451,6
SPY190802C301,2019-08-01,2019-08-01 09:32:54.000,0.17,1.00,2798,0.16,0.9411,82,0.16,0.9411,12,0.165,0.9705,463,12
SPY190802C301,2019-08-01,2019-08-01 09:32:54.000,0.17,1.00,2747,0.16,0.9411,82,0.16,0.9411,12,0.165,0.9705,463,0
SPY190802C301,2019-08-01,2019-08-01 09:32:55.000,0.17,1.00,2747,0.16,0.9411,82,0.16,0.9411,12,0.165,0.9705,463,0
SPY190802C301,2019-08-01,2019-08-01 09:32:55.000,0.17,1.00,2228,0.16,0.9411,82,0.16,0.9411,12,0.165,0.9705,463,0
SPY190802C301,2019-08-01,2019-08-01 09:32:56.000,0.17,1.00,1967,0.16,0.9411,82,0.17,1.00,4,0.165,0.9705,468,5
SPY190802C301,2019-08-01,2019-08-01 09:32:57.000,0.17,1.00,1205,0.16,0.9411,82,0.17,1.00,4,0.165,0.9705,468,0
SPY190802C301,2019-08-01,2019-08-01 09:32:57.000,0.17,1.00,1242,0.16,0.9411,82,0.17,1.00,4,0.165,0.9705,468,0
SPY190802C301,2019-08-01,2019-08-01 09:32:58.000,0.17,1.00,2004,0.16,0.9411,82,0.17,1.00,4,0.165,0.9705,468,0
SPY190802C301,2019-08-01,2019-08-01 09:32:58.000,0.17,1.00,3246,0.16,0.9411,82,0.17,1.00,4,0.165,0.9705,468,0
SPY190802C301,2019-08-01,2019-08-01 09:32:59.000,0.17,1.00,2866,0.16,0.9411,82,0.17,1.00,4,0.165,0.9705,468,0
SPY190802C301,2019-08-01,2019-08-01 09:33:00.000,0.17,1.00,2866,0.16,0.9411,82,0.17,1.00,4,0.165,0.9705,468,0
SPY190802C301,2019-08-01,2019-08-01 09:33:01.000,0.17,1.00,3336,0.16,0.9411,82,0.17,1.00,4,0.165,0.9705,468,0
SPY190802C301,2019-08-01,2019-08-01 09:33:02.000,0.17,1.00,3073,0.16,0.9411,70,0.16,0.9411,12,0.165,0.9705,480,12
SPY190802C301,2019-08-01,2019-08-01 09:33:02.000,0.17,1.00,2686,0.16,0.9411,70,0.16,0.9411,12,0.165,0.9705,480,0
SPY190802C301,2019-08-01,2019-08-01 09:33:03.000,0.17,1.00,1984,0.16,0.9411,70,0.16,0.9411,12,0.165,0.9705,480,0
SPY190802C301,2019-08-01,2019-08-01 09:33:03.000,0.17,1.00,2024,0.16,0.9411,70,0.16,0.9411,12,0.165,0.9705,480,0
SPY190802C301,2019-08-01,2019-08-01 09:33:04.000,0.17,1.00,1573,0.16,0.9411,194,0.16,0.9411,25,0.165,0.9705,505,25
SPY190802C301,2019-08-01,2019-08-01 09:33:04.000,0.17,1.00,2080,0.16,0.9411,70,0.16,0.9411,12,0.165,0.9705,480,0
SPY190802C301,2019-08-01,2019-08-01 09:33:05.000,0.17,1.00,1151,0.16,0.9411,735,0.16,0.9411,55,0.165,0.9705,560,0
SPY190802C301,2019-08-01,2019-08-01 09:33:05.000,0.17,1.00,1716,0.16,0.9411,324,0.16,0.9411,55,0.165,0.9705,560,55
SPY190802C301,2019-08-01,2019-08-01 09:33:06.000,0.17,1.00,1151,0.16,0.9411,1003,0.17,1.00,50,0.165,0.9705,610,50
SPY190802C301,2019-08-01,2019-08-01 09:33:07.000,0.17,1.00,1151,0.16,0.9411,1599,0.17,1.00,50,0.165,0.9705,610,0
SPY190802C301,2019-08-01,2019-08-01 09:33:07.000,0.17,1.00,490,0.16,0.9411,1852,0.17,1.00,50,0.165,0.9705,610,0
SPY190802C301,2019-08-01,2019-08-01 09:33:08.000,0.17,1.00,10,0.16,0.9411,1108,0.16,0.9411,15,0.165,0.9705,625,15
SPY190802C301,2019-08-01,2019-08-01 09:33:08.000,0.17,1.00,310,0.16,0.9411,1108,0.16,0.9411,17,0.165,0.9705,642,17
SPY190802C301,2019-08-01,2019-08-01 09:33:09.000,0.17,1.00,490,0.16,0.9411,2319,0.16,0.9411,17,0.165,0.9705,642,0
SPY190802C301,2019-08-01,2019-08-01 09:33:09.000,0.17,1.00,490,0.16,0.9411,2217,0.16,0.9411,17,0.165,0.9705,642,0
SPY190802C301,2019-08-01,2019-08-01 09:33:10.000,0.17,1.00,666,0.16,0.9411,2508,0.16,0.9411,2,0.165,0.9705,645,0
SPY190802C301,2019-08-01,2019-08-01 09:33:10.000,0.17,1.00,490,0.16,0.9411,2508,0.16,0.9411,2,0.165,0.9705,645,3
SPY190802C301,2019-08-01,2019-08-01 09:33:11.000,0.17,1.00,666,0.16,0.9411,2228,0.16,0.9411,2,0.165,0.9705,645,0
SPY190802C301,2019-08-01,2019-08-01 09:33:12.000,0.17,1.00,914,0.16,0.9411,70,0.16,0.9411,2,0.165,0.9705,645,0
SPY190802C301,2019-08-01,2019-08-01 09:33:12.000,0.17,1.00,713,0.16,0.9411,2228,0.16,0.9411,2,0.165,0.9705,645,0
SPY190802C301,2019-08-01,2019-08-01 09:33:13.000,0.17,1.00,310,0.16,0.9411,2327,0.16,0.9411,2,0.165,0.9705,645,0
SPY190802C301,2019-08-01,2019-08-01 09:33:13.000,0.17,1.00,310,0.16,0.9411,1336,0.16,0.9411,2,0.165,0.9705,645,0
SPY190802C301,2019-08-01,2019-08-01 09:33:14.000,0.17,1.00,343,0.16,0.9411,2805,0.17,1.00,100,0.165,0.9705,745,100
SPY190802C301,2019-08-01,2019-08-01 09:33:14.000,0.17,1.00,310,0.16,0.9411,2327,0.16,0.9411,2,0.165,0.9705,645,0
SPY190802C301,2019-08-01,2019-08-01 09:33:15.000,0.17,1.00,20,0.16,0.9411,2732,0.17,1.00,100,0.165,0.9705,745,0
SPY190802C301,2019-08-01,2019-08-01 09:33:16.000,0.17,1.00,466,0.16,0.9411,2384,0.17,1.00,100,0.165,0.9705,745,0
SPY190802C301,2019-08-01,2019-08-01 09:33:17.000,0.17,1.00,135,0.16,0.9411,2384,0.17,1.00,100,0.165,0.9705,745,0
SPY190802C301,2019-08-01,2019-08-01 09:33:17.000,0.17,1.00,469,0.16,0.9411,2874,0.17,1.00,100,0.165,0.9705,745,0
SPY190802C301,2019-08-01,2019-08-01 09:33:18.000,0.17,1.00,339,0.16,0.9411,2874,0.17,1.00,100,0.165,0.9705,745,0
SPY190802C301,2019-08-01,2019-08-01 09:33:18.000,0.17,1.00,10,0.16,0.9411,2988,0.17,1.00,100,0.165,0.9705,745,0
SPY190802C301,2019-08-01,2019-08-01 09:33:19.000,0.17,1.00,50,0.16,0.9411,2988,0.17,1.00,100,0.165,0.9705,745,0
SPY190802C301,2019-08-01,2019-08-01 09:33:19.000,0.17,1.00,294,0.16,0.9411,2988,0.17,1.00,100,0.165,0.9705,745,0
SPY190802C301,2019-08-01,2019-08-01 09:33:20.000,0.17,1.00,299,0.16,0.9411,2988,0.17,1.00,100,0.165,0.9705,745,0
SPY190802C301,2019-08-01,2019-08-01 09:33:21.000,0.17,1.00,10,0.16,0.9411,2995,0.16,0.9411,200,0.165,0.9705,945,200
SPY190802C301,2019-08-01,2019-08-01 09:33:21.000,0.17,1.00,78,0.16,0.9411,2995,0.17,1.00,1,0.165,0.9705,946,1
SPY190802C301,2019-08-01,2019-08-01 09:33:22.000,0.17,1.00,10,0.16,0.9411,2995,0.17,1.00,1,0.165,0.9705,946,0
SPY190802C301,2019-08-01,2019-08-01 09:33:22.000,0.17,1.00,100,0.16,0.9411,2740,0.17,1.00,1,0.165,0.9705,946,0
SPY190802C301,2019-08-01,2019-08-01 09:33:23.000,0.17,1.00,345,0.16,0.9411,3088,0.17,1.00,1,0.165,0.9705,946,0
SPY190802C301,2019-08-01,2019-08-01 09:33:23.000,0.17,1.00,70,0.16,0.9411,2967,0.17,1.00,1,0.165,0.9705,946,0
SPY190802C301,2019-08-01,2019-08-01 09:33:24.000,0.17,1.00,10,0.16,0.9411,2712,0.17,1.00,1,0.165,0.9705,946,0
SPY190802C301,2019-08-01,2019-08-01 09:33:25.000,0.17,1.00,10,0.16,0.9411,2556,0.17,1.00,1,0.165,0.9705,946,0
SPY190802C301,2019-08-01,2019-08-01 09:33:25.000,0.17,1.00,10,0.16,0.9411,2904,0.17,1.00,1,0.165,0.9705,946,0
SPY190802C301,2019-08-01,2019-08-01 09:33:26.000,0.17,1.00,5,0.16,0.9411,2556,0.17,1.00,1,0.165,0.9705,946,0
SPY190802C301,2019-08-01,2019-08-01 09:33:27.000,0.17,1.00,5,0.17,1.00,1,0.17,1.00,3,0.17,1.00,951,5
SPY190802C301,2019-08-01,2019-08-01 09:33:27.000,0.18,1.0588,197,0.17,1.00,720,0.17,1.00,3,0.175,1.0294,951,0
SPY190802C301,2019-08-01,2019-08-01 09:33:28.000,0.18,1.0588,342,0.17,1.00,2450,0.17,1.00,3,0.175,1.0294,951,0
SPY190802C301,2019-08-01,2019-08-01 09:33:28.000,0.18,1.0588,352,0.17,1.00,2236,0.17,1.00,3,0.175,1.0294,951,0
SPY190802C301,2019-08-01,2019-08-01 09:33:29.000,0.18,1.0588,342,0.17,1.00,2384,0.17,1.00,3,0.175,1.0294,951,0
SPY190802C301,2019-08-01,2019-08-01 09:33:30.000,0.18,1.0588,54,0.17,1.00,2045,0.17,1.00,3,0.175,1.0294,951,0
SPY190802C301,2019-08-01,2019-08-01 09:33:30.000,0.18,1.0588,471,0.17,1.00,2089,0.17,1.00,3,0.175,1.0294,951,0
SPY190802C301,2019-08-01,2019-08-01 09:33:31.000,0.18,1.0588,54,0.17,1.00,2089,0.17,1.00,3,0.175,1.0294,951,0
SPY190802C301,2019-08-01,2019-08-01 09:33:31.000,0.18,1.0588,54,0.17,1.00,918,0.17,1.00,3,0.175,1.0294,951,0
SPY190802C301,2019-08-01,2019-08-01 09:33:32.000,0.18,1.0588,15,0.17,1.00,2149,0.17,1.00,3,0.175,1.0294,951,0
SPY190802C301,2019-08-01,2019-08-01 09:33:32.000,0.18,1.0588,447,0.17,1.00,1286,0.17,1.00,3,0.175,1.0294,951,0
SPY190802C301,2019-08-01,2019-08-01 09:33:33.000,0.18,1.0588,20,0.17,1.00,2481,0.17,1.00,3,0.175,1.0294,951,0
SPY190802C301,2019-08-01,2019-08-01 09:33:34.000,0.18,1.0588,6,0.17,1.00,2481,0.17,1.00,3,0.175,1.0294,951,0
SPY190802C301,2019-08-01,2019-08-01 09:33:34.000,0.18,1.0588,436,0.17,1.00,2771,0.17,1.00,3,0.175,1.0294,951,0
SPY190802C301,2019-08-01,2019-08-01 09:33:35.000,0.18,1.0588,436,0.17,1.00,2771,0.17,1.00,3,0.175,1.0294,951,0
SPY190802C301,2019-08-01,2019-08-01 09:33:35.000,0.18,1.0588,332,0.17,1.00,2771,0.18,1.0588,32,0.175,1.0294,989,38
SPY190802C301,2019-08-01,2019-08-01 09:33:36.000,0.18,1.0588,269,0.17,1.00,2771,0.18,1.0588,32,0.175,1.0294,989,0
SPY190802C301,2019-08-01,2019-08-01 09:33:36.000,0.18,1.0588,66,0.17,1.00,2771,0.18,1.0588,32,0.175,1.0294,989,0
SPY190802C301,2019-08-01,2019-08-01 09:33:37.000,0.19,1.1176,2626,0.17,1.00,2920,0.18,1.0588,32,0.18,1.0588,989,0
SPY190802C301,2019-08-01,2019-08-01 09:33:38.000,0.19,1.1176,2626,0.18,1.0588,781,0.18,1.0588,32,0.185,1.0882,989,0
SPY190802C301,2019-08-01,2019-08-01 09:33:38.000,0.19,1.1176,1263,0.18,1.0588,124,0.18,1.0588,32,0.185,1.0882,989,0
SPY190802C301,2019-08-01,2019-08-01 09:33:39.000,0.18,1.0588,5,0.18,1.0588,720,0.18,1.0588,32,0.18,1.0588,989,0
SPY190802C301,2019-08-01,2019-08-01 09:33:39.000,0.19,1.1176,130,0.18,1.0588,781,0.18,1.0588,32,0.185,1.0882,989,0
SPY190802C301,2019-08-01,2019-08-01 09:33:40.000,0.19,1.1176,208,0.18,1.0588,1137,0.19,1.1176,6,0.185,1.0882,1000,0
SPY190802C301,2019-08-01,2019-08-01 09:33:40.000,0.19,1.1176,336,0.18,1.0588,860,0.19,1.1176,6,0.185,1.0882,1000,11
SPY190802C301,2019-08-01,2019-08-01 09:33:41.000,0.19,1.1176,208,0.18,1.0588,1382,0.19,1.1176,6,0.185,1.0882,1000,0
SPY190802C301,2019-08-01,2019-08-01 09:33:41.000,0.19,1.1176,424,0.18,1.0588,1411,0.19,1.1176,6,0.185,1.0882,1000,0
SPY190802C301,2019-08-01,2019-08-01 09:33:42.000,0.19,1.1176,5,0.18,1.0588,1617,0.19,1.1176,6,0.185,1.0882,1000,0
SPY190802C301,2019-08-01,2019-08-01 09:33:43.000,0.19,1.1176,100,0.18,1.0588,2218,0.19,1.1176,6,0.185,1.0882,1000,0
SPY190802C301,2019-08-01,2019-08-01 09:33:43.000,0.19,1.1176,116,0.18,1.0588,1617,0.19,1.1176,6,0.185,1.0882,1000,0
SPY190802C301,2019-08-01,2019-08-01 09:33:44.000,0.20,1.1764,832,0.18,1.0588,2481,0.19,1.1176,6,0.19,1.1176,1000,0
SPY190802C301,2019-08-01,2019-08-01 09:33:44.000,0.20,1.1764,1438,0.19,1.1176,781,0.19,1.1176,6,0.195,1.147,1000,0
SPY190802C301,2019-08-01,2019-08-01 09:33:45.000,0.20,1.1764,571,0.19,1.1176,1076,0.19,1.1176,6,0.195,1.147,1000,0
SPY190802C301,2019-08-01,2019-08-01 09:33:45.000,0.20,1.1764,1333,0.19,1.1176,1474,0.19,1.1176,6,0.195,1.147,1000,0
SPY190802C301,2019-08-01,2019-08-01 09:33:46.000,0.20,1.1764,1758,0.19,1.1176,1258,0.19,1.1176,6,0.195,1.147,1000,0
SPY190802C301,2019-08-01,2019-08-01 09:33:46.000,0.20,1.1764,571,0.19,1.1176,944,0.19,1.1176,6,0.195,1.147,1000,0
SPY190802C301,2019-08-01,2019-08-01 09:33:47.000,0.20,1.1764,2073,0.19,1.1176,844,0.20,1.1764,1,0.195,1.147,1001,1
SPY190802C301,2019-08-01,2019-08-01 09:33:48.000,0.20,1.1764,2073,0.19,1.1176,844,0.20,1.1764,1,0.195,1.147,1001,0
SPY190802C301,2019-08-01,2019-08-01 09:33:49.000,0.20,1.1764,1248,0.19,1.1176,500,0.20,1.1764,1,0.195,1.147,1001,0
SPY190802C301,2019-08-01,2019-08-01 09:33:50.000,0.19,1.1176,605,0.18,1.0588,1780,0.20,1.1764,1,0.185,1.0882,1001,0
SPY190802C301,2019-08-01,2019-08-01 09:33:50.000,0.19,1.1176,305,0.18,1.0588,1780,0.20,1.1764,1,0.185,1.0882,1001,0
SPY190802C301,2019-08-01,2019-08-01 09:33:51.000,0.19,1.1176,1410,0.18,1.0588,859,0.20,1.1764,1,0.185,1.0882,1001,0
SPY190802C301,2019-08-01,2019-08-01 09:33:52.000,0.19,1.1176,2018,0.18,1.0588,897,0.20,1.1764,1,0.185,1.0882,1001,0
SPY190802C301,2019-08-01,2019-08-01 09:33:52.000,0.19,1.1176,2018,0.18,1.0588,600,0.20,1.1764,1,0.185,1.0882,1001,0
SPY190802C301,2019-08-01,2019-08-01 09:33:53.000,0.19,1.1176,2018,0.18,1.0588,1385,0.20,1.1764,1,0.185,1.0882,1001,0
SPY190802C301,2019-08-01,2019-08-01 09:33:53.000,0.19,1.1176,2018,0.18,1.0588,1187,0.20,1.1764,1,0.185,1.0882,1001,0
SPY190802C301,2019-08-01,2019-08-01 09:33:54.000,0.19,1.1176,2018,0.18,1.0588,1385,0.20,1.1764,1,0.185,1.0882,1001,0
SPY190802C301,2019-08-01,2019-08-01 09:33:55.000,0.19,1.1176,2018,0.18,1.0588,1461,0.20,1.1764,1,0.185,1.0882,1001,0
SPY190802C301,2019-08-01,2019-08-01 09:33:55.000,0.19,1.1176,2018,0.18,1.0588,1516,0.20,1.1764,1,0.185,1.0882,1001,0
SPY190802C301,2019-08-01,2019-08-01 09:33:56.000,0.19,1.1176,1596,0.18,1.0588,725,0.18,1.0588,15,0.185,1.0882,1016,0
SPY190802C301,2019-08-01,2019-08-01 09:33:56.000,0.19,1.1176,1281,0.18,1.0588,725,0.18,1.0588,15,0.185,1.0882,1016,15
SPY190802C301,2019-08-01,2019-08-01 09:33:57.000,0.19,1.1176,1703,0.18,1.0588,1037,0.19,1.1176,6,0.185,1.0882,1022,6
SPY190802C301,2019-08-01,2019-08-01 09:34:00.000,0.19,1.1176,2018,0.18,1.0588,1286,0.19,1.1176,6,0.185,1.0882,1022,0
SPY190802C301,2019-08-01,2019-08-01 09:34:34.000,0.20,1.1764,359,0.19,1.1176,1286,0.20,1.1764,1,0.195,1.147,1049,27
SPY190802C301,2019-08-01,2019-08-01 09:34:35.000,0.20,1.1764,1047,0.19,1.1176,1286,0.20,1.1764,3,0.195,1.147,1052,3
SPY190802C301,2019-08-01,2019-08-01 09:34:36.000,0.20,1.1764,1010,0.19,1.1176,1153,0.20,1.1764,3,0.195,1.147,1052,0
SPY190802C301,2019-08-01,2019-08-01 09:34:36.000,0.20,1.1764,1764,0.19,1.1176,364,0.20,1.1764,3,0.195,1.147,1052,0
SPY190802C301,2019-08-01,2019-08-01 09:34:37.000,0.20,1.1764,1764,0.19,1.1176,364,0.20,1.1764,3,0.195,1.147,1052,0
SPY190802C301,2019-08-01,2019-08-01 09:34:37.000,0.20,1.1764,2017,0.19,1.1176,364,0.20,1.1764,3,0.195,1.147,1052,0
SPY190802C301,2019-08-01,2019-08-01 09:34:38.000,0.20,1.1764,2134,0.19,1.1176,364,0.20,1.1764,3,0.195,1.147,1052,0
SPY190802C301,2019-08-01,2019-08-01 09:34:39.000,0.20,1.1764,2135,0.19,1.1176,6,0.20,1.1764,3,0.195,1.147,1052,0
SPY190802C301,2019-08-01,2019-08-01 09:34:39.000,0.20,1.1764,2799,0.19,1.1176,6,0.20,1.1764,3,0.195,1.147,1052,0
SPY190802C301,2019-08-01,2019-08-01 09:34:40.000,0.20,1.1764,3114,0.19,1.1176,6,0.20,1.1764,3,0.195,1.147,1052,0
SPY190802C301,2019-08-01,2019-08-01 09:34:41.000,0.20,1.1764,3359,0.19,1.1176,6,0.20,1.1764,3,0.195,1.147,1052,0
SPY190802C301,2019-08-01,2019-08-01 09:34:41.000,0.20,1.1764,3959,0.19,1.1176,6,0.20,1.1764,3,0.195,1.147,1052,0
SPY190802C301,2019-08-01,2019-08-01 09:34:42.000,0.19,1.1176,754,0.18,1.0588,450,0.19,1.1176,6,0.185,1.0882,1058,6
SPY190802C301,2019-08-01,2019-08-01 09:34:43.000,0.19,1.1176,1526,0.18,1.0588,543,0.18,1.0588,4,0.185,1.0882,1064,6
SPY190802C301,2019-08-01,2019-08-01 09:34:43.000,0.19,1.1176,2214,0.18,1.0588,543,0.18,1.0588,4,0.185,1.0882,1064,0
SPY190802C301,2019-08-01,2019-08-01 09:34:44.000,0.19,1.1176,2152,0.18,1.0588,238,0.18,1.0588,4,0.185,1.0882,1064,0
SPY190802C301,2019-08-01,2019-08-01 09:34:44.000,0.19,1.1176,2206,0.18,1.0588,213,0.18,1.0588,4,0.185,1.0882,1064,0
SPY190802C301,2019-08-01,2019-08-01 09:34:45.000,0.19,1.1176,2206,0.18,1.0588,213,0.18,1.0588,4,0.185,1.0882,1064,0
SPY190802C301,2019-08-01,2019-08-01 09:34:45.000,0.19,1.1176,2206,0.18,1.0588,367,0.18,1.0588,4,0.185,1.0882,1064,0
SPY190802C301,2019-08-01,2019-08-01 09:34:46.000,0.19,1.1176,2459,0.18,1.0588,326,0.18,1.0588,4,0.185,1.0882,1064,0
SPY190802C301,2019-08-01,2019-08-01 09:34:47.000,0.19,1.1176,485,0.18,1.0588,526,0.18,1.0588,4,0.185,1.0882,1064,0
SPY190802C301,2019-08-01,2019-08-01 09:34:47.000,0.19,1.1176,2459,0.18,1.0588,331,0.18,1.0588,4,0.185,1.0882,1064,0
SPY190802C301,2019-08-01,2019-08-01 09:34:48.000,0.19,1.1176,465,0.18,1.0588,546,0.18,1.0588,4,0.185,1.0882,1064,0
SPY190802C301,2019-08-01,2019-08-01 09:34:49.000,0.19,1.1176,463,0.18,1.0588,389,0.18,1.0588,4,0.185,1.0882,1064,0
SPY190802C301,2019-08-01,2019-08-01 09:34:49.000,0.19,1.1176,2110,0.18,1.0588,1278,0.18,1.0588,4,0.185,1.0882,1064,0
SPY190802C301,2019-08-01,2019-08-01 09:34:50.000,0.19,1.1176,5,0.18,1.0588,1748,0.18,1.0588,4,0.185,1.0882,1064,0
SPY190802C301,2019-08-01,2019-08-01 09:34:50.000,0.19,1.1176,21,0.18,1.0588,1301,0.18,1.0588,4,0.185,1.0882,1064,0
SPY190802C301,2019-08-01,2019-08-01 09:34:51.000,0.19,1.1176,5,0.18,1.0588,1463,0.19,1.1176,1,0.185,1.0882,1065,1
SPY190802C301,2019-08-01,2019-08-01 09:34:52.000,0.20,1.1764,2369,0.19,1.1176,1,0.19,1.1176,7,0.195,1.147,1073,8
SPY190802C301,2019-08-01,2019-08-01 09:34:52.000,0.20,1.1764,2589,0.18,1.0588,2208,0.19,1.1176,7,0.19,1.1176,1073,0
SPY190802C301,2019-08-01,2019-08-01 09:34:53.000,0.20,1.1764,2589,0.19,1.1176,229,0.19,1.1176,7,0.195,1.147,1073,0
SPY190802C301,2019-08-01,2019-08-01 09:34:53.000,0.20,1.1764,3065,0.19,1.1176,286,0.19,1.1176,7,0.195,1.147,1073,0
SPY190802C301,2019-08-01,2019-08-01 09:34:54.000,0.19,1.1176,19,0.19,1.1176,100,0.19,1.1176,7,0.19,1.1176,1073,0
SPY190802C301,2019-08-01,2019-08-01 09:34:54.000,0.19,1.1176,5,0.19,1.1176,100,0.19,1.1176,7,0.19,1.1176,1073,0
SPY190802C301,2019-08-01,2019-08-01 09:34:55.000,0.19,1.1176,5,0.18,1.0588,1885,0.19,1.1176,7,0.185,1.0882,1073,0
SPY190802C301,2019-08-01,2019-08-01 09:34:56.000,0.19,1.1176,240,0.18,1.0588,974,0.19,1.1176,7,0.185,1.0882,1073,0
SPY190802C301,2019-08-01,2019-08-01 09:34:57.000,0.19,1.1176,5,0.18,1.0588,1313,0.19,1.1176,7,0.185,1.0882,1073,0
SPY190802C301,2019-08-01,2019-08-01 09:34:57.000,0.20,1.1764,1419,0.19,1.1176,100,0.19,1.1176,7,0.195,1.147,1073,0
SPY190802C301,2019-08-01,2019-08-01 09:34:58.000,0.19,1.1176,425,0.18,1.0588,505,0.19,1.1176,7,0.185,1.0882,1073,0
SPY190802C301,2019-08-01,2019-08-01 09:34:58.000,0.19,1.1176,144,0.18,1.0588,459,0.19,1.1176,7,0.185,1.0882,1073,0
SPY190802C301,2019-08-01,2019-08-01 09:34:59.000,0.19,1.1176,425,0.18,1.0588,1479,0.19,1.1176,5,0.185,1.0882,1083,10
SPY190802C301,2019-08-01,2019-08-01 09:35:00.000,0.19,1.1176,371,0.18,1.0588,1911,0.19,1.1176,1,0.185,1.0882,1085,1
SPY190802C301,2019-08-01,2019-08-01 09:35:00.000,0.19,1.1176,371,0.18,1.0588,1479,0.19,1.1176,1,0.185,1.0882,1084,1
SPY190802C301,2019-08-01,2019-08-01 09:35:01.000,0.20,1.1764,1606,0.18,1.0588,1749,0.19,1.1176,1,0.19,1.1176,1085,0
SPY190802C301,2019-08-01,2019-08-01 09:35:02.000,0.20,1.1764,1699,0.19,1.1176,61,0.19,1.1176,1,0.195,1.147,1085,0
SPY190802C301,2019-08-01,2019-08-01 09:35:02.000,0.20,1.1764,2014,0.19,1.1176,61,0.19,1.1176,1,0.195,1.147,1085,0
SPY190802C301,2019-08-01,2019-08-01 09:35:03.000,0.20,1.1764,1699,0.19,1.1176,61,0.19,1.1176,4,0.195,1.147,1089,4
SPY190802C301,2019-08-01,2019-08-01 09:35:03.000,0.19,1.1176,5,0.18,1.0588,2272,0.19,1.1176,4,0.185,1.0882,1089,0
SPY190802C301,2019-08-01,2019-08-01 09:35:04.000,0.20,1.1764,1586,0.19,1.1176,87,0.19,1.1176,4,0.195,1.147,1089,0
SPY190802C301,2019-08-01,2019-08-01 09:35:04.000,0.20,1.1764,1726,0.19,1.1176,62,0.19,1.1176,4,0.195,1.147,1089,0
SPY190802C301,2019-08-01,2019-08-01 09:35:05.000,0.20,1.1764,1996,0.19,1.1176,362,0.19,1.1176,4,0.195,1.147,1089,0
SPY190802C301,2019-08-01,2019-08-01 09:35:06.000,0.20,1.1764,1996,0.19,1.1176,362,0.19,1.1176,4,0.195,1.147,1089,0
SPY190802C301,2019-08-01,2019-08-01 09:35:07.000,0.20,1.1764,2513,0.19,1.1176,362,0.19,1.1176,4,0.195,1.147,1089,0
SPY190802C301,2019-08-01,2019-08-01 09:35:08.000,0.20,1.1764,2513,0.19,1.1176,86,0.19,1.1176,4,0.195,1.147,1089,0
SPY190802C301,2019-08-01,2019-08-01 09:35:08.000,0.20,1.1764,2513,0.19,1.1176,325,0.19,1.1176,4,0.195,1.147,1089,0
SPY190802C301,2019-08-01,2019-08-01 09:35:09.000,0.19,1.1176,5,0.18,1.0588,2541,0.19,1.1176,4,0.185,1.0882,1089,0
SPY190802C301,2019-08-01,2019-08-01 09:35:09.000,0.20,1.1764,2513,0.19,1.1176,261,0.19,1.1176,4,0.195,1.147,1089,0
SPY190802C301,2019-08-01,2019-08-01 09:35:10.000,0.19,1.1176,5,0.18,1.0588,2404,0.19,1.1176,4,0.185,1.0882,1089,0
SPY190802C301,2019-08-01,2019-08-01 09:35:10.000,0.19,1.1176,3,0.18,1.0588,2226,0.19,1.1176,4,0.185,1.0882,1089,0
SPY190802C301,2019-08-01,2019-08-01 09:35:11.000,0.19,1.1176,343,0.18,1.0588,1754,0.19,1.1176,4,0.185,1.0882,1089,0
SPY190802C301,2019-08-01,2019-08-01 09:35:12.000,0.19,1.1176,561,0.18,1.0588,546,0.19,1.1176,4,0.185,1.0882,1089,0
SPY190802C301,2019-08-01,2019-08-01 09:35:12.000,0.19,1.1176,490,0.18,1.0588,1457,0.19,1.1176,4,0.185,1.0882,1089,0
SPY190802C301,2019-08-01,2019-08-01 09:35:13.000,0.19,1.1176,513,0.18,1.0588,507,0.19,1.1176,10,0.185,1.0882,1099,10
SPY190802C301,2019-08-01,2019-08-01 09:35:13.000,0.19,1.1176,556,0.18,1.0588,281,0.19,1.1176,4,0.185,1.0882,1089,0
SPY190802C301,2019-08-01,2019-08-01 09:35:14.000,0.19,1.1176,453,0.18,1.0588,598,0.19,1.1176,10,0.185,1.0882,1099,0
SPY190802C301,2019-08-01,2019-08-01 09:35:14.000,0.19,1.1176,352,0.18,1.0588,755,0.19,1.1176,10,0.185,1.0882,1099,0
SPY190802C301,2019-08-01,2019-08-01 09:35:15.000,0.19,1.1176,5,0.18,1.0588,1792,0.19,1.1176,10,0.185,1.0882,1099,0
SPY190802C301,2019-08-01,2019-08-01 09:35:15.000,0.19,1.1176,5,0.18,1.0588,2434,0.19,1.1176,10,0.185,1.0882,1099,0
SPY190802C301,2019-08-01,2019-08-01 09:35:16.000,0.19,1.1176,480,0.18,1.0588,1873,0.19,1.1176,10,0.185,1.0882,1099,0
SPY190802C301,2019-08-01,2019-08-01 09:35:17.000,0.19,1.1176,425,0.18,1.0588,1457,0.19,1.1176,10,0.185,1.0882,1099,0
SPY190802C301,2019-08-01,2019-08-01 09:35:17.000,0.19,1.1176,425,0.18,1.0588,1923,0.19,1.1176,10,0.185,1.0882,1099,0
SPY190802C301,2019-08-01,2019-08-01 09:35:18.000,0.19,1.1176,383,0.18,1.0588,960,0.19,1.1176,10,0.185,1.0882,1099,0
SPY190802C301,2019-08-01,2019-08-01 09:35:18.000,0.19,1.1176,425,0.18,1.0588,1457,0.19,1.1176,10,0.185,1.0882,1099,0
SPY190802C301,2019-08-01,2019-08-01 09:35:19.000,0.19,1.1176,80,0.18,1.0588,1403,0.19,1.1176,10,0.185,1.0882,1099,0
SPY190802C301,2019-08-01,2019-08-01 09:35:19.000,0.19,1.1176,305,0.18,1.0588,1098,0.19,1.1176,10,0.185,1.0882,1099,0
SPY190802C301,2019-08-01,2019-08-01 09:35:20.000,0.20,1.1764,2096,0.18,1.0588,1873,0.19,1.1176,10,0.19,1.1176,1099,0
SPY190802C301,2019-08-01,2019-08-01 09:35:20.000,0.19,1.1176,305,0.18,1.0588,1923,0.19,1.1176,10,0.185,1.0882,1099,0
SPY190802C301,2019-08-01,2019-08-01 09:35:21.000,0.19,1.1176,344,0.18,1.0588,1873,0.19,1.1176,10,0.185,1.0882,1099,0
SPY190802C301,2019-08-01,2019-08-01 09:35:22.000,0.19,1.1176,344,0.18,1.0588,1873,0.18,1.0588,15,0.185,1.0882,1114,15
SPY190802C301,2019-08-01,2019-08-01 09:35:23.000,0.19,1.1176,19,0.18,1.0588,2459,0.18,1.0588,15,0.185,1.0882,1114,0
SPY190802C301,2019-08-01,2019-08-01 09:35:23.000,0.19,1.1176,333,0.18,1.0588,1923,0.18,1.0588,15,0.185,1.0882,1114,0
SPY190802C301,2019-08-01,2019-08-01 09:35:24.000,0.19,1.1176,19,0.18,1.0588,2838,0.18,1.0588,15,0.185,1.0882,1114,0
SPY190802C301,2019-08-01,2019-08-01 09:35:25.000,0.19,1.1176,19,0.18,1.0588,2838,0.18,1.0588,15,0.185,1.0882,1114,0
SPY190802C301,2019-08-01,2019-08-01 09:35:26.000,0.19,1.1176,19,0.18,1.0588,2613,0.18,1.0588,15,0.185,1.0882,1114,0
SPY190802C301,2019-08-01,2019-08-01 09:35:27.000,0.19,1.1176,19,0.18,1.0588,2613,0.18,1.0588,15,0.185,1.0882,1114,0
SPY190802C301,2019-08-01,2019-08-01 09:35:28.000,0.19,1.1176,198,0.18,1.0588,2841,0.18,1.0588,15,0.185,1.0882,1114,0
SPY190802C301,2019-08-01,2019-08-01 09:35:28.000,0.19,1.1176,201,0.18,1.0588,2928,0.18,1.0588,15,0.185,1.0882,1114,0
SPY190802C301,2019-08-01,2019-08-01 09:35:29.000,0.19,1.1176,19,0.18,1.0588,2841,0.18,1.0588,15,0.185,1.0882,1114,0
SPY190802C301,2019-08-01,2019-08-01 09:35:30.000,0.19,1.1176,19,0.18,1.0588,2841,0.18,1.0588,15,0.185,1.0882,1114,0
SPY190802C301,2019-08-01,2019-08-01 09:35:31.000,0.19,1.1176,19,0.18,1.0588,2841,0.18,1.0588,15,0.185,1.0882,1114,0
SPY190802C301,2019-08-01,2019-08-01 09:35:31.000,0.19,1.1176,19,0.18,1.0588,2920,0.18,1.0588,15,0.185,1.0882,1114,0
SPY190802C301,2019-08-01,2019-08-01 09:35:32.000,0.20,1.1764,1709,0.19,1.1176,5,0.19,1.1176,3,0.195,1.147,1142,28
SPY190802C301,2019-08-01,2019-08-01 09:35:32.000,0.20,1.1764,1709,0.19,1.1176,185,0.19,1.1176,3,0.195,1.147,1142,0
SPY190802C301,2019-08-01,2019-08-01 09:35:33.000,0.20,1.1764,436,0.19,1.1176,1001,0.20,1.1764,5,0.195,1.147,1147,5
SPY190802C301,2019-08-01,2019-08-01 09:35:33.000,0.20,1.1764,856,0.19,1.1176,466,0.19,1.1176,3,0.195,1.147,1142,0
SPY190802C301,2019-08-01,2019-08-01 09:35:34.000,0.20,1.1764,512,0.19,1.1176,993,0.20,1.1764,5,0.195,1.147,1147,0
SPY190802C301,2019-08-01,2019-08-01 09:35:35.000,0.20,1.1764,493,0.19,1.1176,1390,0.20,1.1764,5,0.195,1.147,1147,0
SPY190802C301,2019-08-01,2019-08-01 09:35:35.000,0.20,1.1764,469,0.19,1.1176,1489,0.20,1.1764,5,0.195,1.147,1147,0
SPY190802C301,2019-08-01,2019-08-01 09:35:36.000,0.20,1.1764,469,0.19,1.1176,1489,0.19,1.1176,196,0.195,1.147,1343,0
SPY190802C301,2019-08-01,2019-08-01 09:35:36.000,0.20,1.1764,469,0.19,1.1176,1489,0.19,1.1176,196,0.195,1.147,1343,196
SPY190802C301,2019-08-01,2019-08-01 09:35:37.000,0.20,1.1764,176,0.19,1.1176,1489,0.19,1.1176,3,0.195,1.147,1346,3
SPY190802C301,2019-08-01,2019-08-01 09:35:38.000,0.20,1.1764,95,0.19,1.1176,2089,0.19,1.1176,3,0.195,1.147,1346,0
SPY190802C301,2019-08-01,2019-08-01 09:35:38.000,0.20,1.1764,323,0.19,1.1176,2543,0.19,1.1176,3,0.195,1.147,1346,0
SPY190802C301,2019-08-01,2019-08-01 09:35:39.000,0.20,1.1764,359,0.19,1.1176,1462,0.19,1.1176,3,0.195,1.147,1346,0
SPY190802C301,2019-08-01,2019-08-01 09:35:40.000,0.20,1.1764,896,0.19,1.1176,426,0.20,1.1764,3,0.195,1.147,1349,3
SPY190802C301,2019-08-01,2019-08-01 09:35:40.000,0.20,1.1764,360,0.19,1.1176,5,0.20,1.1764,3,0.195,1.147,1349,0
SPY190802C301,2019-08-01,2019-08-01 09:35:41.000,0.20,1.1764,1486,0.19,1.1176,39,0.20,1.1764,3,0.195,1.147,1349,0
SPY190802C301,2019-08-01,2019-08-01 09:35:42.000,0.19,1.1176,5,0.18,1.0588,1787,0.20,1.1764,1,0.185,1.0882,1350,1
SPY190802C301,2019-08-01,2019-08-01 09:35:42.000,0.19,1.1176,5,0.18,1.0588,1787,0.20,1.1764,1,0.185,1.0882,1350,0
SPY190802C301,2019-08-01,2019-08-01 09:35:43.000,0.20,1.1764,389,0.19,1.1176,421,0.20,1.1764,1,0.195,1.147,1350,0
SPY190802C301,2019-08-01,2019-08-01 09:35:43.000,0.20,1.1764,1659,0.19,1.1176,66,0.20,1.1764,1,0.195,1.147,1350,0
SPY190802C301,2019-08-01,2019-08-01 09:35:44.000,0.20,1.1764,402,0.19,1.1176,721,0.20,1.1764,1,0.195,1.147,1350,0
SPY190802C301,2019-08-01,2019-08-01 09:35:44.000,0.20,1.1764,416,0.19,1.1176,721,0.20,1.1764,1,0.195,1.147,1350,0
SPY190802C301,2019-08-01,2019-08-01 09:35:45.000,0.20,1.1764,532,0.19,1.1176,601,0.20,1.1764,1,0.195,1.147,1350,0
SPY190802C301,2019-08-01,2019-08-01 09:35:46.000,0.20,1.1764,511,0.19,1.1176,444,0.20,1.1764,1,0.195,1.147,1351,0
SPY190802C301,2019-08-01,2019-08-01 09:35:46.000,0.20,1.1764,511,0.19,1.1176,444,0.20,1.1764,1,0.195,1.147,1351,1
SPY190802C301,2019-08-01,2019-08-01 09:35:47.000,0.20,1.1764,532,0.19,1.1176,905,0.20,1.1764,1,0.195,1.147,1351,0
SPY190802C301,2019-08-01,2019-08-01 09:35:47.000,0.20,1.1764,482,0.19,1.1176,1318,0.20,1.1764,1,0.195,1.147,1351,0
SPY190802C301,2019-08-01,2019-08-01 09:35:48.000,0.20,1.1764,446,0.19,1.1176,1389,0.20,1.1764,1,0.195,1.147,1351,0
SPY190802C301,2019-08-01,2019-08-01 09:35:48.000,0.20,1.1764,482,0.19,1.1176,1427,0.20,1.1764,1,0.195,1.147,1351,0
SPY190802C301,2019-08-01,2019-08-01 09:35:49.000,0.20,1.1764,532,0.19,1.1176,1427,0.20,1.1764,1,0.195,1.147,1351,0
SPY190802C301,2019-08-01,2019-08-01 09:35:49.000,0.20,1.1764,512,0.19,1.1176,1427,0.20,1.1764,1,0.195,1.147,1351,0
SPY190802C301,2019-08-01,2019-08-01 09:35:50.000,0.20,1.1764,354,0.19,1.1176,1427,0.20,1.1764,5,0.195,1.147,1356,5
SPY190802C301,2019-08-01,2019-08-01 09:35:51.000,0.20,1.1764,354,0.19,1.1176,2108,0.20,1.1764,14,0.195,1.147,1370,14
SPY190802C301,2019-08-01,2019-08-01 09:35:51.000,0.20,1.1764,354,0.19,1.1176,2108,0.20,1.1764,5,0.195,1.147,1356,0
SPY190802C301,2019-08-01,2019-08-01 09:35:52.000,0.20,1.1764,354,0.19,1.1176,2393,0.20,1.1764,14,0.195,1.147,1370,0
SPY190802C301,2019-08-01,2019-08-01 09:35:52.000,0.20,1.1764,128,0.19,1.1176,1692,0.20,1.1764,14,0.195,1.147,1370,0
SPY190802C301,2019-08-01,2019-08-01 09:35:53.000,0.20,1.1764,354,0.19,1.1176,2393,0.20,1.1764,5,0.195,1.147,1375,5
SPY190802C301,2019-08-01,2019-08-01 09:35:53.000,0.20,1.1764,354,0.19,1.1176,2393,0.20,1.1764,14,0.195,1.147,1370,0
SPY190802C301,2019-08-01,2019-08-01 09:35:54.000,0.20,1.1764,354,0.19,1.1176,2393,0.20,1.1764,7,0.195,1.147,1382,7
SPY190802C301,2019-08-01,2019-08-01 09:35:55.000,0.20,1.1764,314,0.19,1.1176,2393,0.20,1.1764,7,0.195,1.147,1382,0
SPY190802C301,2019-08-01,2019-08-01 09:35:56.000,0.20,1.1764,314,0.19,1.1176,2393,0.20,1.1764,2,0.195,1.147,1384,0
SPY190802C301,2019-08-01,2019-08-01 09:35:56.000,0.20,1.1764,344,0.19,1.1176,2393,0.20,1.1764,2,0.195,1.147,1384,2
SPY190802C301,2019-08-01,2019-08-01 09:35:57.000,0.20,1.1764,314,0.19,1.1176,1893,0.20,1.1764,2,0.195,1.147,1384,0
SPY190802C301,2019-08-01,2019-08-01 09:35:58.000,0.20,1.1764,314,0.19,1.1176,1843,0.20,1.1764,4,0.195,1.147,1388,0
SPY190802C301,2019-08-01,2019-08-01 09:35:58.000,0.20,1.1764,345,0.19,1.1176,1843,0.20,1.1764,4,0.195,1.147,1388,4
SPY190802C301,2019-08-01,2019-08-01 09:35:59.000,0.20,1.1764,314,0.19,1.1176,1843,0.20,1.1764,4,0.195,1.147,1388,0
SPY190802C301,2019-08-01,2019-08-01 09:36:00.000,0.20,1.1764,227,0.18,1.0588,1771,0.20,1.1764,4,0.19,1.1176,1388,0
SPY190802C301,2019-08-01,2019-08-01 09:36:00.000,0.20,1.1764,227,0.18,1.0588,998,0.20,1.1764,4,0.19,1.1176,1388,0
SPY190802C301,2019-08-01,2019-08-01 09:36:01.000,0.20,1.1764,658,0.19,1.1176,239,0.19,1.1176,1,0.195,1.147,1389,1
SPY190802C301,2019-08-01,2019-08-01 09:36:01.000,0.20,1.1764,1013,0.19,1.1176,419,0.19,1.1176,1,0.195,1.147,1389,0
SPY190802C301,2019-08-01,2019-08-01 09:36:02.000,0.20,1.1764,905,0.19,1.1176,1109,0.19,1.1176,1,0.195,1.147,1389,0
SPY190802C301,2019-08-01,2019-08-01 09:36:03.000,0.20,1.1764,1340,0.19,1.1176,1266,0.19,1.1176,1,0.195,1.147,1389,0
SPY190802C301,2019-08-01,2019-08-01 09:36:04.000,0.20,1.1764,1340,0.19,1.1176,1843,0.19,1.1176,1,0.195,1.147,1389,0
SPY190802C301,2019-08-01,2019-08-01 09:36:04.000,0.20,1.1764,1340,0.19,1.1176,1266,0.19,1.1176,1,0.195,1.147,1389,0
SPY190802C301,2019-08-01,2019-08-01 09:36:05.000,0.20,1.1764,1340,0.19,1.1176,1843,0.20,1.1764,5,0.195,1.147,1396,7
SPY190802C301,2019-08-01,2019-08-01 09:36:05.000,0.20,1.1764,1340,0.19,1.1176,1843,0.20,1.1764,5,0.195,1.147,1396,0
SPY190802C301,2019-08-01,2019-08-01 09:36:06.000,0.20,1.1764,452,0.19,1.1176,1842,0.20,1.1764,5,0.195,1.147,1396,0
SPY190802C301,2019-08-01,2019-08-01 09:36:06.000,0.20,1.1764,452,0.19,1.1176,1843,0.20,1.1764,5,0.195,1.147,1396,0
SPY190802C301,2019-08-01,2019-08-01 09:36:07.000,0.20,1.1764,312,0.19,1.1176,2393,0.20,1.1764,5,0.195,1.147,1396,0
SPY190802C301,2019-08-01,2019-08-01 09:36:08.000,0.20,1.1764,91,0.19,1.1176,2393,0.20,1.1764,5,0.195,1.147,1396,0
SPY190802C301,2019-08-01,2019-08-01 09:36:08.000,0.20,1.1764,341,0.19,1.1176,1558,0.20,1.1764,5,0.195,1.147,1396,0
SPY190802C301,2019-08-01,2019-08-01 09:36:09.000,0.20,1.1764,341,0.19,1.1176,1835,0.20,1.1764,5,0.195,1.147,1396,0
SPY190802C301,2019-08-01,2019-08-01 09:36:10.000,0.20,1.1764,341,0.19,1.1176,1843,0.20,1.1764,5,0.195,1.147,1396,0
SPY190802C301,2019-08-01,2019-08-01 09:36:11.000,0.20,1.1764,341,0.19,1.1176,1843,0.20,1.1764,5,0.195,1.147,1396,0
SPY190802C301,2019-08-01,2019-08-01 09:36:12.000,0.20,1.1764,341,0.19,1.1176,1843,0.20,1.1764,5,0.195,1.147,1396,0
SPY190802C301,2019-08-01,2019-08-01 09:36:13.000,0.20,1.1764,312,0.19,1.1176,1558,0.20,1.1764,5,0.195,1.147,1396,0
SPY190802C301,2019-08-01,2019-08-01 09:36:13.000,0.20,1.1764,432,0.19,1.1176,2058,0.20,1.1764,5,0.195,1.147,1396,0
SPY190802C301,2019-08-01,2019-08-01 09:36:14.000,0.20,1.1764,75,0.19,1.1176,2659,0.20,1.1764,5,0.195,1.147,1396,0
SPY190802C301,2019-08-01,2019-08-01 09:36:14.000,0.20,1.1764,149,0.19,1.1176,2374,0.20,1.1764,5,0.195,1.147,1396,0
SPY190802C301,2019-08-01,2019-08-01 09:36:15.000,0.20,1.1764,316,0.19,1.1176,2007,0.20,1.1764,5,0.195,1.147,1396,0
SPY190802C301,2019-08-01,2019-08-01 09:36:15.000,0.20,1.1764,316,0.19,1.1176,2111,0.20,1.1764,7,0.195,1.147,1403,7
SPY190802C301,2019-08-01,2019-08-01 09:36:16.000,0.20,1.1764,432,0.19,1.1176,1558,0.20,1.1764,5,0.195,1.147,1408,5
SPY190802C301,2019-08-01,2019-08-01 09:36:17.000,0.20,1.1764,312,0.19,1.1176,1843,0.20,1.1764,5,0.195,1.147,1408,0
SPY190802C301,2019-08-01,2019-08-01 09:36:18.000,0.20,1.1764,330,0.19,1.1176,1843,0.20,1.1764,5,0.195,1.147,1413,5
SPY190802C301,2019-08-01,2019-08-01 09:36:18.000,0.20,1.1764,312,0.19,1.1176,1843,0.20,1.1764,5,0.195,1.147,1408,0
SPY190802C301,2019-08-01,2019-08-01 09:36:19.000,0.20,1.1764,330,0.19,1.1176,1843,0.20,1.1764,5,0.195,1.147,1413,0
SPY190802C301,2019-08-01,2019-08-01 09:36:20.000,0.20,1.1764,330,0.19,1.1176,1843,0.20,1.1764,5,0.195,1.147,1413,0
SPY190802C301,2019-08-01,2019-08-01 09:36:21.000,0.20,1.1764,330,0.19,1.1176,1843,0.20,1.1764,2,0.195,1.147,1415,2
SPY190802C301,2019-08-01,2019-08-01 09:36:22.000,0.20,1.1764,445,0.19,1.1176,1843,0.20,1.1764,2,0.195,1.147,1415,0
SPY190802C301,2019-08-01,2019-08-01 09:36:23.000,0.20,1.1764,445,0.19,1.1176,1136,0.20,1.1764,2,0.195,1.147,1415,0
SPY190802C301,2019-08-01,2019-08-01 09:36:23.000,0.20,1.1764,466,0.19,1.1176,720,0.20,1.1764,2,0.195,1.147,1415,0
SPY190802C301,2019-08-01,2019-08-01 09:36:24.000,0.20,1.1764,324,0.19,1.1176,720,0.20,1.1764,2,0.195,1.147,1415,0
SPY190802C301,2019-08-01,2019-08-01 09:36:24.000,0.20,1.1764,1276,0.19,1.1176,153,0.20,1.1764,2,0.195,1.147,1415,0
SPY190802C301,2019-08-01,2019-08-01 09:36:25.000,0.19,1.1176,5,0.18,1.0588,1759,0.20,1.1764,2,0.185,1.0882,1415,0
SPY190802C301,2019-08-01,2019-08-01 09:36:25.000,0.20,1.1764,1583,0.19,1.1176,5,0.20,1.1764,2,0.195,1.147,1415,0
SPY190802C301,2019-08-01,2019-08-01 09:36:26.000,0.19,1.1176,5,0.18,1.0588,1992,0.20,1.1764,2,0.185,1.0882,1415,0
SPY190802C301,2019-08-01,2019-08-01 09:36:27.000,0.19,1.1176,246,0.18,1.0588,1647,0.20,1.1764,2,0.185,1.0882,1415,0
SPY190802C301,2019-08-01,2019-08-01 09:36:27.000,0.19,1.1176,240,0.18,1.0588,1992,0.20,1.1764,2,0.185,1.0882,1415,0
SPY190802C301,2019-08-01,2019-08-01 09:36:28.000,0.19,1.1176,246,0.18,1.0588,1542,0.19,1.1176,2,0.185,1.0882,1417,2
SPY190802C301,2019-08-01,2019-08-01 09:36:28.000,0.19,1.1176,1353,0.18,1.0588,1120,0.19,1.1176,2,0.185,1.0882,1417,0
SPY190802C301,2019-08-01,2019-08-01 09:36:29.000,0.19,1.1176,3203,0.18,1.0588,1176,0.19,1.1176,2,0.185,1.0882,1417,0
SPY190802C301,2019-08-01,2019-08-01 09:36:30.000,0.19,1.1176,2453,0.18,1.0588,180,0.19,1.1176,2,0.185,1.0882,1417,0
SPY190802C301,2019-08-01,2019-08-01 09:36:31.000,0.19,1.1176,1454,0.18,1.0588,270,0.19,1.1176,2,0.185,1.0882,1417,0
SPY190802C301,2019-08-01,2019-08-01 09:36:31.000,0.19,1.1176,1811,0.18,1.0588,240,0.19,1.1176,2,0.185,1.0882,1417,0
SPY190802C301,2019-08-01,2019-08-01 09:36:32.000,0.19,1.1176,411,0.18,1.0588,1058,0.18,1.0588,5,0.185,1.0882,1422,5
SPY190802C301,2019-08-01,2019-08-01 09:36:32.000,0.19,1.1176,411,0.18,1.0588,1389,0.18,1.0588,5,0.185,1.0882,1422,0
SPY190802C301,2019-08-01,2019-08-01 09:36:33.000,0.19,1.1176,132,0.18,1.0588,1901,0.19,1.1176,36,0.185,1.0882,1482,60
SPY190802C301,2019-08-01,2019-08-01 09:36:33.000,0.19,1.1176,106,0.18,1.0588,1659,0.19,1.1176,36,0.185,1.0882,1482,0
SPY190802C301,2019-08-01,2019-08-01 09:36:34.000,0.19,1.1176,106,0.18,1.0588,3017,0.19,1.1176,36,0.185,1.0882,1482,0
SPY190802C301,2019-08-01,2019-08-01 09:36:34.000,0.19,1.1176,243,0.18,1.0588,2060,0.19,1.1176,36,0.185,1.0882,1482,0
SPY190802C301,2019-08-01,2019-08-01 09:36:35.000,0.19,1.1176,44,0.18,1.0588,2060,0.18,1.0588,3,0.185,1.0882,1485,3
SPY190802C301,2019-08-01,2019-08-01 09:36:36.000,0.19,1.1176,756,0.18,1.0588,1525,0.18,1.0588,3,0.185,1.0882,1485,0
SPY190802C301,2019-08-01,2019-08-01 09:36:36.000,0.19,1.1176,567,0.18,1.0588,1629,0.18,1.0588,3,0.185,1.0882,1485,0
SPY190802C301,2019-08-01,2019-08-01 09:36:37.000,0.19,1.1176,681,0.18,1.0588,1644,0.18,1.0588,3,0.185,1.0882,1485,0
SPY190802C301,2019-08-01,2019-08-01 09:36:37.000,0.19,1.1176,681,0.18,1.0588,1629,0.18,1.0588,3,0.185,1.0882,1485,0
SPY190802C301,2019-08-01,2019-08-01 09:36:38.000,0.19,1.1176,268,0.18,1.0588,2604,0.18,1.0588,3,0.185,1.0882,1485,0
SPY190802C301,2019-08-01,2019-08-01 09:36:39.000,0.19,1.1176,100,0.18,1.0588,2604,0.18,1.0588,3,0.185,1.0882,1485,0
SPY190802C301,2019-08-01,2019-08-01 09:36:39.000,0.19,1.1176,1,0.18,1.0588,2970,0.18,1.0588,3,0.185,1.0882,1485,0
SPY190802C301,2019-08-01,2019-08-01 09:36:40.000,0.20,1.1764,2823,0.19,1.1176,188,0.18,1.0588,3,0.195,1.147,1485,0
SPY190802C301,2019-08-01,2019-08-01 09:36:40.000,0.20,1.1764,1802,0.19,1.1176,337,0.18,1.0588,3,0.195,1.147,1485,0
SPY190802C301,2019-08-01,2019-08-01 09:36:41.000,0.19,1.1176,5,0.18,1.0588,2733,0.18,1.0588,3,0.185,1.0882,1485,0
SPY190802C301,2019-08-01,2019-08-01 09:36:41.000,0.20,1.1764,3165,0.19,1.1176,256,0.18,1.0588,3,0.195,1.147,1485,0
SPY190802C301,2019-08-01,2019-08-01 09:36:42.000,0.20,1.1764,2866,0.18,1.0588,2788,0.18,1.0588,3,0.19,1.1176,1485,0
SPY190802C301,2019-08-01,2019-08-01 09:36:43.000,0.19,1.1176,305,0.18,1.0588,2712,0.18,1.0588,3,0.185,1.0882,1485,0
SPY190802C301,2019-08-01,2019-08-01 09:36:44.000,0.19,1.1176,557,0.18,1.0588,1702,0.18,1.0588,3,0.185,1.0882,1485,0
SPY190802C301,2019-08-01,2019-08-01 09:36:44.000,0.19,1.1176,965,0.18,1.0588,2553,0.18,1.0588,3,0.185,1.0882,1485,0
SPY190802C301,2019-08-01,2019-08-01 09:36:45.000,0.19,1.1176,2163,0.18,1.0588,814,0.18,1.0588,3,0.185,1.0882,1485,0
SPY190802C301,2019-08-01,2019-08-01 09:36:45.000,0.19,1.1176,288,0.18,1.0588,1750,0.18,1.0588,3,0.185,1.0882,1485,0
SPY190802C301,2019-08-01,2019-08-01 09:36:46.000,0.19,1.1176,2201,0.18,1.0588,708,0.18,1.0588,3,0.185,1.0882,1485,0
SPY190802C301,2019-08-01,2019-08-01 09:36:47.000,0.19,1.1176,2270,0.18,1.0588,708,0.18,1.0588,3,0.185,1.0882,1485,0
SPY190802C301,2019-08-01,2019-08-01 09:36:48.000,0.19,1.1176,1862,0.18,1.0588,708,0.19,1.1176,80,0.185,1.0882,1565,80
SPY190802C301,2019-08-01,2019-08-01 09:36:48.000,0.19,1.1176,720,0.18,1.0588,708,0.19,1.1176,80,0.185,1.0882,1565,0
SPY190802C301,2019-08-01,2019-08-01 09:36:49.000,0.19,1.1176,485,0.18,1.0588,861,0.19,1.1176,80,0.185,1.0882,1565,0
SPY190802C301,2019-08-01,2019-08-01 09:36:49.000,0.19,1.1176,216,0.18,1.0588,1582,0.19,1.1176,80,0.185,1.0882,1565,0
SPY190802C301,2019-08-01,2019-08-01 09:36:50.000,0.19,1.1176,1708,0.18,1.0588,376,0.19,1.1176,80,0.185,1.0882,1565,0
SPY190802C301,2019-08-01,2019-08-01 09:36:51.000,0.19,1.1176,2017,0.18,1.0588,892,0.19,1.1176,80,0.185,1.0882,1565,0
SPY190802C301,2019-08-01,2019-08-01 09:36:51.000,0.19,1.1176,2264,0.18,1.0588,835,0.19,1.1176,80,0.185,1.0882,1565,0
SPY190802C301,2019-08-01,2019-08-01 09:36:52.000,0.19,1.1176,2245,0.18,1.0588,892,0.19,1.1176,80,0.185,1.0882,1565,0
SPY190802C301,2019-08-01,2019-08-01 09:36:52.000,0.19,1.1176,2017,0.18,1.0588,892,0.19,1.1176,80,0.185,1.0882,1565,0
SPY190802C301,2019-08-01,2019-08-01 09:36:53.000,0.19,1.1176,1873,0.18,1.0588,892,0.19,1.1176,80,0.185,1.0882,1565,0
SPY190802C301,2019-08-01,2019-08-01 09:36:53.000,0.19,1.1176,2088,0.18,1.0588,892,0.19,1.1176,80,0.185,1.0882,1565,0
SPY190802C301,2019-08-01,2019-08-01 09:36:54.000,0.19,1.1176,1942,0.18,1.0588,823,0.19,1.1176,80,0.185,1.0882,1565,0
SPY190802C301,2019-08-01,2019-08-01 09:36:55.000,0.19,1.1176,2447,0.18,1.0588,918,0.19,1.1176,80,0.185,1.0882,1565,0
SPY190802C301,2019-08-01,2019-08-01 09:36:55.000,0.19,1.1176,2165,0.18,1.0588,918,0.19,1.1176,80,0.185,1.0882,1565,0
SPY190802C301,2019-08-01,2019-08-01 09:36:56.000,0.19,1.1176,1766,0.18,1.0588,918,0.19,1.1176,80,0.185,1.0882,1565,0
SPY190802C301,2019-08-01,2019-08-01 09:36:56.000,0.19,1.1176,440,0.18,1.0588,918,0.19,1.1176,80,0.185,1.0882,1565,0
SPY190802C301,2019-08-01,2019-08-01 09:36:57.000,0.19,1.1176,10,0.18,1.0588,2410,0.19,1.1176,80,0.185,1.0882,1565,0
SPY190802C301,2019-08-01,2019-08-01 09:36:58.000,0.19,1.1176,655,0.18,1.0588,884,0.19,1.1176,1,0.185,1.0882,1566,1
SPY190802C301,2019-08-01,2019-08-01 09:36:58.000,0.19,1.1176,5,0.18,1.0588,884,0.19,1.1176,80,0.185,1.0882,1565,0
SPY190802C301,2019-08-01,2019-08-01 09:36:59.000,0.19,1.1176,655,0.18,1.0588,884,0.19,1.1176,5,0.185,1.0882,1571,5
SPY190802C301,2019-08-01,2019-08-01 09:37:00.000,0.19,1.1176,957,0.18,1.0588,934,0.19,1.1176,5,0.185,1.0882,1571,0
SPY190802C301,2019-08-01,2019-08-01 09:37:00.000,0.19,1.1176,768,0.18,1.0588,1178,0.19,1.1176,5,0.185,1.0882,1571,0
SPY190802C301,2019-08-01,2019-08-01 09:37:01.000,0.19,1.1176,957,0.18,1.0588,651,0.19,1.1176,5,0.185,1.0882,1571,0
SPY190802C301,2019-08-01,2019-08-01 09:37:01.000,0.19,1.1176,957,0.18,1.0588,934,0.19,1.1176,5,0.185,1.0882,1571,0
SPY190802C301,2019-08-01,2019-08-01 09:37:02.000,0.19,1.1176,490,0.18,1.0588,2007,0.19,1.1176,5,0.185,1.0882,1571,0
SPY190802C301,2019-08-01,2019-08-01 09:37:02.000,0.19,1.1176,1557,0.18,1.0588,591,0.19,1.1176,5,0.185,1.0882,1571,0
SPY190802C301,2019-08-01,2019-08-01 09:37:03.000,0.19,1.1176,571,0.18,1.0588,2007,0.19,1.1176,5,0.185,1.0882,1571,0
SPY190802C301,2019-08-01,2019-08-01 09:37:03.000,0.19,1.1176,453,0.18,1.0588,834,0.19,1.1176,5,0.185,1.0882,1571,0
SPY190802C301,2019-08-01,2019-08-01 09:37:04.000,0.19,1.1176,305,0.18,1.0588,834,0.19,1.1176,5,0.185,1.0882,1571,0
SPY190802C301,2019-08-01,2019-08-01 09:37:05.000,0.19,1.1176,342,0.18,1.0588,923,0.19,1.1176,5,0.185,1.0882,1571,0
SPY190802C301,2019-08-01,2019-08-01 09:37:05.000,0.19,1.1176,571,0.18,1.0588,858,0.19,1.1176,5,0.185,1.0882,1571,0
SPY190802C301,2019-08-01,2019-08-01 09:37:06.000,0.19,1.1176,1636,0.18,1.0588,591,0.19,1.1176,5,0.185,1.0882,1571,0
SPY190802C301,2019-08-01,2019-08-01 09:37:06.000,0.19,1.1176,1636,0.18,1.0588,947,0.19,1.1176,5,0.185,1.0882,1571,0
SPY190802C301,2019-08-01,2019-08-01 09:37:07.000,0.19,1.1176,1636,0.18,1.0588,938,0.19,1.1176,5,0.185,1.0882,1571,0
SPY190802C301,2019-08-01,2019-08-01 09:37:07.000,0.19,1.1176,1636,0.18,1.0588,947,0.19,1.1176,5,0.185,1.0882,1571,0
SPY190802C301,2019-08-01,2019-08-01 09:37:08.000,0.19,1.1176,849,0.18,1.0588,835,0.19,1.1176,5,0.185,1.0882,1571,0
SPY190802C301,2019-08-01,2019-08-01 09:37:09.000,0.19,1.1176,969,0.18,1.0588,406,0.19,1.1176,5,0.185,1.0882,1571,0
SPY190802C301,2019-08-01,2019-08-01 09:37:10.000,0.19,1.1176,1840,0.18,1.0588,507,0.19,1.1176,5,0.185,1.0882,1571,0
SPY190802C301,2019-08-01,2019-08-01 09:37:10.000,0.19,1.1176,1277,0.18,1.0588,586,0.19,1.1176,5,0.185,1.0882,1571,0
SPY190802C301,2019-08-01,2019-08-01 09:37:11.000,0.19,1.1176,2427,0.18,1.0588,507,0.19,1.1176,5,0.185,1.0882,1571,0
SPY190802C301,2019-08-01,2019-08-01 09:37:11.000,0.19,1.1176,1850,0.18,1.0588,507,0.19,1.1176,5,0.185,1.0882,1571,0
SPY190802C301,2019-08-01,2019-08-01 09:37:12.000,0.19,1.1176,2245,0.18,1.0588,370,0.19,1.1176,5,0.185,1.0882,1571,0
SPY190802C301,2019-08-01,2019-08-01 09:37:12.000,0.19,1.1176,2427,0.18,1.0588,490,0.19,1.1176,5,0.185,1.0882,1571,0
SPY190802C301,2019-08-01,2019-08-01 09:37:13.000,0.19,1.1176,2290,0.18,1.0588,349,0.19,1.1176,5,0.185,1.0882,1571,0
SPY190802C301,2019-08-01,2019-08-01 09:37:13.000,0.19,1.1176,2290,0.18,1.0588,237,0.19,1.1176,5,0.185,1.0882,1571,0
SPY190802C301,2019-08-01,2019-08-01 09:37:14.000,0.19,1.1176,2290,0.17,1.00,2733,0.19,1.1176,5,0.18,1.0588,1571,0
SPY190802C301,2019-08-01,2019-08-01 09:37:14.000,0.19,1.1176,2290,0.17,1.00,2781,0.19,1.1176,5,0.18,1.0588,1571,0
SPY190802C301,2019-08-01,2019-08-01 09:37:15.000,0.19,1.1176,2290,0.17,1.00,3911,0.19,1.1176,5,0.18,1.0588,1571,0
SPY190802C301,2019-08-01,2019-08-01 09:37:16.000,0.19,1.1176,2278,0.18,1.0588,262,0.19,1.1176,5,0.185,1.0882,1571,0
SPY190802C301,2019-08-01,2019-08-01 09:37:16.000,0.19,1.1176,2464,0.18,1.0588,392,0.19,1.1176,5,0.185,1.0882,1571,0
SPY190802C301,2019-08-01,2019-08-01 09:37:17.000,0.18,1.0588,347,0.17,1.00,2677,0.19,1.1176,5,0.175,1.0294,1571,0
SPY190802C301,2019-08-01,2019-08-01 09:37:17.000,0.18,1.0588,347,0.17,1.00,3784,0.19,1.1176,5,0.175,1.0294,1571,0
SPY190802C301,2019-08-01,2019-08-01 09:37:18.000,0.18,1.0588,347,0.17,1.00,2647,0.19,1.1176,5,0.175,1.0294,1571,0
SPY190802C301,2019-08-01,2019-08-01 09:37:19.000,0.18,1.0588,366,0.17,1.00,3808,0.19,1.1176,5,0.175,1.0294,1571,0
SPY190802C301,2019-08-01,2019-08-01 09:37:19.000,0.18,1.0588,366,0.17,1.00,3811,0.19,1.1176,5,0.175,1.0294,1571,0
SPY190802C301,2019-08-01,2019-08-01 09:37:20.000,0.18,1.0588,352,0.17,1.00,2630,0.17,1.00,15,0.175,1.0294,1586,15
SPY190802C301,2019-08-01,2019-08-01 09:37:20.000,0.18,1.0588,352,0.17,1.00,3811,0.19,1.1176,5,0.175,1.0294,1571,0
SPY190802C301,2019-08-01,2019-08-01 09:37:21.000,0.18,1.0588,352,0.17,1.00,1447,0.17,1.00,15,0.175,1.0294,1586,0
SPY190802C301,2019-08-01,2019-08-01 09:37:21.000,0.18,1.0588,352,0.17,1.00,2630,0.17,1.00,15,0.175,1.0294,1586,0
SPY190802C301,2019-08-01,2019-08-01 09:37:22.000,0.18,1.0588,352,0.17,1.00,1677,0.17,1.00,15,0.175,1.0294,1586,0
SPY190802C301,2019-08-01,2019-08-01 09:37:23.000,0.18,1.0588,730,0.17,1.00,1751,0.17,1.00,15,0.175,1.0294,1586,0
SPY190802C301,2019-08-01,2019-08-01 09:37:23.000,0.18,1.0588,352,0.17,1.00,1646,0.17,1.00,15,0.175,1.0294,1586,0
SPY190802C301,2019-08-01,2019-08-01 09:37:24.000,0.18,1.0588,990,0.17,1.00,720,0.17,1.00,15,0.175,1.0294,1586,0
SPY190802C301,2019-08-01,2019-08-01 09:37:24.000,0.18,1.0588,1875,0.17,1.00,1240,0.17,1.00,15,0.175,1.0294,1586,0
SPY190802C301,2019-08-01,2019-08-01 09:37:25.000,0.18,1.0588,86,0.17,1.00,720,0.17,1.00,1,0.175,1.0294,1587,0
SPY190802C301,2019-08-01,2019-08-01 09:37:25.000,0.18,1.0588,2113,0.17,1.00,1700,0.17,1.00,1,0.175,1.0294,1587,1
SPY190802C301,2019-08-01,2019-08-01 09:37:26.000,0.18,1.0588,130,0.17,1.00,1525,0.17,1.00,1,0.175,1.0294,1587,0
SPY190802C301,2019-08-01,2019-08-01 09:37:26.000,0.18,1.0588,365,0.17,1.00,619,0.17,1.00,1,0.175,1.0294,1587,0
SPY190802C301,2019-08-01,2019-08-01 09:37:27.000,0.18,1.0588,130,0.17,1.00,1787,0.17,1.00,1,0.175,1.0294,1587,0
SPY190802C301,2019-08-01,2019-08-01 09:37:28.000,0.18,1.0588,880,0.17,1.00,1679,0.17,1.00,1,0.175,1.0294,1587,0
SPY190802C301,2019-08-01,2019-08-01 09:37:29.000,0.18,1.0588,725,0.17,1.00,1589,0.17,1.00,1,0.175,1.0294,1587,0
SPY190802C301,2019-08-01,2019-08-01 09:37:29.000,0.18,1.0588,725,0.17,1.00,1710,0.17,1.00,1,0.175,1.0294,1587,0
SPY190802C301,2019-08-01,2019-08-01 09:37:30.000,0.18,1.0588,240,0.17,1.00,1721,0.17,1.00,1,0.175,1.0294,1587,0
SPY190802C301,2019-08-01,2019-08-01 09:37:30.000,0.18,1.0588,240,0.17,1.00,2330,0.17,1.00,1,0.175,1.0294,1587,0
SPY190802C301,2019-08-01,2019-08-01 09:37:31.000,0.18,1.0588,1123,0.17,1.00,1031,0.17,1.00,1,0.175,1.0294,1587,0
SPY190802C301,2019-08-01,2019-08-01 09:37:31.000,0.18,1.0588,519,0.17,1.00,1364,0.17,1.00,1,0.175,1.0294,1587,0
SPY190802C301,2019-08-01,2019-08-01 09:37:32.000,0.18,1.0588,1821,0.17,1.00,1031,0.17,1.00,1,0.175,1.0294,1587,0
SPY190802C301,2019-08-01,2019-08-01 09:37:33.000,0.18,1.0588,1821,0.17,1.00,1031,0.17,1.00,1,0.175,1.0294,1587,0
SPY190802C301,2019-08-01,2019-08-01 09:37:34.000,0.18,1.0588,1519,0.17,1.00,1031,0.17,1.00,1,0.175,1.0294,1587,0
SPY190802C301,2019-08-01,2019-08-01 09:37:34.000,0.18,1.0588,2319,0.17,1.00,329,0.17,1.00,1,0.175,1.0294,1587,0
SPY190802C301,2019-08-01,2019-08-01 09:37:35.000,0.18,1.0588,2319,0.17,1.00,329,0.17,1.00,1,0.175,1.0294,1587,0
SPY190802C301,2019-08-01,2019-08-01 09:37:35.000,0.18,1.0588,1877,0.17,1.00,333,0.17,1.00,1,0.175,1.0294,1587,0
SPY190802C301,2019-08-01,2019-08-01 09:37:36.000,0.18,1.0588,2846,0.17,1.00,513,0.17,1.00,1,0.175,1.0294,1587,0
SPY190802C301,2019-08-01,2019-08-01 09:37:36.000,0.18,1.0588,2430,0.17,1.00,513,0.17,1.00,1,0.175,1.0294,1587,0
SPY190802C301,2019-08-01,2019-08-01 09:37:37.000,0.18,1.0588,2430,0.17,1.00,513,0.17,1.00,1,0.175,1.0294,1587,0
SPY190802C301,2019-08-01,2019-08-01 09:37:37.000,0.18,1.0588,2299,0.17,1.00,513,0.17,1.00,1,0.175,1.0294,1587,0
SPY190802C301,2019-08-01,2019-08-01 09:37:38.000,0.18,1.0588,1314,0.17,1.00,757,0.17,1.00,1,0.175,1.0294,1587,0
SPY190802C301,2019-08-01,2019-08-01 09:37:39.000,0.18,1.0588,365,0.17,1.00,1746,0.17,1.00,1,0.175,1.0294,1587,0
SPY190802C301,2019-08-01,2019-08-01 09:37:39.000,0.18,1.0588,365,0.17,1.00,487,0.17,1.00,1,0.175,1.0294,1588,1
SPY190802C301,2019-08-01,2019-08-01 09:37:40.000,0.18,1.0588,1577,0.17,1.00,513,0.17,1.00,1,0.175,1.0294,1588,0
SPY190802C301,2019-08-01,2019-08-01 09:37:40.000,0.18,1.0588,1454,0.17,1.00,549,0.18,1.0588,1,0.175,1.0294,1589,1
SPY190802C301,2019-08-01,2019-08-01 09:37:41.000,0.18,1.0588,2246,0.17,1.00,549,0.18,1.0588,1,0.175,1.0294,1589,0
SPY190802C301,2019-08-01,2019-08-01 09:37:42.000,0.18,1.0588,2283,0.17,1.00,404,0.18,1.0588,1,0.175,1.0294,1589,0
SPY190802C301,2019-08-01,2019-08-01 09:37:42.000,0.18,1.0588,2246,0.17,1.00,404,0.18,1.0588,1,0.175,1.0294,1589,0
SPY190802C301,2019-08-01,2019-08-01 09:37:43.000,0.18,1.0588,2282,0.17,1.00,404,0.18,1.0588,1,0.175,1.0294,1589,0
SPY190802C301,2019-08-01,2019-08-01 09:37:43.000,0.18,1.0588,2284,0.17,1.00,404,0.18,1.0588,1,0.175,1.0294,1589,0
SPY190802C301,2019-08-01,2019-08-01 09:37:44.000,0.18,1.0588,1778,0.17,1.00,502,0.17,1.00,1,0.175,1.0294,1600,1
SPY190802C301,2019-08-01,2019-08-01 09:37:44.000,0.18,1.0588,1031,0.17,1.00,436,0.18,1.0588,6,0.175,1.0294,1599,10
SPY190802C301,2019-08-01,2019-08-01 09:37:45.000,0.18,1.0588,1778,0.17,1.00,632,0.17,1.00,1,0.175,1.0294,1600,0
SPY190802C301,2019-08-01,2019-08-01 09:37:46.000,0.18,1.0588,1380,0.17,1.00,568,0.17,1.00,1,0.175,1.0294,1600,0
SPY190802C301,2019-08-01,2019-08-01 09:37:47.000,0.18,1.0588,1609,0.17,1.00,144,0.17,1.00,1,0.175,1.0294,1600,0
SPY190802C301,2019-08-01,2019-08-01 09:37:47.000,0.18,1.0588,2143,0.17,1.00,458,0.17,1.00,1,0.175,1.0294,1601,1
SPY190802C301,2019-08-01,2019-08-01 09:37:48.000,0.18,1.0588,2143,0.17,1.00,503,0.17,1.00,1,0.175,1.0294,1601,0
SPY190802C301,2019-08-01,2019-08-01 09:37:49.000,0.18,1.0588,2143,0.17,1.00,588,0.17,1.00,1,0.175,1.0294,1601,0
SPY190802C301,2019-08-01,2019-08-01 09:37:49.000,0.18,1.0588,1628,0.17,1.00,273,0.17,1.00,1,0.175,1.0294,1601,0
SPY190802C301,2019-08-01,2019-08-01 09:37:50.000,0.18,1.0588,961,0.17,1.00,273,0.17,1.00,1,0.175,1.0294,1601,0
SPY190802C301,2019-08-01,2019-08-01 09:37:50.000,0.18,1.0588,559,0.17,1.00,470,0.17,1.00,1,0.175,1.0294,1601,0
SPY190802C301,2019-08-01,2019-08-01 09:37:51.000,0.18,1.0588,1457,0.17,1.00,902,0.17,1.00,1,0.175,1.0294,1601,0
SPY190802C301,2019-08-01,2019-08-01 09:37:52.000,0.18,1.0588,1457,0.17,1.00,511,0.18,1.0588,1,0.175,1.0294,1602,1
SPY190802C301,2019-08-01,2019-08-01 09:37:52.000,0.18,1.0588,1457,0.17,1.00,902,0.17,1.00,1,0.175,1.0294,1601,0
SPY190802C301,2019-08-01,2019-08-01 09:37:53.000,0.18,1.0588,2296,0.17,1.00,1082,0.18,1.0588,1,0.175,1.0294,1602,0
SPY190802C301,2019-08-01,2019-08-01 09:37:53.000,0.18,1.0588,1420,0.17,1.00,511,0.18,1.0588,1,0.175,1.0294,1602,0
SPY190802C301,2019-08-01,2019-08-01 09:37:54.000,0.18,1.0588,565,0.17,1.00,2662,0.18,1.0588,1,0.175,1.0294,1602,0
SPY190802C301,2019-08-01,2019-08-01 09:37:55.000,0.18,1.0588,495,0.17,1.00,2110,0.17,1.00,100,0.175,1.0294,1702,0
SPY190802C301,2019-08-01,2019-08-01 09:37:55.000,0.18,1.0588,1381,0.17,1.00,2913,0.17,1.00,100,0.175,1.0294,1702,100
SPY190802C301,2019-08-01,2019-08-01 09:37:56.000,0.18,1.0588,495,0.17,1.00,2110,0.17,1.00,100,0.175,1.0294,1702,0
SPY190802C301,2019-08-01,2019-08-01 09:37:57.000,0.18,1.0588,495,0.17,1.00,2358,0.17,1.00,100,0.175,1.0294,1702,0
SPY190802C301,2019-08-01,2019-08-01 09:37:58.000,0.18,1.0588,858,0.17,1.00,4017,0.17,1.00,100,0.175,1.0294,1702,0
SPY190802C301,2019-08-01,2019-08-01 09:37:59.000,0.18,1.0588,19,0.17,1.00,1987,0.17,1.00,100,0.175,1.0294,1702,0
SPY190802C301,2019-08-01,2019-08-01 09:38:00.000,0.18,1.0588,19,0.17,1.00,4258,0.17,1.00,100,0.175,1.0294,1702,0
SPY190802C301,2019-08-01,2019-08-01 09:38:00.000,0.18,1.0588,104,0.17,1.00,3001,0.17,1.00,100,0.175,1.0294,1702,0
SPY190802C301,2019-08-01,2019-08-01 09:38:01.000,0.18,1.0588,104,0.17,1.00,2347,0.17,1.00,100,0.175,1.0294,1702,0
SPY190802C301,2019-08-01,2019-08-01 09:38:01.000,0.18,1.0588,24,0.17,1.00,2018,0.17,1.00,100,0.175,1.0294,1702,0
SPY190802C301,2019-08-01,2019-08-01 09:38:02.000,0.18,1.0588,392,0.17,1.00,2227,0.17,1.00,100,0.175,1.0294,1702,0
SPY190802C301,2019-08-01,2019-08-01 09:38:03.000,0.18,1.0588,484,0.17,1.00,2848,0.17,1.00,100,0.175,1.0294,1702,0
SPY190802C301,2019-08-01,2019-08-01 09:38:03.000,0.18,1.0588,673,0.17,1.00,2551,0.17,1.00,100,0.175,1.0294,1702,0
SPY190802C301,2019-08-01,2019-08-01 09:38:04.000,0.18,1.0588,534,0.17,1.00,1695,0.17,1.00,100,0.175,1.0294,1702,0
SPY190802C301,2019-08-01,2019-08-01 09:38:04.000,0.18,1.0588,484,0.17,1.00,1695,0.17,1.00,100,0.175,1.0294,1702,0
SPY190802C301,2019-08-01,2019-08-01 09:38:05.000,0.18,1.0588,455,0.17,1.00,2427,0.17,1.00,100,0.175,1.0294,1702,0
SPY190802C301,2019-08-01,2019-08-01 09:38:05.000,0.18,1.0588,532,0.17,1.00,1725,0.17,1.00,100,0.175,1.0294,1702,0
SPY190802C301,2019-08-01,2019-08-01 09:38:06.000,0.18,1.0588,389,0.17,1.00,1725,0.17,1.00,100,0.175,1.0294,1702,0
SPY190802C301,2019-08-01,2019-08-01 09:38:06.000,0.18,1.0588,532,0.17,1.00,1725,0.17,1.00,100,0.175,1.0294,1702,0
SPY190802C301,2019-08-01,2019-08-01 09:38:07.000,0.18,1.0588,906,0.17,1.00,2395,0.17,1.00,100,0.175,1.0294,1702,0
SPY190802C301,2019-08-01,2019-08-01 09:38:08.000,0.18,1.0588,250,0.17,1.00,1859,0.17,1.00,100,0.175,1.0294,1702,0
SPY190802C301,2019-08-01,2019-08-01 09:38:08.000,0.18,1.0588,2002,0.17,1.00,2604,0.17,1.00,100,0.175,1.0294,1702,0
SPY190802C301,2019-08-01,2019-08-01 09:38:09.000,0.18,1.0588,689,0.17,1.00,1318,0.17,1.00,100,0.175,1.0294,1702,0
SPY190802C301,2019-08-01,2019-08-01 09:38:09.000,0.18,1.0588,366,0.17,1.00,1740,0.17,1.00,100,0.175,1.0294,1702,0
SPY190802C301,2019-08-01,2019-08-01 09:38:10.000,0.18,1.0588,538,0.17,1.00,2882,0.17,1.00,100,0.175,1.0294,1702,0
SPY190802C301,2019-08-01,2019-08-01 09:38:10.000,0.18,1.0588,538,0.17,1.00,1442,0.17,1.00,100,0.175,1.0294,1702,0
SPY190802C301,2019-08-01,2019-08-01 09:38:11.000,0.18,1.0588,520,0.17,1.00,1266,0.17,1.00,100,0.175,1.0294,1702,0
SPY190802C301,2019-08-01,2019-08-01 09:38:12.000,0.18,1.0588,520,0.17,1.00,1999,0.17,1.00,100,0.175,1.0294,1702,0
SPY190802C301,2019-08-01,2019-08-01 09:38:12.000,0.18,1.0588,1349,0.17,1.00,1807,0.17,1.00,100,0.175,1.0294,1702,0
SPY190802C301,2019-08-01,2019-08-01 09:38:13.000,0.18,1.0588,1195,0.17,1.00,1999,0.17,1.00,100,0.175,1.0294,1702,0
SPY190802C301,2019-08-01,2019-08-01 09:38:13.000,0.18,1.0588,1593,0.17,1.00,1807,0.17,1.00,100,0.175,1.0294,1702,0
SPY190802C301,2019-08-01,2019-08-01 09:38:14.000,0.18,1.0588,1593,0.17,1.00,2383,0.17,1.00,100,0.175,1.0294,1702,0
SPY190802C301,2019-08-01,2019-08-01 09:38:15.000,0.18,1.0588,1039,0.17,1.00,1915,0.17,1.00,100,0.175,1.0294,1702,0
SPY190802C301,2019-08-01,2019-08-01 09:38:15.000,0.18,1.0588,745,0.17,1.00,1915,0.17,1.00,100,0.175,1.0294,1702,0
SPY190802C301,2019-08-01,2019-08-01 09:38:16.000,0.18,1.0588,1308,0.17,1.00,2169,0.17,1.00,100,0.175,1.0294,1702,0
SPY190802C301,2019-08-01,2019-08-01 09:38:17.000,0.18,1.0588,353,0.17,1.00,2047,0.17,1.00,100,0.175,1.0294,1702,0
SPY190802C301,2019-08-01,2019-08-01 09:38:18.000,0.18,1.0588,720,0.17,1.00,2568,0.17,1.00,100,0.175,1.0294,1702,0
SPY190802C301,2019-08-01,2019-08-01 09:38:19.000,0.18,1.0588,713,0.17,1.00,2780,0.17,1.00,100,0.175,1.0294,1702,0
SPY190802C301,2019-08-01,2019-08-01 09:38:19.000,0.18,1.0588,265,0.17,1.00,2568,0.17,1.00,100,0.175,1.0294,1702,0
SPY190802C301,2019-08-01,2019-08-01 09:38:20.000,0.18,1.0588,960,0.17,1.00,2430,0.17,1.00,100,0.175,1.0294,1702,0
SPY190802C301,2019-08-01,2019-08-01 09:38:20.000,0.18,1.0588,960,0.17,1.00,3993,0.17,1.00,100,0.175,1.0294,1702,0
SPY190802C301,2019-08-01,2019-08-01 09:38:21.000,0.18,1.0588,2213,0.17,1.00,3883,0.17,1.00,20,0.175,1.0294,1722,0
SPY190802C301,2019-08-01,2019-08-01 09:38:21.000,0.18,1.0588,960,0.17,1.00,3601,0.17,1.00,20,0.175,1.0294,1722,20
SPY190802C301,2019-08-01,2019-08-01 09:38:22.000,0.18,1.0588,2213,0.17,1.00,3883,0.17,1.00,20,0.175,1.0294,1722,0
SPY190802C301,2019-08-01,2019-08-01 09:38:23.000,0.18,1.0588,2213,0.17,1.00,3883,0.17,1.00,20,0.175,1.0294,1722,0
SPY190802C301,2019-08-01,2019-08-01 09:38:24.000,0.18,1.0588,1902,0.17,1.00,3883,0.17,1.00,20,0.175,1.0294,1722,0
SPY190802C301,2019-08-01,2019-08-01 09:38:25.000,0.18,1.0588,995,0.17,1.00,2556,0.18,1.0588,9,0.175,1.0294,1762,40
SPY190802C301,2019-08-01,2019-08-01 09:38:25.000,0.18,1.0588,995,0.17,1.00,2556,0.18,1.0588,9,0.175,1.0294,1762,0
SPY190802C301,2019-08-01,2019-08-01 09:38:26.000,0.18,1.0588,937,0.17,1.00,1494,0.18,1.0588,9,0.175,1.0294,1762,0
SPY190802C301,2019-08-01,2019-08-01 09:38:26.000,0.18,1.0588,1703,0.17,1.00,1878,0.18,1.0588,9,0.175,1.0294,1762,0
SPY190802C301,2019-08-01,2019-08-01 09:38:27.000,0.18,1.0588,1451,0.17,1.00,992,0.18,1.0588,9,0.175,1.0294,1762,0
SPY190802C301,2019-08-01,2019-08-01 09:38:27.000,0.18,1.0588,1580,0.17,1.00,1573,0.18,1.0588,9,0.175,1.0294,1762,0
SPY190802C301,2019-08-01,2019-08-01 09:38:28.000,0.18,1.0588,1693,0.17,1.00,2131,0.18,1.0588,9,0.175,1.0294,1762,0
SPY190802C301,2019-08-01,2019-08-01 09:38:29.000,0.18,1.0588,1693,0.17,1.00,1780,0.18,1.0588,9,0.175,1.0294,1762,0
SPY190802C301,2019-08-01,2019-08-01 09:38:29.000,0.18,1.0588,1704,0.17,1.00,348,0.18,1.0588,9,0.175,1.0294,1762,0
SPY190802C301,2019-08-01,2019-08-01 09:38:30.000,0.18,1.0588,2147,0.16,0.9411,5284,0.18,1.0588,9,0.17,1.00,1762,0
SPY190802C301,2019-08-01,2019-08-01 09:38:30.000,0.17,1.00,5,0.16,0.9411,5515,0.18,1.0588,9,0.165,0.9705,1762,0
SPY190802C301,2019-08-01,2019-08-01 09:38:31.000,0.18,1.0588,1639,0.16,0.9411,4186,0.17,1.00,3,0.17,1.00,1765,0
SPY190802C301,2019-08-01,2019-08-01 09:38:31.000,0.18,1.0588,2206,0.16,0.9411,3162,0.17,1.00,3,0.17,1.00,1765,3
SPY190802C301,2019-08-01,2019-08-01 09:38:32.000,0.18,1.0588,1460,0.16,0.9411,4186,0.17,1.00,3,0.17,1.00,1765,0
SPY190802C301,2019-08-01,2019-08-01 09:38:33.000,0.18,1.0588,1808,0.16,0.9411,4815,0.17,1.00,3,0.17,1.00,1765,0
SPY190802C301,2019-08-01,2019-08-01 09:38:33.000,0.18,1.0588,1883,0.16,0.9411,4815,0.17,1.00,3,0.17,1.00,1765,0
SPY190802C301,2019-08-01,2019-08-01 09:38:34.000,0.18,1.0588,1451,0.17,1.00,86,0.17,1.00,3,0.175,1.0294,1765,0
SPY190802C301,2019-08-01,2019-08-01 09:38:34.000,0.18,1.0588,1885,0.16,0.9411,4906,0.17,1.00,3,0.17,1.00,1765,0
SPY190802C301,2019-08-01,2019-08-01 09:38:35.000,0.17,1.00,66,0.16,0.9411,3981,0.17,1.00,3,0.165,0.9705,1765,0
SPY190802C301,2019-08-01,2019-08-01 09:38:36.000,0.17,1.00,66,0.16,0.9411,3929,0.17,1.00,3,0.165,0.9705,1765,0
SPY190802C301,2019-08-01,2019-08-01 09:38:37.000,0.17,1.00,73,0.16,0.9411,2333,0.17,1.00,3,0.165,0.9705,1765,0
SPY190802C301,2019-08-01,2019-08-01 09:38:38.000,0.17,1.00,258,0.16,0.9411,2648,0.17,1.00,3,0.165,0.9705,1765,0
SPY190802C301,2019-08-01,2019-08-01 09:38:38.000,0.17,1.00,293,0.16,0.9411,3070,0.17,1.00,3,0.165,0.9705,1765,0
SPY190802C301,2019-08-01,2019-08-01 09:38:39.000,0.17,1.00,473,0.16,0.9411,2307,0.17,1.00,3,0.165,0.9705,1765,0
SPY190802C301,2019-08-01,2019-08-01 09:38:40.000,0.17,1.00,413,0.16,0.9411,2864,0.17,1.00,3,0.165,0.9705,1765,0
SPY190802C301,2019-08-01,2019-08-01 09:38:40.000,0.17,1.00,413,0.16,0.9411,2448,0.17,1.00,3,0.165,0.9705,1765,0
SPY190802C301,2019-08-01,2019-08-01 09:38:41.000,0.17,1.00,353,0.16,0.9411,2616,0.17,1.00,3,0.165,0.9705,1765,0
SPY190802C301,2019-08-01,2019-08-01 09:38:41.000,0.17,1.00,353,0.16,0.9411,2298,0.17,1.00,3,0.165,0.9705,1765,0
SPY190802C301,2019-08-01,2019-08-01 09:38:42.000,0.17,1.00,475,0.16,0.9411,1939,0.17,1.00,1,0.165,0.9705,1766,1
SPY190802C301,2019-08-01,2019-08-01 09:38:42.000,0.17,1.00,671,0.16,0.9411,2298,0.17,1.00,3,0.165,0.9705,1765,0
SPY190802C301,2019-08-01,2019-08-01 09:38:43.000,0.17,1.00,517,0.16,0.9411,1939,0.16,0.9411,1,0.165,0.9705,1767,1
SPY190802C301,2019-08-01,2019-08-01 09:38:43.000,0.17,1.00,517,0.16,0.9411,3420,0.16,0.9411,1,0.165,0.9705,1767,0
SPY190802C301,2019-08-01,2019-08-01 09:38:44.000,0.17,1.00,451,0.16,0.9411,3420,0.16,0.9411,1,0.165,0.9705,1767,0
SPY190802C301,2019-08-01,2019-08-01 09:38:45.000,0.17,1.00,451,0.16,0.9411,3420,0.16,0.9411,1,0.165,0.9705,1767,0
SPY190802C301,2019-08-01,2019-08-01 09:38:45.000,0.17,1.00,66,0.16,0.9411,2977,0.16,0.9411,1,0.165,0.9705,1767,0
SPY190802C301,2019-08-01,2019-08-01 09:38:46.000,0.17,1.00,20,0.16,0.9411,3566,0.16,0.9411,1,0.165,0.9705,1767,0
SPY190802C301,2019-08-01,2019-08-01 09:38:46.000,0.17,1.00,107,0.16,0.9411,3747,0.16,0.9411,1,0.165,0.9705,1767,0
SPY190802C301,2019-08-01,2019-08-01 09:38:47.000,0.17,1.00,107,0.16,0.9411,3747,0.16,0.9411,1,0.165,0.9705,1767,0
SPY190802C301,2019-08-01,2019-08-01 09:38:48.000,0.17,1.00,66,0.16,0.9411,3747,0.16,0.9411,1,0.165,0.9705,1767,0
SPY190802C301,2019-08-01,2019-08-01 09:38:48.000,0.17,1.00,20,0.16,0.9411,4552,0.16,0.9411,1,0.165,0.9705,1767,0
SPY190802C301,2019-08-01,2019-08-01 09:38:49.000,0.17,1.00,61,0.16,0.9411,3325,0.16,0.9411,1,0.165,0.9705,1767,0
SPY190802C301,2019-08-01,2019-08-01 09:38:50.000,0.17,1.00,61,0.16,0.9411,3325,0.16,0.9411,1,0.165,0.9705,1767,0
SPY190802C301,2019-08-01,2019-08-01 09:38:51.000,0.17,1.00,66,0.16,0.9411,3747,0.16,0.9411,1,0.165,0.9705,1767,0
SPY190802C301,2019-08-01,2019-08-01 09:38:51.000,0.17,1.00,61,0.16,0.9411,3325,0.16,0.9411,1,0.165,0.9705,1767,0
SPY190802C301,2019-08-01,2019-08-01 09:38:52.000,0.17,1.00,15,0.16,0.9411,3747,0.16,0.9411,1,0.165,0.9705,1767,0
SPY190802C301,2019-08-01,2019-08-01 09:38:53.000,0.17,1.00,15,0.16,0.9411,3747,0.17,1.00,14,0.165,0.9705,1788,21
SPY190802C301,2019-08-01,2019-08-01 09:38:53.000,0.17,1.00,66,0.16,0.9411,3747,0.16,0.9411,1,0.165,0.9705,1767,0
SPY190802C301,2019-08-01,2019-08-01 09:38:54.000,0.18,1.0588,980,0.17,1.00,1042,0.17,1.00,14,0.175,1.0294,1788,0
SPY190802C301,2019-08-01,2019-08-01 09:38:55.000,0.18,1.0588,980,0.17,1.00,1508,0.17,1.00,14,0.175,1.0294,1788,0
SPY190802C301,2019-08-01,2019-08-01 09:38:55.000,0.18,1.0588,1322,0.17,1.00,2419,0.17,1.00,14,0.175,1.0294,1788,0
SPY190802C301,2019-08-01,2019-08-01 09:38:56.000,0.18,1.0588,980,0.17,1.00,2198,0.17,1.00,14,0.175,1.0294,1788,0
SPY190802C301,2019-08-01,2019-08-01 09:38:56.000,0.18,1.0588,1322,0.17,1.00,2931,0.17,1.00,14,0.175,1.0294,1788,0
SPY190802C301,2019-08-01,2019-08-01 09:38:57.000,0.18,1.0588,260,0.17,1.00,3447,0.17,1.00,14,0.175,1.0294,1788,0
SPY190802C301,2019-08-01,2019-08-01 09:38:58.000,0.18,1.0588,461,0.17,1.00,3630,0.17,1.00,14,0.175,1.0294,1788,0
SPY190802C301,2019-08-01,2019-08-01 09:38:58.000,0.18,1.0588,260,0.17,1.00,3447,0.17,1.00,14,0.175,1.0294,1788,0
SPY190802C301,2019-08-01,2019-08-01 09:38:59.000,0.18,1.0588,491,0.17,1.00,3972,0.17,1.00,14,0.175,1.0294,1788,0
SPY190802C301,2019-08-01,2019-08-01 09:38:59.000,0.18,1.0588,271,0.17,1.00,4086,0.17,1.00,14,0.175,1.0294,1788,0
SPY190802C301,2019-08-01,2019-08-01 09:39:00.000,0.18,1.0588,271,0.17,1.00,3526,0.17,1.00,14,0.175,1.0294,1788,0
SPY190802C301,2019-08-01,2019-08-01 09:39:01.000,0.18,1.0588,27,0.17,1.00,2957,0.18,1.0588,3,0.175,1.0294,1798,10
SPY190802C301,2019-08-01,2019-08-01 09:39:01.000,0.19,1.1176,1356,0.18,1.0588,942,0.18,1.0588,7,0.185,1.0882,1841,43
SPY190802C301,2019-08-01,2019-08-01 09:39:02.000,0.19,1.1176,1356,0.18,1.0588,992,0.18,1.0588,7,0.185,1.0882,1841,0
SPY190802C301,2019-08-01,2019-08-01 09:39:03.000,0.19,1.1176,1356,0.18,1.0588,730,0.18,1.0588,60,0.185,1.0882,2042,200
SPY190802C301,2019-08-01,2019-08-01 09:39:03.000,0.19,1.1176,1356,0.18,1.0588,2218,0.18,1.0588,1,0.185,1.0882,1842,1
SPY190802C301,2019-08-01,2019-08-01 09:39:04.000,0.19,1.1176,1356,0.18,1.0588,1988,0.18,1.0588,60,0.185,1.0882,2042,0
SPY190802C301,2019-08-01,2019-08-01 09:39:04.000,0.19,1.1176,66,0.18,1.0588,2087,0.18,1.0588,60,0.185,1.0882,2042,0
SPY190802C301,2019-08-01,2019-08-01 09:39:05.000,0.19,1.1176,66,0.18,1.0588,4134,0.18,1.0588,60,0.185,1.0882,2042,0
SPY190802C301,2019-08-01,2019-08-01 09:39:05.000,0.19,1.1176,66,0.18,1.0588,2868,0.18,1.0588,60,0.185,1.0882,2042,0
SPY190802C301,2019-08-01,2019-08-01 09:39:06.000,0.19,1.1176,66,0.18,1.0588,4134,0.18,1.0588,60,0.185,1.0882,2042,0
SPY190802C301,2019-08-01,2019-08-01 09:39:06.000,0.20,1.1764,1142,0.19,1.1176,636,0.19,1.1176,1,0.195,1.147,2043,1
SPY190802C301,2019-08-01,2019-08-01 09:39:07.000,0.20,1.1764,1373,0.19,1.1176,1639,0.19,1.1176,1,0.195,1.147,2044,1
SPY190802C301,2019-08-01,2019-08-01 09:39:08.000,0.20,1.1764,114,0.19,1.1176,2298,0.19,1.1176,1,0.195,1.147,2044,0
SPY190802C301,2019-08-01,2019-08-01 09:39:08.000,0.20,1.1764,1373,0.19,1.1176,2297,0.19,1.1176,1,0.195,1.147,2044,0
SPY190802C301,2019-08-01,2019-08-01 09:39:09.000,0.20,1.1764,147,0.19,1.1176,2557,0.19,1.1176,1,0.195,1.147,2044,0
SPY190802C301,2019-08-01,2019-08-01 09:39:10.000,0.20,1.1764,153,0.19,1.1176,1972,0.19,1.1176,1,0.195,1.147,2044,0
SPY190802C301,2019-08-01,2019-08-01 09:39:10.000,0.20,1.1764,153,0.19,1.1176,2557,0.19,1.1176,1,0.195,1.147,2044,0
SPY190802C301,2019-08-01,2019-08-01 09:39:11.000,0.20,1.1764,87,0.19,1.1176,3389,0.19,1.1176,1,0.195,1.147,2044,0
SPY190802C301,2019-08-01,2019-08-01 09:39:11.000,0.20,1.1764,214,0.19,1.1176,2557,0.19,1.1176,1,0.195,1.147,2044,0
SPY190802C301,2019-08-01,2019-08-01 09:39:12.000,0.20,1.1764,362,0.19,1.1176,2722,0.19,1.1176,1,0.195,1.147,2044,0
SPY190802C301,2019-08-01,2019-08-01 09:39:13.000,0.20,1.1764,357,0.19,1.1176,2462,0.20,1.1764,2,0.195,1.147,2096,52
SPY190802C301,2019-08-01,2019-08-01 09:39:13.000,0.20,1.1764,156,0.19,1.1176,2462,0.20,1.1764,6,0.195,1.147,2102,6
SPY190802C301,2019-08-01,2019-08-01 09:39:14.000,0.20,1.1764,156,0.19,1.1176,2462,0.20,1.1764,6,0.195,1.147,2102,0
SPY190802C301,2019-08-01,2019-08-01 09:39:15.000,0.20,1.1764,156,0.19,1.1176,2462,0.20,1.1764,6,0.195,1.147,2102,0
SPY190802C301,2019-08-01,2019-08-01 09:39:15.000,0.20,1.1764,156,0.19,1.1176,3556,0.20,1.1764,6,0.195,1.147,2102,0
SPY190802C301,2019-08-01,2019-08-01 09:39:16.000,0.20,1.1764,156,0.19,1.1176,2912,0.20,1.1764,6,0.195,1.147,2102,0
SPY190802C301,2019-08-01,2019-08-01 09:39:17.000,0.20,1.1764,154,0.19,1.1176,2912,0.20,1.1764,1,0.195,1.147,2103,1
SPY190802C301,2019-08-01,2019-08-01 09:39:17.000,0.20,1.1764,154,0.19,1.1176,2912,0.20,1.1764,6,0.195,1.147,2102,0
SPY190802C301,2019-08-01,2019-08-01 09:39:18.000,0.20,1.1764,154,0.19,1.1176,2912,0.20,1.1764,1,0.195,1.147,2103,0
SPY190802C301,2019-08-01,2019-08-01 09:39:18.000,0.20,1.1764,292,0.19,1.1176,2273,0.20,1.1764,75,0.195,1.147,2261,158
SPY190802C301,2019-08-01,2019-08-01 09:39:19.000,0.20,1.1764,336,0.19,1.1176,978,0.20,1.1764,75,0.195,1.147,2261,0
SPY190802C301,2019-08-01,2019-08-01 09:39:19.000,0.20,1.1764,1539,0.19,1.1176,905,0.20,1.1764,75,0.195,1.147,2261,0
SPY190802C301,2019-08-01,2019-08-01 09:39:20.000,0.20,1.1764,2026,0.19,1.1176,1327,0.20,1.1764,75,0.195,1.147,2261,0
SPY190802C301,2019-08-01,2019-08-01 09:39:21.000,0.20,1.1764,1710,0.19,1.1176,927,0.19,1.1176,100,0.195,1.147,2361,0
SPY190802C301,2019-08-01,2019-08-01 09:39:21.000,0.20,1.1764,1512,0.19,1.1176,1072,0.19,1.1176,100,0.195,1.147,2361,100
SPY190802C301,2019-08-01,2019-08-01 09:39:22.000,0.20,1.1764,1710,0.19,1.1176,1311,0.19,1.1176,100,0.195,1.147,2361,0
SPY190802C301,2019-08-01,2019-08-01 09:39:22.000,0.20,1.1764,1959,0.19,1.1176,1311,0.19,1.1176,100,0.195,1.147,2361,0
SPY190802C301,2019-08-01,2019-08-01 09:39:23.000,0.20,1.1764,2109,0.19,1.1176,905,0.19,1.1176,100,0.195,1.147,2361,0
SPY190802C301,2019-08-01,2019-08-01 09:39:23.000,0.20,1.1764,1928,0.19,1.1176,905,0.19,1.1176,100,0.195,1.147,2361,0
SPY190802C301,2019-08-01,2019-08-01 09:39:24.000,0.20,1.1764,1928,0.19,1.1176,1224,0.19,1.1176,100,0.195,1.147,2361,0
SPY190802C301,2019-08-01,2019-08-01 09:39:25.000,0.20,1.1764,1452,0.19,1.1176,996,0.19,1.1176,100,0.195,1.147,2361,0
SPY190802C301,2019-08-01,2019-08-01 09:39:25.000,0.20,1.1764,1373,0.19,1.1176,1257,0.19,1.1176,100,0.195,1.147,2361,0
SPY190802C301,2019-08-01,2019-08-01 09:39:26.000,0.20,1.1764,774,0.19,1.1176,669,0.19,1.1176,100,0.195,1.147,2361,0
SPY190802C301,2019-08-01,2019-08-01 09:39:26.000,0.20,1.1764,433,0.19,1.1176,691,0.19,1.1176,100,0.195,1.147,2361,0
SPY190802C301,2019-08-01,2019-08-01 09:39:27.000,0.20,1.1764,189,0.19,1.1176,996,0.19,1.1176,100,0.195,1.147,2361,0
SPY190802C301,2019-08-01,2019-08-01 09:39:27.000,0.20,1.1764,189,0.19,1.1176,2418,0.19,1.1176,100,0.195,1.147,2361,0
SPY190802C301,2019-08-01,2019-08-01 09:39:28.000,0.20,1.1764,10,0.19,1.1176,2418,0.20,1.1764,1,0.195,1.147,2362,1
SPY190802C301,2019-08-01,2019-08-01 09:39:28.000,0.20,1.1764,10,0.19,1.1176,2821,0.20,1.1764,1,0.195,1.147,2362,0
SPY190802C301,2019-08-01,2019-08-01 09:39:29.000,0.20,1.1764,85,0.19,1.1176,3131,0.19,1.1176,10,0.195,1.147,2372,10
SPY190802C301,2019-08-01,2019-08-01 09:39:30.000,0.20,1.1764,424,0.19,1.1176,2496,0.19,1.1176,10,0.195,1.147,2372,0
SPY190802C301,2019-08-01,2019-08-01 09:39:30.000,0.20,1.1764,85,0.19,1.1176,3079,0.19,1.1176,10,0.195,1.147,2372,0
SPY190802C301,2019-08-01,2019-08-01 09:39:31.000,0.20,1.1764,86,0.19,1.1176,2058,0.19,1.1176,10,0.195,1.147,2372,0
SPY190802C301,2019-08-01,2019-08-01 09:39:31.000,0.20,1.1764,424,0.19,1.1176,2116,0.19,1.1176,10,0.195,1.147,2372,0
SPY190802C301,2019-08-01,2019-08-01 09:39:32.000,0.20,1.1764,906,0.19,1.1176,1249,0.20,1.1764,10,0.195,1.147,2382,0
SPY190802C301,2019-08-01,2019-08-01 09:39:32.000,0.20,1.1764,35,0.19,1.1176,2876,0.20,1.1764,10,0.195,1.147,2382,10
SPY190802C301,2019-08-01,2019-08-01 09:39:33.000,0.20,1.1764,915,0.19,1.1176,1757,0.20,1.1764,10,0.195,1.147,2382,0
SPY190802C301,2019-08-01,2019-08-01 09:39:33.000,0.20,1.1764,1337,0.19,1.1176,1191,0.19,1.1176,4,0.195,1.147,2386,4
SPY190802C301,2019-08-01,2019-08-01 09:39:34.000,0.20,1.1764,1337,0.19,1.1176,1607,0.19,1.1176,4,0.195,1.147,2386,0
SPY190802C301,2019-08-01,2019-08-01 09:39:35.000,0.20,1.1764,1337,0.19,1.1176,2028,0.19,1.1176,4,0.195,1.147,2386,0
SPY190802C301,2019-08-01,2019-08-01 09:39:35.000,0.20,1.1764,110,0.19,1.1176,1463,0.19,1.1176,4,0.195,1.147,2386,0
SPY190802C301,2019-08-01,2019-08-01 09:39:36.000,0.20,1.1764,493,0.19,1.1176,2195,0.19,1.1176,4,0.195,1.147,2386,0
SPY190802C301,2019-08-01,2019-08-01 09:39:36.000,0.20,1.1764,493,0.19,1.1176,1688,0.19,1.1176,4,0.195,1.147,2386,0
SPY190802C301,2019-08-01,2019-08-01 09:39:37.000,0.20,1.1764,439,0.19,1.1176,1607,0.19,1.1176,4,0.195,1.147,2386,0
SPY190802C301,2019-08-01,2019-08-01 09:39:38.000,0.20,1.1764,424,0.19,1.1176,1232,0.19,1.1176,4,0.195,1.147,2386,0
SPY190802C301,2019-08-01,2019-08-01 09:39:38.000,0.20,1.1764,424,0.19,1.1176,2028,0.19,1.1176,4,0.195,1.147,2386,0
SPY190802C301,2019-08-01,2019-08-01 09:39:39.000,0.20,1.1764,834,0.19,1.1176,802,0.19,1.1176,4,0.195,1.147,2386,0
SPY190802C301,2019-08-01,2019-08-01 09:39:40.000,0.20,1.1764,1044,0.19,1.1176,833,0.19,1.1176,100,0.195,1.147,2486,100
SPY190802C301,2019-08-01,2019-08-01 09:39:40.000,0.20,1.1764,1305,0.19,1.1176,1112,0.20,1.1764,2,0.195,1.147,2488,2
SPY190802C301,2019-08-01,2019-08-01 09:39:41.000,0.20,1.1764,2184,0.19,1.1176,1390,0.20,1.1764,2,0.195,1.147,2488,0
SPY190802C301,2019-08-01,2019-08-01 09:39:42.000,0.20,1.1764,1401,0.19,1.1176,1340,0.20,1.1764,2,0.195,1.147,2488,0
SPY190802C301,2019-08-01,2019-08-01 09:39:43.000,0.20,1.1764,2184,0.19,1.1176,1936,0.20,1.1764,2,0.195,1.147,2488,0
SPY190802C301,2019-08-01,2019-08-01 09:39:44.000,0.20,1.1764,2093,0.19,1.1176,1954,0.20,1.1764,2,0.195,1.147,2488,0
SPY190802C301,2019-08-01,2019-08-01 09:39:44.000,0.20,1.1764,696,0.19,1.1176,966,0.20,1.1764,2,0.195,1.147,2488,0
SPY190802C301,2019-08-01,2019-08-01 09:39:45.000,0.20,1.1764,1384,0.19,1.1176,1764,0.20,1.1764,2,0.195,1.147,2488,0
SPY190802C301,2019-08-01,2019-08-01 09:39:46.000,0.20,1.1764,2147,0.19,1.1176,2112,0.20,1.1764,2,0.195,1.147,2488,0
SPY190802C301,2019-08-01,2019-08-01 09:39:46.000,0.20,1.1764,1384,0.19,1.1176,2035,0.20,1.1764,2,0.195,1.147,2488,0
SPY190802C301,2019-08-01,2019-08-01 09:39:47.000,0.20,1.1764,2167,0.19,1.1176,2114,0.20,1.1764,2,0.195,1.147,2488,0
SPY190802C301,2019-08-01,2019-08-01 09:39:47.000,0.20,1.1764,2037,0.19,1.1176,2230,0.20,1.1764,2,0.195,1.147,2488,0
SPY190802C301,2019-08-01,2019-08-01 09:39:48.000,0.20,1.1764,1404,0.19,1.1176,1600,0.20,1.1764,2,0.195,1.147,2488,0
SPY190802C301,2019-08-01,2019-08-01 09:39:48.000,0.20,1.1764,1305,0.19,1.1176,1184,0.20,1.1764,2,0.195,1.147,2488,0
SPY190802C301,2019-08-01,2019-08-01 09:39:49.000,0.20,1.1764,1734,0.19,1.1176,1940,0.20,1.1764,2,0.195,1.147,2488,0
SPY190802C301,2019-08-01,2019-08-01 09:39:50.000,0.20,1.1764,2187,0.19,1.1176,1918,0.20,1.1764,2,0.195,1.147,2488,0
SPY190802C301,2019-08-01,2019-08-01 09:39:50.000,0.20,1.1764,979,0.19,1.1176,366,0.20,1.1764,2,0.195,1.147,2488,0
SPY190802C301,2019-08-01,2019-08-01 09:39:51.000,0.20,1.1764,1422,0.19,1.1176,125,0.20,1.1764,2,0.195,1.147,2488,0
SPY190802C301,2019-08-01,2019-08-01 09:39:51.000,0.20,1.1764,979,0.19,1.1176,366,0.20,1.1764,2,0.195,1.147,2488,0
SPY190802C301,2019-08-01,2019-08-01 09:39:52.000,0.20,1.1764,2098,0.19,1.1176,125,0.20,1.1764,2,0.195,1.147,2488,0
SPY190802C301,2019-08-01,2019-08-01 09:39:52.000,0.20,1.1764,1422,0.19,1.1176,125,0.20,1.1764,2,0.195,1.147,2488,0
SPY190802C301,2019-08-01,2019-08-01 09:39:53.000,0.20,1.1764,2709,0.19,1.1176,125,0.20,1.1764,2,0.195,1.147,2488,0
SPY190802C301,2019-08-01,2019-08-01 09:39:54.000,0.20,1.1764,3114,0.19,1.1176,125,0.20,1.1764,2,0.195,1.147,2488,0
SPY190802C301,2019-08-01,2019-08-01 09:39:55.000,0.20,1.1764,3103,0.19,1.1176,125,0.20,1.1764,2,0.195,1.147,2488,0
SPY190802C301,2019-08-01,2019-08-01 09:39:55.000,0.20,1.1764,3114,0.19,1.1176,125,0.20,1.1764,2,0.195,1.147,2488,0
SPY190802C301,2019-08-01,2019-08-01 09:39:56.000,0.20,1.1764,1395,0.19,1.1176,550,0.20,1.1764,2,0.195,1.147,2488,0
SPY190802C301,2019-08-01,2019-08-01 09:39:56.000,0.20,1.1764,979,0.19,1.1176,848,0.20,1.1764,2,0.195,1.147,2488,0
SPY190802C301,2019-08-01,2019-08-01 09:39:57.000,0.20,1.1764,1893,0.19,1.1176,377,0.20,1.1764,2,0.195,1.147,2488,0
SPY190802C301,2019-08-01,2019-08-01 09:39:58.000,0.20,1.1764,1196,0.19,1.1176,613,0.20,1.1764,2,0.195,1.147,2488,0
SPY190802C301,2019-08-01,2019-08-01 09:39:58.000,0.20,1.1764,1893,0.19,1.1176,439,0.20,1.1764,2,0.195,1.147,2488,0
SPY190802C301,2019-08-01,2019-08-01 09:39:59.000,0.20,1.1764,425,0.19,1.1176,1996,0.20,1.1764,2,0.195,1.147,2488,0
SPY190802C301,2019-08-01,2019-08-01 09:40:00.000,0.20,1.1764,633,0.19,1.1176,644,0.20,1.1764,2,0.195,1.147,2488,0
SPY190802C301,2019-08-01,2019-08-01 09:40:01.000,0.20,1.1764,1406,0.19,1.1176,1310,0.20,1.1764,2,0.195,1.147,2488,0
SPY190802C301,2019-08-01,2019-08-01 09:40:01.000,0.20,1.1764,377,0.19,1.1176,1931,0.19,1.1176,100,0.195,1.147,2588,100
SPY190802C301,2019-08-01,2019-08-01 09:40:02.000,0.20,1.1764,408,0.19,1.1176,3231,0.19,1.1176,100,0.195,1.147,2588,0
SPY190802C301,2019-08-01,2019-08-01 09:40:03.000,0.20,1.1764,481,0.19,1.1176,1931,0.19,1.1176,100,0.195,1.147,2588,0
SPY190802C301,2019-08-01,2019-08-01 09:40:04.000,0.20,1.1764,92,0.19,1.1176,2310,0.19,1.1176,100,0.195,1.147,2588,0
