symbol,Date,quote_time,ask_price,norm_ask_price,ask_size,bid_price,norm_bid_price,bid_size,last_trade_price,norm_last_trade_price,last_trade_size,mark_price,norm_mark_price,volume,Volume
IWM191115P156,2019-11-14,2019-11-14 09:33:00,0.13,1.0,829,0.12,0.923,492,0.13,1.0,10,0.125,0.9615,0,0
IWM191115P156,2019-11-14,2019-11-14 09:33:01,0.13,1.0,933,0.12,0.923,581,0.13,1.0,10,0.125,0.9615,0,0
IWM191115P156,2019-11-14,2019-11-14 09:33:01,0.13,1.0,218,0.12,0.923,384,0.13,1.0,10,0.125,0.9615,0,0
IWM191115P156,2019-11-14,2019-11-14 09:33:02,0.13,1.0,217,0.12,0.923,590,0.13,1.0,10,0.125,0.9615,0,0
IWM191115P156,2019-11-14,2019-11-14 09:33:02,0.14,1.0769,2679,0.12,0.923,1295,0.13,1.0,10,0.13,1.0,0,0
IWM191115P156,2019-11-14,2019-11-14 09:33:03,0.14,1.0769,2005,0.12,0.923,700,0.13,1.0,10,0.13,1.0,0,0
IWM191115P156,2019-11-14,2019-11-14 09:33:04,0.14,1.0769,3059,0.12,0.923,946,0.13,1.0,10,0.13,1.0,0,0
IWM191115P156,2019-11-14,2019-11-14 09:33:04,0.14,1.0769,1885,0.12,0.923,881,0.13,1.0,10,0.13,1.0,0,0
IWM191115P156,2019-11-14,2019-11-14 09:33:05,0.14,1.0769,2167,0.12,0.923,1264,0.13,1.0,10,0.13,1.0,0,0
IWM191115P156,2019-11-14,2019-11-14 09:33:05,0.14,1.0769,2260,0.12,0.923,1416,0.13,1.0,10,0.13,1.0,0,0
IWM191115P156,2019-11-14,2019-11-14 09:33:06,0.14,1.0769,2250,0.12,0.923,1593,0.13,1.0,10,0.13,1.0,0,0
IWM191115P156,2019-11-14,2019-11-14 09:33:07,0.14,1.0769,2250,0.13,1.0,32,0.13,1.0,10,0.135,1.0384,0,0
IWM191115P156,2019-11-14,2019-11-14 09:33:08,0.14,1.0769,2207,0.13,1.0,108,0.13,1.0,10,0.135,1.0384,0,0
IWM191115P156,2019-11-14,2019-11-14 09:33:08,0.14,1.0769,1438,0.13,1.0,578,0.13,1.0,10,0.135,1.0384,0,0
IWM191115P156,2019-11-14,2019-11-14 09:33:09,0.14,1.0769,1797,0.13,1.0,81,0.13,1.0,10,0.135,1.0384,0,0
IWM191115P156,2019-11-14,2019-11-14 09:33:09,0.14,1.0769,1797,0.12,0.923,692,0.13,1.0,10,0.13,1.0,0,0
IWM191115P156,2019-11-14,2019-11-14 09:33:10,0.14,1.0769,2059,0.12,0.923,1001,0.13,1.0,10,0.13,1.0,0,0
IWM191115P156,2019-11-14,2019-11-14 09:33:10,0.14,1.0769,2822,0.12,0.923,1562,0.13,1.0,10,0.13,1.0,0,0
IWM191115P156,2019-11-14,2019-11-14 09:33:11,0.13,1.0,90,0.12,0.923,572,0.13,1.0,10,0.125,0.9615,0,0
IWM191115P156,2019-11-14,2019-11-14 09:33:11,0.14,1.0769,1628,0.12,0.923,572,0.13,1.0,10,0.13,1.0,0,0
IWM191115P156,2019-11-14,2019-11-14 09:33:12,0.13,1.0,111,0.12,0.923,794,0.13,1.0,10,0.125,0.9615,0,0
IWM191115P156,2019-11-14,2019-11-14 09:33:12,0.13,1.0,140,0.12,0.923,847,0.13,1.0,10,0.125,0.9615,0,0
IWM191115P156,2019-11-14,2019-11-14 09:33:13,0.14,1.0769,494,0.12,0.923,1400,0.13,1.0,10,0.13,1.0,0,0
IWM191115P156,2019-11-14,2019-11-14 09:33:14,0.14,1.0769,1836,0.12,0.923,1339,0.13,1.0,10,0.13,1.0,0,0
IWM191115P156,2019-11-14,2019-11-14 09:33:15,0.14,1.0769,2136,0.12,0.923,1480,0.13,1.0,10,0.13,1.0,0,0
IWM191115P156,2019-11-14,2019-11-14 09:33:15,0.14,1.0769,1844,0.12,0.923,1339,0.13,1.0,10,0.13,1.0,0,0
IWM191115P156,2019-11-14,2019-11-14 09:33:16,0.14,1.0769,1697,0.12,0.923,97,0.13,1.0,10,0.13,1.0,0,0
IWM191115P156,2019-11-14,2019-11-14 09:33:17,0.13,1.0,861,0.12,0.923,100,0.13,1.0,10,0.125,0.9615,0,0
IWM191115P156,2019-11-14,2019-11-14 09:33:17,0.13,1.0,663,0.12,0.923,156,0.13,1.0,10,0.125,0.9615,0,0
IWM191115P156,2019-11-14,2019-11-14 09:33:18,0.13,1.0,1678,0.12,0.923,141,0.13,1.0,10,0.125,0.9615,0,0
IWM191115P156,2019-11-14,2019-11-14 09:33:19,0.13,1.0,2291,0.11,0.8461,1670,0.13,1.0,10,0.12,0.923,0,0
IWM191115P156,2019-11-14,2019-11-14 09:33:19,0.13,1.0,2291,0.11,0.8461,1475,0.13,1.0,10,0.12,0.923,0,0
IWM191115P156,2019-11-14,2019-11-14 09:33:20,0.13,1.0,2213,0.11,0.8461,1670,0.13,1.0,10,0.12,0.923,0,0
IWM191115P156,2019-11-14,2019-11-14 09:33:20,0.13,1.0,2239,0.11,0.8461,1719,0.13,1.0,10,0.12,0.923,0,0
IWM191115P156,2019-11-14,2019-11-14 09:33:21,0.13,1.0,2239,0.11,0.8461,1719,0.13,1.0,10,0.12,0.923,0,0
IWM191115P156,2019-11-14,2019-11-14 09:33:21,0.13,1.0,2982,0.12,0.923,32,0.13,1.0,10,0.125,0.9615,0,0
IWM191115P156,2019-11-14,2019-11-14 09:33:22,0.13,1.0,2982,0.11,0.8461,299,0.13,1.0,10,0.12,0.923,0,0
IWM191115P156,2019-11-14,2019-11-14 09:33:22,0.13,1.0,2982,0.12,0.923,32,0.13,1.0,10,0.125,0.9615,0,0
IWM191115P156,2019-11-14,2019-11-14 09:33:23,0.13,1.0,2764,0.11,0.8461,835,0.13,1.0,10,0.12,0.923,0,0
IWM191115P156,2019-11-14,2019-11-14 09:33:23,0.13,1.0,3100,0.11,0.8461,1046,0.13,1.0,10,0.12,0.923,0,0
IWM191115P156,2019-11-14,2019-11-14 09:33:24,0.13,1.0,1176,0.12,0.923,25,0.13,1.0,10,0.125,0.9615,0,0
IWM191115P156,2019-11-14,2019-11-14 09:33:24,0.13,1.0,3092,0.11,0.8461,1046,0.13,1.0,10,0.12,0.923,0,0
IWM191115P156,2019-11-14,2019-11-14 09:33:25,0.13,1.0,1872,0.11,0.8461,1703,0.13,1.0,10,0.12,0.923,0,0
IWM191115P156,2019-11-14,2019-11-14 09:33:26,0.13,1.0,1480,0.12,0.923,25,0.13,1.0,10,0.125,0.9615,0,0
IWM191115P156,2019-11-14,2019-11-14 09:33:26,0.13,1.0,1931,0.11,0.8461,1618,0.13,1.0,10,0.12,0.923,0,0
IWM191115P156,2019-11-14,2019-11-14 09:33:27,0.13,1.0,1376,0.12,0.923,93,0.13,1.0,10,0.125,0.9615,0,0
IWM191115P156,2019-11-14,2019-11-14 09:33:27,0.13,1.0,1376,0.11,0.8461,731,0.13,1.0,10,0.12,0.923,0,0
IWM191115P156,2019-11-14,2019-11-14 09:33:28,0.13,1.0,1456,0.11,0.8461,1184,0.13,1.0,10,0.12,0.923,0,0
IWM191115P156,2019-11-14,2019-11-14 09:33:28,0.13,1.0,1456,0.11,0.8461,1059,0.13,1.0,10,0.12,0.923,0,0
IWM191115P156,2019-11-14,2019-11-14 09:33:29,0.13,1.0,2032,0.11,0.8461,1721,0.13,1.0,10,0.12,0.923,0,0
IWM191115P156,2019-11-14,2019-11-14 09:33:30,0.13,1.0,1432,0.11,0.8461,1028,0.13,1.0,10,0.12,0.923,0,0
IWM191115P156,2019-11-14,2019-11-14 09:33:31,0.13,1.0,2093,0.11,0.8461,1577,0.13,1.0,10,0.12,0.923,0,0
IWM191115P156,2019-11-14,2019-11-14 09:33:31,0.13,1.0,2093,0.12,0.923,25,0.13,1.0,10,0.125,0.9615,0,0
IWM191115P156,2019-11-14,2019-11-14 09:33:32,0.13,1.0,1440,0.11,0.8461,2029,0.13,1.0,10,0.12,0.923,0,0
IWM191115P156,2019-11-14,2019-11-14 09:33:32,0.13,1.0,2093,0.11,0.8461,1569,0.13,1.0,10,0.12,0.923,0,0
IWM191115P156,2019-11-14,2019-11-14 09:33:33,0.12,0.923,268,0.11,0.8461,2098,0.13,1.0,10,0.115,0.8846,0,0
IWM191115P156,2019-11-14,2019-11-14 09:33:34,0.12,0.923,646,0.11,0.8461,2023,0.13,1.0,10,0.115,0.8846,0,0
IWM191115P156,2019-11-14,2019-11-14 09:33:34,0.12,0.923,974,0.11,0.8461,2078,0.13,1.0,10,0.115,0.8846,0,0
IWM191115P156,2019-11-14,2019-11-14 09:33:35,0.12,0.923,1430,0.11,0.8461,2027,0.13,1.0,10,0.115,0.8846,0,0
IWM191115P156,2019-11-14,2019-11-14 09:33:35,0.12,0.923,914,0.11,0.8461,478,0.13,1.0,10,0.115,0.8846,0,0
IWM191115P156,2019-11-14,2019-11-14 09:33:36,0.12,0.923,1170,0.1,0.7692,1366,0.13,1.0,10,0.11,0.8461,0,0
IWM191115P156,2019-11-14,2019-11-14 09:33:36,0.12,0.923,1170,0.1,0.7692,1005,0.13,1.0,10,0.11,0.8461,0,0
IWM191115P156,2019-11-14,2019-11-14 09:33:37,0.12,0.923,1170,0.1,0.7692,1366,0.13,1.0,10,0.11,0.8461,0,0
IWM191115P156,2019-11-14,2019-11-14 09:33:37,0.12,0.923,2206,0.1,0.7692,2402,0.13,1.0,10,0.11,0.8461,0,0
IWM191115P156,2019-11-14,2019-11-14 09:33:38,0.12,0.923,2206,0.1,0.7692,2402,0.13,1.0,10,0.11,0.8461,0,0
IWM191115P156,2019-11-14,2019-11-14 09:33:39,0.12,0.923,2502,0.1,0.7692,2402,0.13,1.0,10,0.11,0.8461,0,0
IWM191115P156,2019-11-14,2019-11-14 09:33:40,0.12,0.923,2502,0.1,0.7692,2496,0.13,1.0,10,0.11,0.8461,0,0
IWM191115P156,2019-11-14,2019-11-14 09:33:41,0.12,0.923,2675,0.11,0.8461,199,0.13,1.0,10,0.115,0.8846,0,0
IWM191115P156,2019-11-14,2019-11-14 09:33:41,0.12,0.923,2675,0.11,0.8461,249,0.13,1.0,10,0.115,0.8846,0,0
IWM191115P156,2019-11-14,2019-11-14 09:33:42,0.12,0.923,2675,0.11,0.8461,236,0.13,1.0,10,0.115,0.8846,0,0
IWM191115P156,2019-11-14,2019-11-14 09:33:42,0.12,0.923,2450,0.11,0.8461,249,0.13,1.0,10,0.115,0.8846,0,0
IWM191115P156,2019-11-14,2019-11-14 09:33:43,0.12,0.923,2672,0.11,0.8461,236,0.13,1.0,10,0.115,0.8846,0,0
IWM191115P156,2019-11-14,2019-11-14 09:33:43,0.12,0.923,2720,0.11,0.8461,235,0.13,1.0,10,0.115,0.8846,0,0
IWM191115P156,2019-11-14,2019-11-14 09:33:44,0.12,0.923,2720,0.11,0.8461,237,0.13,1.0,10,0.115,0.8846,0,0
IWM191115P156,2019-11-14,2019-11-14 09:33:45,0.12,0.923,2720,0.11,0.8461,237,0.13,1.0,10,0.115,0.8846,0,0
IWM191115P156,2019-11-14,2019-11-14 09:33:45,0.12,0.923,2495,0.11,0.8461,237,0.13,1.0,10,0.115,0.8846,0,0
IWM191115P156,2019-11-14,2019-11-14 09:33:46,0.12,0.923,2067,0.11,0.8461,142,0.13,1.0,10,0.115,0.8846,0,0
IWM191115P156,2019-11-14,2019-11-14 09:33:47,0.12,0.923,2767,0.11,0.8461,283,0.13,1.0,10,0.115,0.8846,0,0
IWM191115P156,2019-11-14,2019-11-14 09:33:48,0.12,0.923,2767,0.11,0.8461,283,0.13,1.0,10,0.115,0.8846,0,0
IWM191115P156,2019-11-14,2019-11-14 09:33:49,0.12,0.923,2767,0.11,0.8461,283,0.13,1.0,10,0.115,0.8846,0,0
IWM191115P156,2019-11-14,2019-11-14 09:33:50,0.12,0.923,2767,0.11,0.8461,283,0.13,1.0,10,0.115,0.8846,0,0
IWM191115P156,2019-11-14,2019-11-14 09:33:50,0.12,0.923,1044,0.11,0.8461,346,0.13,1.0,10,0.115,0.8846,0,0
IWM191115P156,2019-11-14,2019-11-14 09:33:51,0.12,0.923,803,0.11,0.8461,754,0.13,1.0,10,0.115,0.8846,0,0
IWM191115P156,2019-11-14,2019-11-14 09:33:51,0.12,0.923,942,0.11,0.8461,1394,0.13,1.0,10,0.115,0.8846,0,0
IWM191115P156,2019-11-14,2019-11-14 09:33:52,0.12,0.923,994,0.11,0.8461,1521,0.13,1.0,10,0.115,0.8846,0,0
IWM191115P156,2019-11-14,2019-11-14 09:33:52,0.12,0.923,628,0.11,0.8461,1934,0.13,1.0,10,0.115,0.8846,0,0
IWM191115P156,2019-11-14,2019-11-14 09:33:53,0.12,0.923,942,0.11,0.8461,2287,0.13,1.0,10,0.115,0.8846,0,0
IWM191115P156,2019-11-14,2019-11-14 09:33:54,0.12,0.923,942,0.11,0.8461,2287,0.13,1.0,10,0.115,0.8846,0,0
IWM191115P156,2019-11-14,2019-11-14 09:33:55,0.13,1.0,1862,0.11,0.8461,1797,0.13,1.0,10,0.12,0.923,0,0
IWM191115P156,2019-11-14,2019-11-14 09:33:55,0.13,1.0,3316,0.11,0.8461,2520,0.13,1.0,10,0.12,0.923,0,0
IWM191115P156,2019-11-14,2019-11-14 09:33:56,0.13,1.0,3316,0.11,0.8461,2333,0.13,1.0,10,0.12,0.923,0,0
IWM191115P156,2019-11-14,2019-11-14 09:33:56,0.13,1.0,3421,0.11,0.8461,2297,0.13,1.0,10,0.12,0.923,0,0
IWM191115P156,2019-11-14,2019-11-14 09:33:57,0.13,1.0,3421,0.11,0.8461,2297,0.13,1.0,10,0.12,0.923,0,0
IWM191115P156,2019-11-14,2019-11-14 09:33:58,0.13,1.0,2573,0.11,0.8461,1611,0.13,1.0,10,0.12,0.923,0,0
IWM191115P156,2019-11-14,2019-11-14 09:33:59,0.13,1.0,3417,0.11,0.8461,2411,0.13,1.0,10,0.12,0.923,0,0
IWM191115P156,2019-11-14,2019-11-14 09:34:00,0.13,1.0,1543,0.11,0.8461,967,0.13,1.0,10,0.12,0.923,0,0
IWM191115P156,2019-11-14,2019-11-14 09:34:00,0.13,1.0,1543,0.11,0.8461,975,0.13,1.0,10,0.12,0.923,0,0
IWM191115P156,2019-11-14,2019-11-14 09:34:01,0.13,1.0,1593,0.11,0.8461,1291,0.13,1.0,10,0.12,0.923,0,0
IWM191115P156,2019-11-14,2019-11-14 09:34:01,0.13,1.0,1040,0.11,0.8461,718,0.13,1.0,10,0.12,0.923,0,0
IWM191115P156,2019-11-14,2019-11-14 09:34:02,0.13,1.0,1800,0.11,0.8461,1279,0.13,1.0,10,0.12,0.923,0,0
IWM191115P156,2019-11-14,2019-11-14 09:34:02,0.13,1.0,2584,0.11,0.8461,1914,0.13,1.0,10,0.12,0.923,0,0
IWM191115P156,2019-11-14,2019-11-14 09:34:03,0.13,1.0,2997,0.11,0.8461,2305,0.13,1.0,10,0.12,0.923,0,0
IWM191115P156,2019-11-14,2019-11-14 09:34:03,0.13,1.0,1786,0.12,0.923,38,0.13,1.0,10,0.125,0.9615,0,0
IWM191115P156,2019-11-14,2019-11-14 09:34:04,0.13,1.0,1786,0.12,0.923,204,0.13,1.0,10,0.125,0.9615,0,0
IWM191115P156,2019-11-14,2019-11-14 09:34:05,0.13,1.0,2761,0.12,0.923,204,0.13,1.0,10,0.125,0.9615,0,0
IWM191115P156,2019-11-14,2019-11-14 09:34:05,0.13,1.0,2765,0.12,0.923,207,0.13,1.0,10,0.125,0.9615,0,0
IWM191115P156,2019-11-14,2019-11-14 09:34:06,0.13,1.0,2740,0.12,0.923,207,0.13,1.0,10,0.125,0.9615,0,0
IWM191115P156,2019-11-14,2019-11-14 09:34:06,0.13,1.0,10,0.12,0.923,251,0.13,1.0,10,0.125,0.9615,0,0
IWM191115P156,2019-11-14,2019-11-14 09:34:07,0.13,1.0,84,0.12,0.923,858,0.13,1.0,10,0.125,0.9615,0,0
IWM191115P156,2019-11-14,2019-11-14 09:34:07,0.13,1.0,60,0.12,0.923,425,0.13,1.0,10,0.125,0.9615,0,0
IWM191115P156,2019-11-14,2019-11-14 09:34:08,0.13,1.0,40,0.12,0.923,650,0.13,1.0,10,0.125,0.9615,0,0
IWM191115P156,2019-11-14,2019-11-14 09:34:08,0.13,1.0,109,0.12,0.923,904,0.13,1.0,10,0.125,0.9615,0,0
IWM191115P156,2019-11-14,2019-11-14 09:34:09,0.13,1.0,22,0.12,0.923,1668,0.13,1.0,10,0.125,0.9615,0,0
IWM191115P156,2019-11-14,2019-11-14 09:34:09,0.13,1.0,22,0.12,0.923,2119,0.13,1.0,10,0.125,0.9615,0,0
IWM191115P156,2019-11-14,2019-11-14 09:34:10,0.14,1.0769,1450,0.12,0.923,1669,0.13,1.0,10,0.13,1.0,0,0
IWM191115P156,2019-11-14,2019-11-14 09:34:10,0.14,1.0769,2079,0.12,0.923,2562,0.13,1.0,10,0.13,1.0,0,0
IWM191115P156,2019-11-14,2019-11-14 09:34:11,0.14,1.0769,1931,0.12,0.923,2388,0.13,1.0,10,0.13,1.0,0,0
IWM191115P156,2019-11-14,2019-11-14 09:34:11,0.14,1.0769,2094,0.12,0.923,2387,0.13,1.0,10,0.13,1.0,0,0
IWM191115P156,2019-11-14,2019-11-14 09:34:12,0.14,1.0769,533,0.12,0.923,1496,0.13,1.0,10,0.13,1.0,0,0
IWM191115P156,2019-11-14,2019-11-14 09:34:12,0.14,1.0769,1325,0.12,0.923,2386,0.13,1.0,10,0.13,1.0,0,0
IWM191115P156,2019-11-14,2019-11-14 09:34:13,0.14,1.0769,1589,0.12,0.923,1709,0.13,1.0,10,0.13,1.0,0,0
IWM191115P156,2019-11-14,2019-11-14 09:34:13,0.14,1.0769,1325,0.12,0.923,2386,0.13,1.0,10,0.13,1.0,0,0
IWM191115P156,2019-11-14,2019-11-14 09:34:14,0.14,1.0769,1704,0.12,0.923,2364,0.13,1.0,10,0.13,1.0,0,0
IWM191115P156,2019-11-14,2019-11-14 09:34:14,0.14,1.0769,1676,0.12,0.923,2445,0.13,1.0,10,0.13,1.0,0,0
IWM191115P156,2019-11-14,2019-11-14 09:34:15,0.13,1.0,63,0.12,0.923,1225,0.13,1.0,10,0.125,0.9615,0,0
IWM191115P156,2019-11-14,2019-11-14 09:34:15,0.13,1.0,565,0.12,0.923,167,0.13,1.0,10,0.125,0.9615,0,0
IWM191115P156,2019-11-14,2019-11-14 09:34:16,0.13,1.0,621,0.12,0.923,185,0.13,1.0,10,0.125,0.9615,0,0
IWM191115P156,2019-11-14,2019-11-14 09:34:16,0.13,1.0,1159,0.12,0.923,185,0.13,1.0,10,0.125,0.9615,0,0
IWM191115P156,2019-11-14,2019-11-14 09:34:17,0.13,1.0,105,0.12,0.923,306,0.13,1.0,10,0.125,0.9615,0,0
IWM191115P156,2019-11-14,2019-11-14 09:34:17,0.13,1.0,703,0.12,0.923,193,0.13,1.0,10,0.125,0.9615,0,0
IWM191115P156,2019-11-14,2019-11-14 09:34:18,0.13,1.0,32,0.12,0.923,1392,0.13,1.0,10,0.125,0.9615,0,0
IWM191115P156,2019-11-14,2019-11-14 09:34:18,0.13,1.0,20,0.12,0.923,1687,0.13,1.0,10,0.125,0.9615,0,0
IWM191115P156,2019-11-14,2019-11-14 09:34:19,0.13,1.0,41,0.12,0.923,1756,0.13,1.0,10,0.125,0.9615,0,0
IWM191115P156,2019-11-14,2019-11-14 09:34:20,0.13,1.0,1339,0.12,0.923,224,0.13,1.0,10,0.125,0.9615,0,0
IWM191115P156,2019-11-14,2019-11-14 09:34:20,0.13,1.0,408,0.12,0.923,139,0.13,1.0,10,0.125,0.9615,0,0
IWM191115P156,2019-11-14,2019-11-14 09:34:21,0.13,1.0,1851,0.12,0.923,223,0.13,1.0,10,0.125,0.9615,0,0
IWM191115P156,2019-11-14,2019-11-14 09:34:22,0.13,1.0,2885,0.12,0.923,196,0.13,1.0,10,0.125,0.9615,0,0
IWM191115P156,2019-11-14,2019-11-14 09:34:22,0.13,1.0,2927,0.12,0.923,448,0.13,1.0,10,0.125,0.9615,0,0
IWM191115P156,2019-11-14,2019-11-14 09:34:23,0.13,1.0,2749,0.12,0.923,316,0.13,1.0,10,0.125,0.9615,0,0
IWM191115P156,2019-11-14,2019-11-14 09:34:23,0.13,1.0,1849,0.12,0.923,201,0.13,1.0,10,0.125,0.9615,0,0
IWM191115P156,2019-11-14,2019-11-14 09:34:24,0.13,1.0,2259,0.12,0.923,261,0.13,1.0,10,0.125,0.9615,0,0
IWM191115P156,2019-11-14,2019-11-14 09:34:24,0.13,1.0,2259,0.12,0.923,367,0.13,1.0,10,0.125,0.9615,0,0
IWM191115P156,2019-11-14,2019-11-14 09:34:25,0.13,1.0,3136,0.11,0.8461,1054,0.13,1.0,10,0.12,0.923,0,0
IWM191115P156,2019-11-14,2019-11-14 09:34:25,0.13,1.0,2266,0.12,0.923,242,0.13,1.0,10,0.125,0.9615,0,0
IWM191115P156,2019-11-14,2019-11-14 09:34:26,0.13,1.0,2844,0.11,0.8461,1824,0.13,1.0,10,0.12,0.923,0,0
IWM191115P156,2019-11-14,2019-11-14 09:34:26,0.13,1.0,3144,0.11,0.8461,2073,0.13,1.0,10,0.12,0.923,0,0
IWM191115P156,2019-11-14,2019-11-14 09:34:27,0.12,0.923,56,0.11,0.8461,2025,0.13,1.0,10,0.115,0.8846,0,0
IWM191115P156,2019-11-14,2019-11-14 09:34:27,0.12,0.923,30,0.11,0.8461,2025,0.13,1.0,10,0.115,0.8846,0,0
IWM191115P156,2019-11-14,2019-11-14 09:34:28,0.12,0.923,56,0.11,0.8461,2798,0.13,1.0,10,0.115,0.8846,0,0
IWM191115P156,2019-11-14,2019-11-14 09:34:28,0.12,0.923,56,0.11,0.8461,2025,0.13,1.0,10,0.115,0.8846,0,0
IWM191115P156,2019-11-14,2019-11-14 09:34:29,0.13,1.0,783,0.11,0.8461,1776,0.13,1.0,10,0.12,0.923,0,0
IWM191115P156,2019-11-14,2019-11-14 09:34:29,0.12,0.923,56,0.11,0.8461,2798,0.13,1.0,10,0.115,0.8846,0,0
IWM191115P156,2019-11-14,2019-11-14 09:34:30,0.13,1.0,1410,0.11,0.8461,2076,0.13,1.0,10,0.12,0.923,0,0
IWM191115P156,2019-11-14,2019-11-14 09:34:31,0.13,1.0,2062,0.11,0.8461,2864,0.13,1.0,10,0.12,0.923,0,0
IWM191115P156,2019-11-14,2019-11-14 09:34:31,0.13,1.0,1410,0.11,0.8461,2076,0.13,1.0,10,0.12,0.923,0,0
IWM191115P156,2019-11-14,2019-11-14 09:34:32,0.13,1.0,2062,0.11,0.8461,2864,0.13,1.0,10,0.12,0.923,0,0
IWM191115P156,2019-11-14,2019-11-14 09:34:32,0.13,1.0,2065,0.11,0.8461,2864,0.13,1.0,10,0.12,0.923,0,0
IWM191115P156,2019-11-14,2019-11-14 09:34:33,0.13,1.0,2065,0.11,0.8461,2864,0.13,1.0,10,0.12,0.923,0,0
IWM191115P156,2019-11-14,2019-11-14 09:34:34,0.13,1.0,2024,0.11,0.8461,2855,0.13,1.0,10,0.12,0.923,0,0
IWM191115P156,2019-11-14,2019-11-14 09:34:34,0.13,1.0,1410,0.11,0.8461,2076,0.13,1.0,10,0.12,0.923,0,0
IWM191115P156,2019-11-14,2019-11-14 09:34:35,0.13,1.0,2024,0.11,0.8461,2855,0.13,1.0,10,0.12,0.923,0,0
IWM191115P156,2019-11-14,2019-11-14 09:34:36,0.13,1.0,2024,0.11,0.8461,2856,0.13,1.0,10,0.12,0.923,0,0
IWM191115P156,2019-11-14,2019-11-14 09:34:36,0.13,1.0,2024,0.12,0.923,42,0.13,1.0,10,0.125,0.9615,0,0
IWM191115P156,2019-11-14,2019-11-14 09:34:37,0.13,1.0,2024,0.11,0.8461,2724,0.13,1.0,10,0.12,0.923,0,0
IWM191115P156,2019-11-14,2019-11-14 09:34:38,0.13,1.0,2014,0.12,0.923,42,0.13,1.0,10,0.125,0.9615,0,0
IWM191115P156,2019-11-14,2019-11-14 09:34:38,0.13,1.0,2014,0.12,0.923,47,0.13,1.0,10,0.125,0.9615,0,0
IWM191115P156,2019-11-14,2019-11-14 09:34:39,0.13,1.0,2014,0.12,0.923,104,0.13,1.0,10,0.125,0.9615,0,0
IWM191115P156,2019-11-14,2019-11-14 09:34:39,0.13,1.0,2014,0.12,0.923,159,0.13,1.0,10,0.125,0.9615,0,0
IWM191115P156,2019-11-14,2019-11-14 09:34:40,0.13,1.0,2014,0.12,0.923,155,0.13,1.0,10,0.125,0.9615,0,0
IWM191115P156,2019-11-14,2019-11-14 09:34:40,0.13,1.0,2014,0.12,0.923,159,0.13,1.0,10,0.125,0.9615,0,0
IWM191115P156,2019-11-14,2019-11-14 09:34:41,0.13,1.0,2014,0.12,0.923,155,0.13,1.0,10,0.125,0.9615,0,0
IWM191115P156,2019-11-14,2019-11-14 09:34:41,0.13,1.0,612,0.11,0.8461,527,0.13,1.0,10,0.12,0.923,0,0
IWM191115P156,2019-11-14,2019-11-14 09:34:42,0.13,1.0,1273,0.11,0.8461,1950,0.13,1.0,10,0.12,0.923,0,0
IWM191115P156,2019-11-14,2019-11-14 09:34:42,0.13,1.0,1725,0.11,0.8461,2306,0.13,1.0,10,0.12,0.923,0,0
IWM191115P156,2019-11-14,2019-11-14 09:34:43,0.13,1.0,1725,0.11,0.8461,2740,0.13,1.0,10,0.12,0.923,0,0
IWM191115P156,2019-11-14,2019-11-14 09:34:43,0.13,1.0,1725,0.11,0.8461,2306,0.13,1.0,10,0.12,0.923,0,0
IWM191115P156,2019-11-14,2019-11-14 09:34:44,0.13,1.0,1725,0.11,0.8461,2740,0.13,1.0,10,0.12,0.923,0,0
IWM191115P156,2019-11-14,2019-11-14 09:34:45,0.13,1.0,1725,0.11,0.8461,2740,0.13,1.0,10,0.12,0.923,0,0
IWM191115P156,2019-11-14,2019-11-14 09:34:45,0.13,1.0,1426,0.12,0.923,46,0.13,1.0,10,0.125,0.9615,0,0
IWM191115P156,2019-11-14,2019-11-14 09:34:46,0.13,1.0,475,0.11,0.8461,2391,0.13,1.0,10,0.12,0.923,0,0
IWM191115P156,2019-11-14,2019-11-14 09:34:46,0.13,1.0,1587,0.11,0.8461,2339,0.13,1.0,10,0.12,0.923,0,0
IWM191115P156,2019-11-14,2019-11-14 09:34:47,0.12,0.923,44,0.11,0.8461,1696,0.13,1.0,10,0.115,0.8846,0,0
IWM191115P156,2019-11-14,2019-11-14 09:34:47,0.12,0.923,44,0.11,0.8461,723,0.13,1.0,10,0.115,0.8846,0,0
IWM191115P156,2019-11-14,2019-11-14 09:34:48,0.12,0.923,107,0.11,0.8461,723,0.13,1.0,10,0.115,0.8846,0,0
IWM191115P156,2019-11-14,2019-11-14 09:34:48,0.12,0.923,169,0.11,0.8461,1668,0.13,1.0,10,0.115,0.8846,0,0
IWM191115P156,2019-11-14,2019-11-14 09:34:49,0.12,0.923,307,0.11,0.8461,1864,0.13,1.0,10,0.115,0.8846,0,0
IWM191115P156,2019-11-14,2019-11-14 09:34:50,0.12,0.923,351,0.11,0.8461,1864,0.13,1.0,10,0.115,0.8846,0,0
IWM191115P156,2019-11-14,2019-11-14 09:34:50,0.12,0.923,785,0.11,0.8461,1864,0.13,1.0,10,0.115,0.8846,0,0
IWM191115P156,2019-11-14,2019-11-14 09:34:51,0.12,0.923,1350,0.11,0.8461,1864,0.13,1.0,10,0.115,0.8846,0,0
IWM191115P156,2019-11-14,2019-11-14 09:34:51,0.12,0.923,1600,0.11,0.8461,1864,0.13,1.0,10,0.115,0.8846,0,0
IWM191115P156,2019-11-14,2019-11-14 09:34:52,0.12,0.923,1350,0.11,0.8461,1872,0.13,1.0,10,0.115,0.8846,0,0
IWM191115P156,2019-11-14,2019-11-14 09:34:52,0.12,0.923,1350,0.11,0.8461,1864,0.13,1.0,10,0.115,0.8846,0,0
IWM191115P156,2019-11-14,2019-11-14 09:34:53,0.12,0.923,1600,0.11,0.8461,1872,0.13,1.0,10,0.115,0.8846,0,0
IWM191115P156,2019-11-14,2019-11-14 09:34:53,0.12,0.923,1350,0.11,0.8461,1864,0.13,1.0,10,0.115,0.8846,0,0
IWM191115P156,2019-11-14,2019-11-14 09:34:54,0.12,0.923,1600,0.11,0.8461,1864,0.13,1.0,10,0.115,0.8846,0,0
IWM191115P156,2019-11-14,2019-11-14 09:34:54,0.12,0.923,1600,0.11,0.8461,1872,0.13,1.0,10,0.115,0.8846,0,0
IWM191115P156,2019-11-14,2019-11-14 09:34:55,0.12,0.923,1501,0.11,0.8461,2010,0.13,1.0,10,0.115,0.8846,0,0
IWM191115P156,2019-11-14,2019-11-14 09:34:55,0.12,0.923,1600,0.11,0.8461,1864,0.13,1.0,10,0.115,0.8846,0,0
IWM191115P156,2019-11-14,2019-11-14 09:34:56,0.12,0.923,1751,0.11,0.8461,2010,0.13,1.0,10,0.115,0.8846,0,0
IWM191115P156,2019-11-14,2019-11-14 09:34:56,0.12,0.923,1751,0.11,0.8461,1974,0.13,1.0,10,0.115,0.8846,0,0
IWM191115P156,2019-11-14,2019-11-14 09:34:57,0.12,0.923,1807,0.11,0.8461,1974,0.13,1.0,10,0.115,0.8846,0,0
IWM191115P156,2019-11-14,2019-11-14 09:34:58,0.12,0.923,1757,0.11,0.8461,1971,0.13,1.0,10,0.115,0.8846,0,0
IWM191115P156,2019-11-14,2019-11-14 09:34:58,0.12,0.923,1757,0.11,0.8461,2022,0.13,1.0,10,0.115,0.8846,0,0
IWM191115P156,2019-11-14,2019-11-14 09:34:59,0.12,0.923,1778,0.11,0.8461,573,0.13,1.0,10,0.115,0.8846,0,0
IWM191115P156,2019-11-14,2019-11-14 09:34:59,0.12,0.923,1242,0.11,0.8461,456,0.13,1.0,10,0.115,0.8846,0,0
IWM191115P156,2019-11-14,2019-11-14 09:35:00,0.12,0.923,1735,0.1,0.7692,1396,0.13,1.0,10,0.11,0.8461,0,0
IWM191115P156,2019-11-14,2019-11-14 09:35:00,0.12,0.923,1778,0.11,0.8461,109,0.13,1.0,10,0.115,0.8846,0,0
IWM191115P156,2019-11-14,2019-11-14 09:35:01,0.12,0.923,1210,0.1,0.7692,942,0.13,1.0,10,0.11,0.8461,0,0
IWM191115P156,2019-11-14,2019-11-14 09:35:02,0.11,0.8461,20,0.1,0.7692,1932,0.13,1.0,10,0.105,0.8076,0,0
IWM191115P156,2019-11-14,2019-11-14 09:35:02,0.12,0.923,2776,0.1,0.7692,2253,0.13,1.0,10,0.11,0.8461,0,0
IWM191115P156,2019-11-14,2019-11-14 09:35:03,0.12,0.923,2238,0.1,0.7692,1932,0.13,1.0,10,0.11,0.8461,0,0
IWM191115P156,2019-11-14,2019-11-14 09:35:03,0.12,0.923,3088,0.1,0.7692,2468,0.13,1.0,10,0.11,0.8461,0,0
IWM191115P156,2019-11-14,2019-11-14 09:35:04,0.12,0.923,3088,0.1,0.7692,2468,0.13,1.0,10,0.11,0.8461,0,0
IWM191115P156,2019-11-14,2019-11-14 09:35:05,0.12,0.923,3088,0.1,0.7692,2468,0.13,1.0,10,0.11,0.8461,0,0
IWM191115P156,2019-11-14,2019-11-14 09:35:06,0.12,0.923,3088,0.1,0.7692,2468,0.13,1.0,10,0.11,0.8461,0,0
IWM191115P156,2019-11-14,2019-11-14 09:35:07,0.12,0.923,2967,0.1,0.7692,2633,0.13,1.0,10,0.11,0.8461,0,0
IWM191115P156,2019-11-14,2019-11-14 09:35:08,0.12,0.923,2967,0.1,0.7692,2633,0.13,1.0,10,0.11,0.8461,0,0
IWM191115P156,2019-11-14,2019-11-14 09:35:09,0.12,0.923,2967,0.11,0.8461,32,0.13,1.0,10,0.115,0.8846,0,0
IWM191115P156,2019-11-14,2019-11-14 09:35:10,0.12,0.923,3020,0.1,0.7692,2556,0.13,1.0,10,0.11,0.8461,0,0
IWM191115P156,2019-11-14,2019-11-14 09:35:11,0.12,0.923,3027,0.11,0.8461,32,0.13,1.0,10,0.115,0.8846,0,0
IWM191115P156,2019-11-14,2019-11-14 09:35:12,0.11,0.8461,688,0.1,0.7692,1527,0.13,1.0,10,0.105,0.8076,0,0
IWM191115P156,2019-11-14,2019-11-14 09:35:12,0.12,0.923,3027,0.1,0.7692,533,0.13,1.0,10,0.11,0.8461,0,0
IWM191115P156,2019-11-14,2019-11-14 09:35:13,0.11,0.8461,770,0.1,0.7692,1535,0.13,1.0,10,0.105,0.8076,0,0
IWM191115P156,2019-11-14,2019-11-14 09:35:13,0.11,0.8461,1206,0.1,0.7692,2158,0.13,1.0,10,0.105,0.8076,0,0
IWM191115P156,2019-11-14,2019-11-14 09:35:14,0.11,0.8461,1399,0.1,0.7692,2313,0.13,1.0,10,0.105,0.8076,0,0
IWM191115P156,2019-11-14,2019-11-14 09:35:14,0.11,0.8461,208,0.1,0.7692,2172,0.13,1.0,10,0.105,0.8076,0,0
IWM191115P156,2019-11-14,2019-11-14 09:35:15,0.11,0.8461,94,0.1,0.7692,2166,0.13,1.0,10,0.105,0.8076,0,0
IWM191115P156,2019-11-14,2019-11-14 09:35:15,0.11,0.8461,94,0.1,0.7692,2106,0.13,1.0,10,0.105,0.8076,0,0
IWM191115P156,2019-11-14,2019-11-14 09:35:16,0.12,0.923,1455,0.1,0.7692,1902,0.13,1.0,10,0.11,0.8461,0,0
IWM191115P156,2019-11-14,2019-11-14 09:35:17,0.12,0.923,1732,0.1,0.7692,2347,0.13,1.0,10,0.11,0.8461,0,0
IWM191115P156,2019-11-14,2019-11-14 09:35:17,0.12,0.923,1432,0.1,0.7692,2167,0.13,1.0,10,0.11,0.8461,0,0
IWM191115P156,2019-11-14,2019-11-14 09:35:18,0.12,0.923,1732,0.1,0.7692,2347,0.13,1.0,10,0.11,0.8461,0,0
IWM191115P156,2019-11-14,2019-11-14 09:35:19,0.12,0.923,1732,0.1,0.7692,2347,0.13,1.0,10,0.11,0.8461,0,0
IWM191115P156,2019-11-14,2019-11-14 09:35:19,0.12,0.923,1829,0.1,0.7692,2384,0.13,1.0,10,0.11,0.8461,0,0
IWM191115P156,2019-11-14,2019-11-14 09:35:20,0.12,0.923,1177,0.1,0.7692,1673,0.13,1.0,10,0.11,0.8461,0,0
IWM191115P156,2019-11-14,2019-11-14 09:35:20,0.12,0.923,1816,0.1,0.7692,2384,0.13,1.0,10,0.11,0.8461,0,0
IWM191115P156,2019-11-14,2019-11-14 09:35:21,0.11,0.8461,42,0.1,0.7692,1699,0.13,1.0,10,0.105,0.8076,0,0
IWM191115P156,2019-11-14,2019-11-14 09:35:21,0.11,0.8461,42,0.1,0.7692,1953,0.13,1.0,10,0.105,0.8076,0,0
IWM191115P156,2019-11-14,2019-11-14 09:35:22,0.11,0.8461,219,0.1,0.7692,2305,0.13,1.0,10,0.105,0.8076,0,0
IWM191115P156,2019-11-14,2019-11-14 09:35:22,0.11,0.8461,53,0.1,0.7692,2312,0.13,1.0,10,0.105,0.8076,0,0
IWM191115P156,2019-11-14,2019-11-14 09:35:23,0.11,0.8461,203,0.1,0.7692,2312,0.13,1.0,10,0.105,0.8076,0,0
IWM191115P156,2019-11-14,2019-11-14 09:35:23,0.11,0.8461,53,0.1,0.7692,2312,0.13,1.0,10,0.105,0.8076,0,0
IWM191115P156,2019-11-14,2019-11-14 09:35:24,0.11,0.8461,215,0.1,0.7692,1610,0.13,1.0,10,0.105,0.8076,0,0
IWM191115P156,2019-11-14,2019-11-14 09:35:24,0.11,0.8461,203,0.1,0.7692,2080,0.13,1.0,10,0.105,0.8076,0,0
IWM191115P156,2019-11-14,2019-11-14 09:35:25,0.11,0.8461,1889,0.1,0.7692,2162,0.13,1.0,10,0.105,0.8076,0,0
IWM191115P156,2019-11-14,2019-11-14 09:35:25,0.11,0.8461,960,0.1,0.7692,2299,0.13,1.0,10,0.105,0.8076,0,0
IWM191115P156,2019-11-14,2019-11-14 09:35:26,0.11,0.8461,1622,0.1,0.7692,1486,0.13,1.0,10,0.105,0.8076,0,0
IWM191115P156,2019-11-14,2019-11-14 09:35:26,0.11,0.8461,501,0.1,0.7692,431,0.13,1.0,10,0.105,0.8076,0,0
IWM191115P156,2019-11-14,2019-11-14 09:35:27,0.11,0.8461,671,0.1,0.7692,399,0.13,1.0,10,0.105,0.8076,0,0
IWM191115P156,2019-11-14,2019-11-14 09:35:28,0.11,0.8461,138,0.1,0.7692,393,0.13,1.0,10,0.105,0.8076,0,0
IWM191115P156,2019-11-14,2019-11-14 09:35:29,0.11,0.8461,69,0.1,0.7692,924,0.13,1.0,10,0.105,0.8076,0,0
IWM191115P156,2019-11-14,2019-11-14 09:35:29,0.11,0.8461,72,0.1,0.7692,924,0.13,1.0,10,0.105,0.8076,0,0
IWM191115P156,2019-11-14,2019-11-14 09:35:30,0.11,0.8461,222,0.1,0.7692,960,0.13,1.0,10,0.105,0.8076,0,0
IWM191115P156,2019-11-14,2019-11-14 09:35:30,0.11,0.8461,72,0.1,0.7692,934,0.13,1.0,10,0.105,0.8076,0,0
IWM191115P156,2019-11-14,2019-11-14 09:35:31,0.11,0.8461,258,0.1,0.7692,1310,0.13,1.0,10,0.105,0.8076,0,0
IWM191115P156,2019-11-14,2019-11-14 09:35:31,0.11,0.8461,258,0.1,0.7692,1265,0.13,1.0,10,0.105,0.8076,0,0
IWM191115P156,2019-11-14,2019-11-14 09:35:32,0.11,0.8461,258,0.1,0.7692,1377,0.13,1.0,10,0.105,0.8076,0,0
IWM191115P156,2019-11-14,2019-11-14 09:35:33,0.11,0.8461,20,0.1,0.7692,1377,0.13,1.0,10,0.105,0.8076,0,0
IWM191115P156,2019-11-14,2019-11-14 09:35:34,0.12,0.923,1154,0.1,0.7692,1377,0.13,1.0,10,0.11,0.8461,0,0
IWM191115P156,2019-11-14,2019-11-14 09:35:34,0.12,0.923,1354,0.1,0.7692,1377,0.13,1.0,10,0.11,0.8461,0,0
IWM191115P156,2019-11-14,2019-11-14 09:35:35,0.12,0.923,1354,0.1,0.7692,1377,0.13,1.0,10,0.11,0.8461,0,0
IWM191115P156,2019-11-14,2019-11-14 09:35:35,0.12,0.923,872,0.11,0.8461,662,0.13,1.0,10,0.115,0.8846,0,0
IWM191115P156,2019-11-14,2019-11-14 09:35:36,0.12,0.923,1131,0.11,0.8461,630,0.13,1.0,10,0.115,0.8846,0,0
IWM191115P156,2019-11-14,2019-11-14 09:35:36,0.12,0.923,1131,0.11,0.8461,672,0.13,1.0,10,0.115,0.8846,0,0
IWM191115P156,2019-11-14,2019-11-14 09:35:37,0.12,0.923,1131,0.11,0.8461,680,0.13,1.0,10,0.115,0.8846,0,0
IWM191115P156,2019-11-14,2019-11-14 09:35:38,0.12,0.923,1159,0.11,0.8461,680,0.13,1.0,10,0.115,0.8846,0,0
IWM191115P156,2019-11-14,2019-11-14 09:35:38,0.12,0.923,1788,0.11,0.8461,1053,0.13,1.0,10,0.115,0.8846,0,0
IWM191115P156,2019-11-14,2019-11-14 09:35:39,0.12,0.923,1788,0.11,0.8461,730,0.13,1.0,10,0.115,0.8846,0,0
IWM191115P156,2019-11-14,2019-11-14 09:35:40,0.12,0.923,1788,0.11,0.8461,1045,0.13,1.0,10,0.115,0.8846,0,0
IWM191115P156,2019-11-14,2019-11-14 09:35:40,0.12,0.923,1788,0.11,0.8461,966,0.13,1.0,10,0.115,0.8846,0,0
IWM191115P156,2019-11-14,2019-11-14 09:35:41,0.12,0.923,1788,0.11,0.8461,966,0.13,1.0,5,0.115,0.8846,5,5
IWM191115P156,2019-11-14,2019-11-14 09:35:41,0.12,0.923,2050,0.1,0.7692,1473,0.13,1.0,5,0.11,0.8461,5,0
IWM191115P156,2019-11-14,2019-11-14 09:35:42,0.12,0.923,1743,0.1,0.7692,1726,0.13,1.0,5,0.11,0.8461,5,0
IWM191115P156,2019-11-14,2019-11-14 09:35:42,0.12,0.923,2851,0.1,0.7692,2422,0.13,1.0,5,0.11,0.8461,5,0
IWM191115P156,2019-11-14,2019-11-14 09:35:43,0.12,0.923,2848,0.1,0.7692,2873,0.13,1.0,5,0.11,0.8461,5,0
IWM191115P156,2019-11-14,2019-11-14 09:35:44,0.11,0.8461,20,0.1,0.7692,2996,0.13,1.0,5,0.105,0.8076,5,0
IWM191115P156,2019-11-14,2019-11-14 09:35:44,0.12,0.923,3016,0.1,0.7692,2873,0.13,1.0,5,0.11,0.8461,5,0
IWM191115P156,2019-11-14,2019-11-14 09:35:45,0.11,0.8461,20,0.1,0.7692,2996,0.13,1.0,5,0.105,0.8076,5,0
IWM191115P156,2019-11-14,2019-11-14 09:35:46,0.11,0.8461,219,0.1,0.7692,2992,0.13,1.0,5,0.105,0.8076,5,0
IWM191115P156,2019-11-14,2019-11-14 09:35:46,0.11,0.8461,20,0.1,0.7692,2996,0.13,1.0,5,0.105,0.8076,5,0
IWM191115P156,2019-11-14,2019-11-14 09:35:47,0.11,0.8461,219,0.1,0.7692,2992,0.13,1.0,5,0.105,0.8076,5,0
IWM191115P156,2019-11-14,2019-11-14 09:35:47,0.11,0.8461,285,0.1,0.7692,2992,0.13,1.0,5,0.105,0.8076,5,0
IWM191115P156,2019-11-14,2019-11-14 09:35:48,0.11,0.8461,1917,0.1,0.7692,2754,0.13,1.0,5,0.105,0.8076,5,0
IWM191115P156,2019-11-14,2019-11-14 09:35:48,0.11,0.8461,387,0.1,0.7692,2073,0.13,1.0,5,0.105,0.8076,5,0
IWM191115P156,2019-11-14,2019-11-14 09:35:49,0.11,0.8461,3028,0.1,0.7692,2674,0.13,1.0,5,0.105,0.8076,5,0
IWM191115P156,2019-11-14,2019-11-14 09:35:49,0.11,0.8461,2942,0.1,0.7692,2733,0.13,1.0,5,0.105,0.8076,5,0
IWM191115P156,2019-11-14,2019-11-14 09:35:50,0.11,0.8461,3606,0.1,0.7692,1138,0.13,1.0,5,0.105,0.8076,5,0
IWM191115P156,2019-11-14,2019-11-14 09:35:50,0.11,0.8461,2739,0.1,0.7692,824,0.13,1.0,5,0.105,0.8076,5,0
IWM191115P156,2019-11-14,2019-11-14 09:35:51,0.11,0.8461,3606,0.1,0.7692,1138,0.13,1.0,5,0.105,0.8076,5,0
IWM191115P156,2019-11-14,2019-11-14 09:35:51,0.11,0.8461,2739,0.1,0.7692,881,0.13,1.0,5,0.105,0.8076,5,0
IWM191115P156,2019-11-14,2019-11-14 09:35:52,0.11,0.8461,2439,0.1,0.7692,881,0.13,1.0,5,0.105,0.8076,5,0
IWM191115P156,2019-11-14,2019-11-14 09:35:52,0.11,0.8461,2739,0.1,0.7692,970,0.13,1.0,5,0.105,0.8076,5,0
IWM191115P156,2019-11-14,2019-11-14 09:35:53,0.11,0.8461,2739,0.1,0.7692,701,0.13,1.0,5,0.105,0.8076,5,0
IWM191115P156,2019-11-14,2019-11-14 09:35:53,0.11,0.8461,2739,0.1,0.7692,273,0.13,1.0,5,0.105,0.8076,5,0
IWM191115P156,2019-11-14,2019-11-14 09:35:54,0.11,0.8461,2739,0.1,0.7692,662,0.13,1.0,5,0.105,0.8076,5,0
IWM191115P156,2019-11-14,2019-11-14 09:35:54,0.11,0.8461,3149,0.1,0.7692,1118,0.13,1.0,5,0.105,0.8076,5,0
IWM191115P156,2019-11-14,2019-11-14 09:35:55,0.11,0.8461,2327,0.1,0.7692,662,0.13,1.0,5,0.105,0.8076,5,0
IWM191115P156,2019-11-14,2019-11-14 09:35:55,0.11,0.8461,3147,0.1,0.7692,1022,0.13,1.0,5,0.105,0.8076,5,0
IWM191115P156,2019-11-14,2019-11-14 09:35:56,0.11,0.8461,2393,0.1,0.7692,506,0.13,1.0,5,0.105,0.8076,5,0
IWM191115P156,2019-11-14,2019-11-14 09:35:56,0.11,0.8461,3447,0.1,0.7692,1025,0.13,1.0,5,0.105,0.8076,5,0
IWM191115P156,2019-11-14,2019-11-14 09:35:57,0.11,0.8461,2393,0.1,0.7692,506,0.13,1.0,5,0.105,0.8076,5,0
IWM191115P156,2019-11-14,2019-11-14 09:35:57,0.11,0.8461,3006,0.1,0.7692,759,0.13,1.0,5,0.105,0.8076,5,0
IWM191115P156,2019-11-14,2019-11-14 09:35:58,0.11,0.8461,3346,0.1,0.7692,896,0.13,1.0,5,0.105,0.8076,5,0
IWM191115P156,2019-11-14,2019-11-14 09:35:59,0.11,0.8461,3646,0.1,0.7692,1057,0.13,1.0,5,0.105,0.8076,5,0
IWM191115P156,2019-11-14,2019-11-14 09:36:00,0.11,0.8461,3415,0.09,0.6923,2382,0.13,1.0,5,0.1,0.7692,5,0
IWM191115P156,2019-11-14,2019-11-14 09:36:00,0.11,0.8461,3646,0.1,0.7692,1057,0.13,1.0,5,0.105,0.8076,5,0
IWM191115P156,2019-11-14,2019-11-14 09:36:01,0.11,0.8461,2623,0.09,0.6923,2060,0.13,1.0,5,0.1,0.7692,5,0
IWM191115P156,2019-11-14,2019-11-14 09:36:01,0.11,0.8461,2488,0.09,0.6923,2060,0.13,1.0,5,0.1,0.7692,5,0
IWM191115P156,2019-11-14,2019-11-14 09:36:02,0.11,0.8461,2992,0.09,0.6923,2506,0.13,1.0,5,0.1,0.7692,5,0
IWM191115P156,2019-11-14,2019-11-14 09:36:02,0.11,0.8461,2488,0.09,0.6923,2060,0.13,1.0,5,0.1,0.7692,5,0
IWM191115P156,2019-11-14,2019-11-14 09:36:03,0.11,0.8461,3329,0.1,0.7692,1403,0.13,1.0,5,0.105,0.8076,5,0
IWM191115P156,2019-11-14,2019-11-14 09:36:03,0.11,0.8461,2488,0.1,0.7692,212,0.13,1.0,5,0.105,0.8076,5,0
IWM191115P156,2019-11-14,2019-11-14 09:36:04,0.11,0.8461,1848,0.1,0.7692,909,0.13,1.0,5,0.105,0.8076,5,0
IWM191115P156,2019-11-14,2019-11-14 09:36:04,0.11,0.8461,3301,0.1,0.7692,1403,0.13,1.0,5,0.105,0.8076,5,0
IWM191115P156,2019-11-14,2019-11-14 09:36:05,0.11,0.8461,87,0.1,0.7692,1259,0.13,1.0,5,0.105,0.8076,5,0
IWM191115P156,2019-11-14,2019-11-14 09:36:05,0.11,0.8461,69,0.1,0.7692,1170,0.13,1.0,5,0.105,0.8076,5,0
IWM191115P156,2019-11-14,2019-11-14 09:36:06,0.11,0.8461,159,0.1,0.7692,1047,0.13,1.0,5,0.105,0.8076,5,0
IWM191115P156,2019-11-14,2019-11-14 09:36:06,0.11,0.8461,30,0.1,0.7692,1423,0.13,1.0,5,0.105,0.8076,5,0
IWM191115P156,2019-11-14,2019-11-14 09:36:07,0.11,0.8461,425,0.1,0.7692,1638,0.13,1.0,5,0.105,0.8076,5,0
IWM191115P156,2019-11-14,2019-11-14 09:36:07,0.11,0.8461,928,0.1,0.7692,69,0.13,1.0,5,0.105,0.8076,5,0
IWM191115P156,2019-11-14,2019-11-14 09:36:08,0.11,0.8461,812,0.1,0.7692,59,0.13,1.0,5,0.105,0.8076,5,0
IWM191115P156,2019-11-14,2019-11-14 09:36:08,0.11,0.8461,3078,0.1,0.7692,59,0.13,1.0,5,0.105,0.8076,5,0
IWM191115P156,2019-11-14,2019-11-14 09:36:09,0.11,0.8461,1354,0.09,0.6923,732,0.13,1.0,5,0.1,0.7692,5,0
IWM191115P156,2019-11-14,2019-11-14 09:36:10,0.11,0.8461,1771,0.09,0.6923,1312,0.13,1.0,5,0.1,0.7692,5,0
IWM191115P156,2019-11-14,2019-11-14 09:36:10,0.11,0.8461,2724,0.09,0.6923,2067,0.13,1.0,5,0.1,0.7692,5,0
IWM191115P156,2019-11-14,2019-11-14 09:36:11,0.11,0.8461,3198,0.09,0.6923,2511,0.13,1.0,5,0.1,0.7692,5,0
IWM191115P156,2019-11-14,2019-11-14 09:36:12,0.11,0.8461,2116,0.09,0.6923,1811,0.13,1.0,5,0.1,0.7692,5,0
IWM191115P156,2019-11-14,2019-11-14 09:36:13,0.11,0.8461,2116,0.09,0.6923,1811,0.13,1.0,5,0.1,0.7692,5,0
IWM191115P156,2019-11-14,2019-11-14 09:36:14,0.11,0.8461,2116,0.09,0.6923,1811,0.13,1.0,5,0.1,0.7692,5,0
IWM191115P156,2019-11-14,2019-11-14 09:36:14,0.11,0.8461,2924,0.09,0.6923,2570,0.13,1.0,5,0.1,0.7692,5,0
IWM191115P156,2019-11-14,2019-11-14 09:36:15,0.11,0.8461,2116,0.09,0.6923,1811,0.13,1.0,5,0.1,0.7692,5,0
IWM191115P156,2019-11-14,2019-11-14 09:36:16,0.11,0.8461,2116,0.09,0.6923,1811,0.13,1.0,5,0.1,0.7692,5,0
IWM191115P156,2019-11-14,2019-11-14 09:36:17,0.11,0.8461,2924,0.09,0.6923,2570,0.13,1.0,5,0.1,0.7692,5,0
IWM191115P156,2019-11-14,2019-11-14 09:36:17,0.1,0.7692,171,0.09,0.6923,1191,0.13,1.0,5,0.095,0.7307,5,0
IWM191115P156,2019-11-14,2019-11-14 09:36:18,0.11,0.8461,624,0.09,0.6923,532,0.13,1.0,5,0.1,0.7692,5,0
IWM191115P156,2019-11-14,2019-11-14 09:36:19,0.1,0.7692,38,0.09,0.6923,1138,0.13,1.0,5,0.095,0.7307,5,0
IWM191115P156,2019-11-14,2019-11-14 09:36:19,0.11,0.8461,1371,0.09,0.6923,1118,0.13,1.0,5,0.1,0.7692,5,0
IWM191115P156,2019-11-14,2019-11-14 09:36:20,0.1,0.7692,38,0.09,0.6923,765,0.13,1.0,5,0.095,0.7307,5,0
IWM191115P156,2019-11-14,2019-11-14 09:36:20,0.1,0.7692,55,0.09,0.6923,1738,0.13,1.0,5,0.095,0.7307,5,0
IWM191115P156,2019-11-14,2019-11-14 09:36:21,0.1,0.7692,55,0.09,0.6923,1738,0.13,1.0,5,0.095,0.7307,5,0
IWM191115P156,2019-11-14,2019-11-14 09:36:23,0.1,0.7692,276,0.09,0.6923,2095,0.13,1.0,5,0.095,0.7307,5,0
IWM191115P156,2019-11-14,2019-11-14 09:36:24,0.1,0.7692,20,0.09,0.6923,2457,0.13,1.0,5,0.095,0.7307,5,0
IWM191115P156,2019-11-14,2019-11-14 09:36:24,0.1,0.7692,32,0.09,0.6923,1422,0.13,1.0,5,0.095,0.7307,5,0
IWM191115P156,2019-11-14,2019-11-14 09:36:25,0.11,0.8461,1777,0.09,0.6923,2506,0.13,1.0,5,0.1,0.7692,5,0
IWM191115P156,2019-11-14,2019-11-14 09:36:25,0.11,0.8461,1254,0.09,0.6923,2206,0.13,1.0,5,0.1,0.7692,5,0
IWM191115P156,2019-11-14,2019-11-14 09:36:26,0.11,0.8461,2018,0.09,0.6923,2506,0.13,1.0,5,0.1,0.7692,5,0
IWM191115P156,2019-11-14,2019-11-14 09:36:27,0.11,0.8461,2165,0.1,0.7692,315,0.13,1.0,5,0.105,0.8076,5,0
IWM191115P156,2019-11-14,2019-11-14 09:36:27,0.11,0.8461,1460,0.1,0.7692,173,0.13,1.0,5,0.105,0.8076,5,0
IWM191115P156,2019-11-14,2019-11-14 09:36:28,0.11,0.8461,1291,0.1,0.7692,607,0.13,1.0,5,0.105,0.8076,5,0
IWM191115P156,2019-11-14,2019-11-14 09:36:28,0.11,0.8461,843,0.1,0.7692,258,0.13,1.0,5,0.105,0.8076,5,0
IWM191115P156,2019-11-14,2019-11-14 09:36:29,0.11,0.8461,2925,0.1,0.7692,1695,0.1,0.7692,10,0.105,0.8076,25,20
IWM191115P156,2019-11-14,2019-11-14 09:36:29,0.11,0.8461,724,0.1,0.7692,332,0.13,1.0,5,0.105,0.8076,5,0
IWM191115P156,2019-11-14,2019-11-14 09:36:30,0.11,0.8461,3044,0.1,0.7692,1133,0.1,0.7692,10,0.105,0.8076,25,0
IWM191115P156,2019-11-14,2019-11-14 09:36:30,0.11,0.8461,3044,0.1,0.7692,1367,0.1,0.7692,10,0.105,0.8076,25,0
IWM191115P156,2019-11-14,2019-11-14 09:36:31,0.11,0.8461,3059,0.1,0.7692,222,0.1,0.7692,10,0.105,0.8076,25,0
IWM191115P156,2019-11-14,2019-11-14 09:36:31,0.11,0.8461,2236,0.1,0.7692,123,0.1,0.7692,10,0.105,0.8076,25,0
IWM191115P156,2019-11-14,2019-11-14 09:36:32,0.11,0.8461,3059,0.1,0.7692,294,0.1,0.7692,10,0.105,0.8076,25,0
IWM191115P156,2019-11-14,2019-11-14 09:36:33,0.11,0.8461,3059,0.1,0.7692,465,0.1,0.7692,10,0.105,0.8076,25,0
IWM191115P156,2019-11-14,2019-11-14 09:36:34,0.11,0.8461,3019,0.1,0.7692,1316,0.1,0.7692,10,0.105,0.8076,25,0
IWM191115P156,2019-11-14,2019-11-14 09:36:34,0.11,0.8461,2719,0.1,0.7692,612,0.1,0.7692,10,0.105,0.8076,25,0
IWM191115P156,2019-11-14,2019-11-14 09:36:35,0.11,0.8461,2931,0.1,0.7692,1805,0.1,0.7692,10,0.105,0.8076,25,0
IWM191115P156,2019-11-14,2019-11-14 09:36:35,0.11,0.8461,2124,0.1,0.7692,867,0.1,0.7692,10,0.105,0.8076,25,0
IWM191115P156,2019-11-14,2019-11-14 09:36:36,0.11,0.8461,737,0.1,0.7692,577,0.1,0.7692,10,0.105,0.8076,25,0
IWM191115P156,2019-11-14,2019-11-14 09:36:37,0.11,0.8461,814,0.1,0.7692,608,0.1,0.7692,10,0.105,0.8076,25,0
IWM191115P156,2019-11-14,2019-11-14 09:36:37,0.11,0.8461,1328,0.1,0.7692,1186,0.1,0.7692,10,0.105,0.8076,25,0
IWM191115P156,2019-11-14,2019-11-14 09:36:38,0.11,0.8461,2041,0.1,0.7692,1547,0.1,0.7692,10,0.105,0.8076,25,0
IWM191115P156,2019-11-14,2019-11-14 09:36:38,0.11,0.8461,1892,0.1,0.7692,1129,0.1,0.7692,10,0.105,0.8076,25,0
IWM191115P156,2019-11-14,2019-11-14 09:36:39,0.11,0.8461,1686,0.1,0.7692,1090,0.1,0.7692,10,0.105,0.8076,25,0
IWM191115P156,2019-11-14,2019-11-14 09:36:39,0.11,0.8461,1686,0.1,0.7692,934,0.1,0.7692,10,0.105,0.8076,25,0
IWM191115P156,2019-11-14,2019-11-14 09:36:40,0.11,0.8461,1305,0.1,0.7692,65,0.1,0.7692,10,0.105,0.8076,25,0
IWM191115P156,2019-11-14,2019-11-14 09:36:41,0.11,0.8461,1184,0.1,0.7692,485,0.1,0.7692,10,0.105,0.8076,25,0
IWM191115P156,2019-11-14,2019-11-14 09:36:44,0.11,0.8461,2460,0.1,0.7692,1339,0.1,0.7692,10,0.105,0.8076,25,0
IWM191115P156,2019-11-14,2019-11-14 09:36:44,0.11,0.8461,2460,0.1,0.7692,1089,0.1,0.7692,10,0.105,0.8076,25,0
IWM191115P156,2019-11-14,2019-11-14 09:36:45,0.11,0.8461,2460,0.1,0.7692,1339,0.1,0.7692,10,0.105,0.8076,25,0
IWM191115P156,2019-11-14,2019-11-14 09:36:47,0.11,0.8461,2857,0.1,0.7692,1950,0.1,0.7692,10,0.105,0.8076,25,0
IWM191115P156,2019-11-14,2019-11-14 09:36:48,0.11,0.8461,1328,0.1,0.7692,1135,0.1,0.7692,10,0.105,0.8076,25,0
IWM191115P156,2019-11-14,2019-11-14 09:36:48,0.11,0.8461,619,0.1,0.7692,442,0.1,0.7692,10,0.105,0.8076,25,0
IWM191115P156,2019-11-14,2019-11-14 09:36:49,0.11,0.8461,1476,0.1,0.7692,1460,0.1,0.7692,10,0.105,0.8076,25,0
IWM191115P156,2019-11-14,2019-11-14 09:36:49,0.11,0.8461,1941,0.1,0.7692,2315,0.1,0.7692,10,0.105,0.8076,25,0
IWM191115P156,2019-11-14,2019-11-14 09:36:50,0.11,0.8461,143,0.1,0.7692,494,0.1,0.7692,10,0.105,0.8076,25,0
IWM191115P156,2019-11-14,2019-11-14 09:36:51,0.12,0.923,1685,0.1,0.7692,1481,0.1,0.7692,10,0.11,0.8461,25,0
IWM191115P156,2019-11-14,2019-11-14 09:36:51,0.11,0.8461,125,0.1,0.7692,846,0.1,0.7692,10,0.105,0.8076,25,0
IWM191115P156,2019-11-14,2019-11-14 09:36:52,0.12,0.923,1376,0.1,0.7692,1146,0.1,0.7692,10,0.11,0.8461,25,0
IWM191115P156,2019-11-14,2019-11-14 09:36:52,0.12,0.923,2765,0.1,0.7692,2489,0.1,0.7692,10,0.11,0.8461,25,0
IWM191115P156,2019-11-14,2019-11-14 09:36:53,0.12,0.923,1676,0.1,0.7692,1009,0.1,0.7692,10,0.11,0.8461,25,0
IWM191115P156,2019-11-14,2019-11-14 09:36:53,0.12,0.923,2438,0.1,0.7692,2223,0.1,0.7692,10,0.11,0.8461,25,0
IWM191115P156,2019-11-14,2019-11-14 09:36:54,0.12,0.923,2256,0.1,0.7692,1990,0.1,0.7692,10,0.11,0.8461,25,0
IWM191115P156,2019-11-14,2019-11-14 09:36:54,0.12,0.923,3086,0.1,0.7692,2779,0.1,0.7692,10,0.11,0.8461,25,0
IWM191115P156,2019-11-14,2019-11-14 09:36:55,0.12,0.923,3086,0.1,0.7692,2779,0.1,0.7692,10,0.11,0.8461,25,0
IWM191115P156,2019-11-14,2019-11-14 09:36:56,0.12,0.923,3086,0.1,0.7692,2779,0.1,0.7692,10,0.11,0.8461,25,0
IWM191115P156,2019-11-14,2019-11-14 09:36:57,0.12,0.923,3086,0.1,0.7692,2779,0.1,0.7692,10,0.11,0.8461,25,0
IWM191115P156,2019-11-14,2019-11-14 09:36:58,0.12,0.923,3086,0.1,0.7692,2779,0.1,0.7692,10,0.11,0.8461,25,0
IWM191115P156,2019-11-14,2019-11-14 09:36:59,0.12,0.923,3090,0.1,0.7692,2768,0.1,0.7692,10,0.11,0.8461,25,0
IWM191115P156,2019-11-14,2019-11-14 09:36:59,0.12,0.923,3086,0.1,0.7692,2779,0.1,0.7692,10,0.11,0.8461,25,0
IWM191115P156,2019-11-14,2019-11-14 09:37:00,0.12,0.923,3049,0.1,0.7692,2774,0.1,0.7692,10,0.11,0.8461,25,0
IWM191115P156,2019-11-14,2019-11-14 09:37:00,0.12,0.923,3090,0.1,0.7692,2768,0.1,0.7692,10,0.11,0.8461,25,0
IWM191115P156,2019-11-14,2019-11-14 09:37:01,0.12,0.923,3041,0.11,0.8461,97,0.1,0.7692,10,0.115,0.8846,25,0
IWM191115P156,2019-11-14,2019-11-14 09:37:01,0.12,0.923,3041,0.11,0.8461,32,0.1,0.7692,10,0.115,0.8846,25,0
IWM191115P156,2019-11-14,2019-11-14 09:37:02,0.12,0.923,2946,0.11,0.8461,97,0.1,0.7692,10,0.115,0.8846,25,0
IWM191115P156,2019-11-14,2019-11-14 09:37:02,0.12,0.923,2946,0.11,0.8461,489,0.1,0.7692,10,0.115,0.8846,25,0
IWM191115P156,2019-11-14,2019-11-14 09:37:03,0.12,0.923,1244,0.11,0.8461,970,0.1,0.7692,10,0.115,0.8846,25,0
IWM191115P156,2019-11-14,2019-11-14 09:37:03,0.12,0.923,2253,0.11,0.8461,360,0.1,0.7692,10,0.115,0.8846,25,0
IWM191115P156,2019-11-14,2019-11-14 09:37:04,0.12,0.923,1491,0.11,0.8461,939,0.1,0.7692,10,0.115,0.8846,25,0
IWM191115P156,2019-11-14,2019-11-14 09:37:05,0.12,0.923,1766,0.11,0.8461,1261,0.1,0.7692,10,0.115,0.8846,25,0
IWM191115P156,2019-11-14,2019-11-14 09:37:06,0.12,0.923,1766,0.11,0.8461,1261,0.1,0.7692,10,0.115,0.8846,25,0
IWM191115P156,2019-11-14,2019-11-14 09:37:06,0.12,0.923,1863,0.11,0.8461,1339,0.1,0.7692,10,0.115,0.8846,25,0
IWM191115P156,2019-11-14,2019-11-14 09:37:07,0.12,0.923,2205,0.11,0.8461,859,0.1,0.7692,10,0.115,0.8846,25,0
IWM191115P156,2019-11-14,2019-11-14 09:37:07,0.12,0.923,2474,0.11,0.8461,1391,0.1,0.7692,10,0.115,0.8846,25,0
IWM191115P156,2019-11-14,2019-11-14 09:37:08,0.12,0.923,2205,0.11,0.8461,354,0.1,0.7692,10,0.115,0.8846,25,0
IWM191115P156,2019-11-14,2019-11-14 09:37:08,0.12,0.923,3148,0.11,0.8461,656,0.1,0.7692,10,0.115,0.8846,25,0
IWM191115P156,2019-11-14,2019-11-14 09:37:09,0.12,0.923,3101,0.11,0.8461,620,0.1,0.7692,10,0.115,0.8846,25,0
IWM191115P156,2019-11-14,2019-11-14 09:37:09,0.12,0.923,3202,0.11,0.8461,571,0.1,0.7692,10,0.115,0.8846,25,0
IWM191115P156,2019-11-14,2019-11-14 09:37:10,0.12,0.923,3155,0.11,0.8461,571,0.1,0.7692,10,0.115,0.8846,25,0
IWM191115P156,2019-11-14,2019-11-14 09:37:10,0.12,0.923,3211,0.11,0.8461,571,0.1,0.7692,10,0.115,0.8846,25,0
IWM191115P156,2019-11-14,2019-11-14 09:37:11,0.12,0.923,2890,0.1,0.7692,999,0.1,0.7692,10,0.11,0.8461,25,0
IWM191115P156,2019-11-14,2019-11-14 09:37:11,0.12,0.923,3190,0.1,0.7692,1844,0.1,0.7692,10,0.11,0.8461,25,0
IWM191115P156,2019-11-14,2019-11-14 09:37:12,0.12,0.923,3180,0.1,0.7692,1808,0.1,0.7692,10,0.11,0.8461,25,0
IWM191115P156,2019-11-14,2019-11-14 09:37:12,0.12,0.923,3173,0.1,0.7692,1808,0.1,0.7692,10,0.11,0.8461,25,0
IWM191115P156,2019-11-14,2019-11-14 09:37:13,0.12,0.923,3056,0.1,0.7692,1727,0.1,0.7692,10,0.11,0.8461,25,0
IWM191115P156,2019-11-14,2019-11-14 09:37:14,0.12,0.923,2699,0.1,0.7692,1288,0.1,0.7692,10,0.11,0.8461,25,0
IWM191115P156,2019-11-14,2019-11-14 09:37:14,0.12,0.923,2989,0.1,0.7692,1640,0.1,0.7692,10,0.11,0.8461,25,0
IWM191115P156,2019-11-14,2019-11-14 09:37:15,0.12,0.923,2816,0.1,0.7692,1391,0.1,0.7692,10,0.11,0.8461,25,0
IWM191115P156,2019-11-14,2019-11-14 09:37:15,0.12,0.923,3125,0.1,0.7692,1747,0.1,0.7692,10,0.11,0.8461,25,0
IWM191115P156,2019-11-14,2019-11-14 09:37:16,0.12,0.923,2816,0.1,0.7692,1390,0.1,0.7692,10,0.11,0.8461,25,0
IWM191115P156,2019-11-14,2019-11-14 09:37:16,0.12,0.923,2816,0.1,0.7692,1391,0.1,0.7692,10,0.11,0.8461,25,0
IWM191115P156,2019-11-14,2019-11-14 09:37:17,0.12,0.923,1358,0.1,0.7692,983,0.1,0.7692,10,0.11,0.8461,25,0
IWM191115P156,2019-11-14,2019-11-14 09:37:17,0.12,0.923,1631,0.1,0.7692,1260,0.1,0.7692,10,0.11,0.8461,25,0
IWM191115P156,2019-11-14,2019-11-14 09:37:18,0.12,0.923,1631,0.1,0.7692,1260,0.1,0.7692,10,0.11,0.8461,25,0
IWM191115P156,2019-11-14,2019-11-14 09:37:19,0.12,0.923,1631,0.1,0.7692,1260,0.1,0.7692,10,0.11,0.8461,25,0
IWM191115P156,2019-11-14,2019-11-14 09:37:20,0.12,0.923,1631,0.1,0.7692,1153,0.1,0.7692,10,0.11,0.8461,25,0
IWM191115P156,2019-11-14,2019-11-14 09:37:20,0.12,0.923,2446,0.11,0.8461,1,0.1,0.7692,10,0.115,0.8846,25,0
IWM191115P156,2019-11-14,2019-11-14 09:37:21,0.12,0.923,2446,0.11,0.8461,1,0.1,0.7692,10,0.115,0.8846,25,0
IWM191115P156,2019-11-14,2019-11-14 09:37:21,0.12,0.923,1548,0.11,0.8461,1,0.1,0.7692,10,0.115,0.8846,25,0
IWM191115P156,2019-11-14,2019-11-14 09:37:22,0.12,0.923,2682,0.1,0.7692,1110,0.1,0.7692,10,0.11,0.8461,25,0
IWM191115P156,2019-11-14,2019-11-14 09:37:22,0.12,0.923,1548,0.11,0.8461,2,0.1,0.7692,10,0.115,0.8846,25,0
IWM191115P156,2019-11-14,2019-11-14 09:37:23,0.12,0.923,1138,0.1,0.7692,1177,0.1,0.7692,10,0.11,0.8461,25,0
IWM191115P156,2019-11-14,2019-11-14 09:37:23,0.11,0.8461,150,0.1,0.7692,1177,0.1,0.7692,10,0.105,0.8076,25,0
IWM191115P156,2019-11-14,2019-11-14 09:37:24,0.12,0.923,1366,0.11,0.8461,13,0.1,0.7692,10,0.115,0.8846,25,0
IWM191115P156,2019-11-14,2019-11-14 09:37:25,0.11,0.8461,534,0.1,0.7692,1178,0.1,0.7692,10,0.105,0.8076,25,0
IWM191115P156,2019-11-14,2019-11-14 09:37:25,0.12,0.923,1373,0.11,0.8461,13,0.1,0.7692,10,0.115,0.8846,25,0
IWM191115P156,2019-11-14,2019-11-14 09:37:26,0.11,0.8461,63,0.1,0.7692,737,0.1,0.7692,10,0.105,0.8076,25,0
IWM191115P156,2019-11-14,2019-11-14 09:37:26,0.11,0.8461,150,0.1,0.7692,771,0.1,0.7692,10,0.105,0.8076,25,0
IWM191115P156,2019-11-14,2019-11-14 09:37:27,0.11,0.8461,150,0.1,0.7692,1259,0.1,0.7692,10,0.105,0.8076,25,0
IWM191115P156,2019-11-14,2019-11-14 09:37:28,0.11,0.8461,235,0.1,0.7692,1259,0.1,0.7692,10,0.105,0.8076,25,0
IWM191115P156,2019-11-14,2019-11-14 09:37:29,0.11,0.8461,451,0.1,0.7692,1259,0.1,0.7692,10,0.105,0.8076,25,0
IWM191115P156,2019-11-14,2019-11-14 09:37:29,0.11,0.8461,648,0.1,0.7692,818,0.1,0.7692,10,0.105,0.8076,25,0
IWM191115P156,2019-11-14,2019-11-14 09:37:30,0.11,0.8461,707,0.1,0.7692,941,0.1,0.7692,10,0.105,0.8076,25,0
IWM191115P156,2019-11-14,2019-11-14 09:37:30,0.11,0.8461,653,0.1,0.7692,981,0.1,0.7692,10,0.105,0.8076,25,0
IWM191115P156,2019-11-14,2019-11-14 09:37:31,0.11,0.8461,888,0.1,0.7692,892,0.1,0.7692,10,0.105,0.8076,25,0
IWM191115P156,2019-11-14,2019-11-14 09:37:31,0.11,0.8461,708,0.1,0.7692,794,0.1,0.7692,10,0.105,0.8076,25,0
IWM191115P156,2019-11-14,2019-11-14 09:37:32,0.11,0.8461,888,0.1,0.7692,892,0.1,0.7692,10,0.105,0.8076,25,0
IWM191115P156,2019-11-14,2019-11-14 09:37:33,0.11,0.8461,888,0.1,0.7692,858,0.1,0.7692,10,0.105,0.8076,25,0
IWM191115P156,2019-11-14,2019-11-14 09:37:33,0.11,0.8461,888,0.1,0.7692,892,0.1,0.7692,10,0.105,0.8076,25,0
IWM191115P156,2019-11-14,2019-11-14 09:37:34,0.11,0.8461,888,0.1,0.7692,901,0.1,0.7692,10,0.105,0.8076,25,0
IWM191115P156,2019-11-14,2019-11-14 09:37:34,0.11,0.8461,888,0.1,0.7692,860,0.1,0.7692,10,0.105,0.8076,25,0
IWM191115P156,2019-11-14,2019-11-14 09:37:35,0.11,0.8461,499,0.1,0.7692,637,0.1,0.7692,10,0.105,0.8076,25,0
IWM191115P156,2019-11-14,2019-11-14 09:37:35,0.11,0.8461,888,0.1,0.7692,893,0.1,0.7692,10,0.105,0.8076,25,0
IWM191115P156,2019-11-14,2019-11-14 09:37:36,0.11,0.8461,871,0.1,0.7692,1034,0.1,0.7692,10,0.105,0.8076,25,0
IWM191115P156,2019-11-14,2019-11-14 09:37:36,0.11,0.8461,581,0.1,0.7692,1114,0.1,0.7692,10,0.105,0.8076,25,0
IWM191115P156,2019-11-14,2019-11-14 09:37:37,0.11,0.8461,584,0.1,0.7692,1114,0.1,0.7692,10,0.105,0.8076,25,0
IWM191115P156,2019-11-14,2019-11-14 09:37:37,0.11,0.8461,534,0.1,0.7692,1114,0.1,0.7692,10,0.105,0.8076,25,0
IWM191115P156,2019-11-14,2019-11-14 09:37:38,0.11,0.8461,534,0.1,0.7692,1114,0.1,0.7692,10,0.105,0.8076,25,0
IWM191115P156,2019-11-14,2019-11-14 09:37:38,0.11,0.8461,413,0.1,0.7692,865,0.1,0.7692,10,0.105,0.8076,25,0
IWM191115P156,2019-11-14,2019-11-14 09:37:39,0.11,0.8461,301,0.1,0.7692,1134,0.1,0.7692,10,0.105,0.8076,25,0
IWM191115P156,2019-11-14,2019-11-14 09:37:39,0.11,0.8461,256,0.1,0.7692,1134,0.1,0.7692,10,0.105,0.8076,25,0
IWM191115P156,2019-11-14,2019-11-14 09:37:40,0.12,0.923,821,0.1,0.7692,1134,0.1,0.7692,10,0.11,0.8461,25,0
IWM191115P156,2019-11-14,2019-11-14 09:37:40,0.12,0.923,1359,0.1,0.7692,1134,0.1,0.7692,10,0.11,0.8461,25,0
IWM191115P156,2019-11-14,2019-11-14 09:37:41,0.12,0.923,1578,0.1,0.7692,1134,0.1,0.7692,10,0.11,0.8461,25,0
IWM191115P156,2019-11-14,2019-11-14 09:37:42,0.12,0.923,1278,0.1,0.7692,761,0.1,0.7692,10,0.11,0.8461,25,0
IWM191115P156,2019-11-14,2019-11-14 09:37:42,0.12,0.923,1578,0.1,0.7692,1134,0.1,0.7692,10,0.11,0.8461,25,0
IWM191115P156,2019-11-14,2019-11-14 09:37:43,0.12,0.923,1278,0.1,0.7692,756,0.1,0.7692,10,0.11,0.8461,25,0
IWM191115P156,2019-11-14,2019-11-14 09:37:44,0.12,0.923,1278,0.1,0.7692,756,0.1,0.7692,10,0.11,0.8461,25,0
IWM191115P156,2019-11-14,2019-11-14 09:37:44,0.12,0.923,1278,0.1,0.7692,784,0.1,0.7692,10,0.11,0.8461,25,0
IWM191115P156,2019-11-14,2019-11-14 09:37:45,0.12,0.923,1948,0.1,0.7692,878,0.1,0.7692,10,0.11,0.8461,25,0
IWM191115P156,2019-11-14,2019-11-14 09:37:45,0.12,0.923,1900,0.1,0.7692,890,0.1,0.7692,10,0.11,0.8461,25,0
IWM191115P156,2019-11-14,2019-11-14 09:37:46,0.12,0.923,2728,0.1,0.7692,1255,0.1,0.7692,10,0.11,0.8461,25,0
IWM191115P156,2019-11-14,2019-11-14 09:37:46,0.12,0.923,2345,0.1,0.7692,1255,0.1,0.7692,10,0.11,0.8461,25,0
IWM191115P156,2019-11-14,2019-11-14 09:37:47,0.12,0.923,2728,0.1,0.7692,1255,0.1,0.7692,10,0.11,0.8461,25,0
IWM191115P156,2019-11-14,2019-11-14 09:37:47,0.12,0.923,2058,0.1,0.7692,898,0.1,0.7692,10,0.11,0.8461,25,0
IWM191115P156,2019-11-14,2019-11-14 09:37:48,0.12,0.923,2859,0.1,0.7692,1409,0.1,0.7692,10,0.11,0.8461,25,0
IWM191115P156,2019-11-14,2019-11-14 09:37:49,0.12,0.923,2859,0.11,0.8461,66,0.1,0.7692,10,0.115,0.8846,25,0
IWM191115P156,2019-11-14,2019-11-14 09:37:49,0.12,0.923,2859,0.1,0.7692,1409,0.1,0.7692,10,0.11,0.8461,25,0
IWM191115P156,2019-11-14,2019-11-14 09:37:50,0.12,0.923,2058,0.11,0.8461,118,0.1,0.7692,10,0.115,0.8846,25,0
IWM191115P156,2019-11-14,2019-11-14 09:37:51,0.12,0.923,2717,0.11,0.8461,680,0.1,0.7692,10,0.115,0.8846,25,0
IWM191115P156,2019-11-14,2019-11-14 09:37:51,0.12,0.923,2745,0.11,0.8461,457,0.1,0.7692,10,0.115,0.8846,25,0
IWM191115P156,2019-11-14,2019-11-14 09:37:52,0.12,0.923,2633,0.11,0.8461,989,0.1,0.7692,10,0.115,0.8846,25,0
IWM191115P156,2019-11-14,2019-11-14 09:37:53,0.12,0.923,2857,0.11,0.8461,501,0.1,0.7692,10,0.115,0.8846,25,0
IWM191115P156,2019-11-14,2019-11-14 09:37:53,0.12,0.923,2829,0.11,0.8461,989,0.1,0.7692,10,0.115,0.8846,25,0
IWM191115P156,2019-11-14,2019-11-14 09:37:54,0.12,0.923,1653,0.11,0.8461,436,0.1,0.7692,10,0.115,0.8846,25,0
IWM191115P156,2019-11-14,2019-11-14 09:37:54,0.12,0.923,1653,0.11,0.8461,266,0.1,0.7692,10,0.115,0.8846,25,0
IWM191115P156,2019-11-14,2019-11-14 09:37:55,0.12,0.923,2674,0.11,0.8461,436,0.1,0.7692,10,0.115,0.8846,25,0
IWM191115P156,2019-11-14,2019-11-14 09:37:56,0.12,0.923,2356,0.11,0.8461,436,0.1,0.7692,10,0.115,0.8846,25,0
IWM191115P156,2019-11-14,2019-11-14 09:37:56,0.12,0.923,2674,0.11,0.8461,436,0.1,0.7692,10,0.115,0.8846,25,0
IWM191115P156,2019-11-14,2019-11-14 09:37:57,0.12,0.923,2801,0.11,0.8461,435,0.1,0.7692,10,0.115,0.8846,25,0
IWM191115P156,2019-11-14,2019-11-14 09:37:58,0.12,0.923,2801,0.11,0.8461,340,0.1,0.7692,10,0.115,0.8846,25,0
IWM191115P156,2019-11-14,2019-11-14 09:37:58,0.12,0.923,2077,0.11,0.8461,323,0.1,0.7692,10,0.115,0.8846,25,0
IWM191115P156,2019-11-14,2019-11-14 09:37:59,0.12,0.923,1186,0.11,0.8461,253,0.1,0.7692,10,0.115,0.8846,25,0
IWM191115P156,2019-11-14,2019-11-14 09:37:59,0.12,0.923,1224,0.1,0.7692,915,0.1,0.7692,10,0.11,0.8461,25,0
IWM191115P156,2019-11-14,2019-11-14 09:38:00,0.12,0.923,2538,0.1,0.7692,1280,0.1,0.7692,10,0.11,0.8461,25,0
IWM191115P156,2019-11-14,2019-11-14 09:38:00,0.12,0.923,2889,0.1,0.7692,1280,0.1,0.7692,10,0.11,0.8461,25,0
IWM191115P156,2019-11-14,2019-11-14 09:38:01,0.12,0.923,2889,0.1,0.7692,1280,0.1,0.7692,10,0.11,0.8461,25,0
IWM191115P156,2019-11-14,2019-11-14 09:38:02,0.11,0.8461,150,0.1,0.7692,1280,0.1,0.7692,10,0.105,0.8076,25,0
IWM191115P156,2019-11-14,2019-11-14 09:38:02,0.12,0.923,1873,0.1,0.7692,1280,0.1,0.7692,10,0.11,0.8461,25,0
IWM191115P156,2019-11-14,2019-11-14 09:38:03,0.12,0.923,1361,0.1,0.7692,915,0.1,0.7692,10,0.11,0.8461,25,0
IWM191115P156,2019-11-14,2019-11-14 09:38:03,0.12,0.923,1866,0.1,0.7692,1280,0.1,0.7692,10,0.11,0.8461,25,0
IWM191115P156,2019-11-14,2019-11-14 09:38:04,0.12,0.923,1612,0.1,0.7692,915,0.1,0.7692,10,0.11,0.8461,25,0
IWM191115P156,2019-11-14,2019-11-14 09:38:04,0.12,0.923,2057,0.1,0.7692,1280,0.1,0.7692,10,0.11,0.8461,25,0
IWM191115P156,2019-11-14,2019-11-14 09:38:05,0.12,0.923,1847,0.1,0.7692,1409,0.1,0.7692,10,0.11,0.8461,25,0
IWM191115P156,2019-11-14,2019-11-14 09:38:06,0.12,0.923,1847,0.1,0.7692,1409,0.1,0.7692,10,0.11,0.8461,25,0
IWM191115P156,2019-11-14,2019-11-14 09:38:06,0.12,0.923,1847,0.1,0.7692,1317,0.1,0.7692,10,0.11,0.8461,25,0
IWM191115P156,2019-11-14,2019-11-14 09:38:07,0.12,0.923,1847,0.1,0.7692,1317,0.1,0.7692,10,0.11,0.8461,25,0
IWM191115P156,2019-11-14,2019-11-14 09:38:08,0.12,0.923,1847,0.11,0.8461,7,0.1,0.7692,10,0.115,0.8846,25,0
IWM191115P156,2019-11-14,2019-11-14 09:38:08,0.12,0.923,1847,0.1,0.7692,1317,0.1,0.7692,10,0.11,0.8461,25,0
IWM191115P156,2019-11-14,2019-11-14 09:38:09,0.12,0.923,1688,0.11,0.8461,156,0.1,0.7692,10,0.115,0.8846,25,0
IWM191115P156,2019-11-14,2019-11-14 09:38:09,0.12,0.923,1833,0.11,0.8461,156,0.1,0.7692,10,0.115,0.8846,25,0
IWM191115P156,2019-11-14,2019-11-14 09:38:10,0.12,0.923,1674,0.11,0.8461,182,0.1,0.7692,10,0.115,0.8846,25,0
IWM191115P156,2019-11-14,2019-11-14 09:38:10,0.12,0.923,2120,0.11,0.8461,441,0.1,0.7692,10,0.115,0.8846,25,0
IWM191115P156,2019-11-14,2019-11-14 09:38:11,0.12,0.923,1297,0.11,0.8461,904,0.1,0.7692,10,0.115,0.8846,25,0
IWM191115P156,2019-11-14,2019-11-14 09:38:11,0.12,0.923,2107,0.11,0.8461,441,0.1,0.7692,10,0.115,0.8846,25,0
IWM191115P156,2019-11-14,2019-11-14 09:38:12,0.12,0.923,1501,0.11,0.8461,1335,0.1,0.7692,10,0.115,0.8846,25,0
IWM191115P156,2019-11-14,2019-11-14 09:38:12,0.12,0.923,770,0.11,0.8461,564,0.1,0.7692,10,0.115,0.8846,25,0
IWM191115P156,2019-11-14,2019-11-14 09:38:13,0.12,0.923,828,0.11,0.8461,774,0.1,0.7692,10,0.115,0.8846,25,0
IWM191115P156,2019-11-14,2019-11-14 09:38:13,0.12,0.923,832,0.11,0.8461,684,0.1,0.7692,10,0.115,0.8846,25,0
IWM191115P156,2019-11-14,2019-11-14 09:38:14,0.12,0.923,1242,0.11,0.8461,1116,0.1,0.7692,10,0.115,0.8846,25,0
IWM191115P156,2019-11-14,2019-11-14 09:38:14,0.12,0.923,828,0.11,0.8461,774,0.1,0.7692,10,0.115,0.8846,25,0
IWM191115P156,2019-11-14,2019-11-14 09:38:15,0.12,0.923,1242,0.11,0.8461,1031,0.1,0.7692,10,0.115,0.8846,25,0
IWM191115P156,2019-11-14,2019-11-14 09:38:15,0.12,0.923,740,0.11,0.8461,689,0.1,0.7692,10,0.115,0.8846,25,0
IWM191115P156,2019-11-14,2019-11-14 09:38:16,0.12,0.923,1049,0.11,0.8461,1067,0.1,0.7692,10,0.115,0.8846,25,0
IWM191115P156,2019-11-14,2019-11-14 09:38:16,0.12,0.923,740,0.11,0.8461,721,0.1,0.7692,10,0.115,0.8846,25,0
IWM191115P156,2019-11-14,2019-11-14 09:38:17,0.12,0.923,594,0.11,0.8461,661,0.1,0.7692,10,0.115,0.8846,25,0
IWM191115P156,2019-11-14,2019-11-14 09:38:17,0.12,0.923,891,0.11,0.8461,992,0.1,0.7692,10,0.115,0.8846,25,0
IWM191115P156,2019-11-14,2019-11-14 09:38:18,0.12,0.923,891,0.11,0.8461,992,0.1,0.7692,10,0.115,0.8846,25,0
IWM191115P156,2019-11-14,2019-11-14 09:38:19,0.12,0.923,891,0.11,0.8461,992,0.1,0.7692,10,0.115,0.8846,25,0
IWM191115P156,2019-11-14,2019-11-14 09:38:20,0.12,0.923,891,0.11,0.8461,992,0.1,0.7692,10,0.115,0.8846,25,0
IWM191115P156,2019-11-14,2019-11-14 09:38:20,0.12,0.923,1034,0.11,0.8461,1137,0.1,0.7692,10,0.115,0.8846,25,0
IWM191115P156,2019-11-14,2019-11-14 09:38:21,0.12,0.923,1034,0.11,0.8461,1137,0.1,0.7692,10,0.115,0.8846,25,0
IWM191115P156,2019-11-14,2019-11-14 09:38:22,0.12,0.923,1034,0.11,0.8461,1137,0.1,0.7692,10,0.115,0.8846,25,0
IWM191115P156,2019-11-14,2019-11-14 09:38:23,0.12,0.923,1125,0.11,0.8461,1285,0.1,0.7692,10,0.115,0.8846,25,0
IWM191115P156,2019-11-14,2019-11-14 09:38:23,0.12,0.923,1034,0.11,0.8461,1137,0.1,0.7692,10,0.115,0.8846,25,0
IWM191115P156,2019-11-14,2019-11-14 09:38:24,0.12,0.923,1125,0.11,0.8461,1285,0.1,0.7692,10,0.115,0.8846,25,0
IWM191115P156,2019-11-14,2019-11-14 09:38:25,0.12,0.923,1125,0.11,0.8461,1285,0.1,0.7692,10,0.115,0.8846,25,0
IWM191115P156,2019-11-14,2019-11-14 09:38:25,0.12,0.923,446,0.11,0.8461,532,0.1,0.7692,10,0.115,0.8846,25,0
IWM191115P156,2019-11-14,2019-11-14 09:38:26,0.12,0.923,1201,0.11,0.8461,1034,0.1,0.7692,10,0.115,0.8846,25,0
IWM191115P156,2019-11-14,2019-11-14 09:38:26,0.12,0.923,1116,0.11,0.8461,520,0.1,0.7692,10,0.115,0.8846,25,0
IWM191115P156,2019-11-14,2019-11-14 09:38:27,0.12,0.923,1201,0.11,0.8461,1034,0.1,0.7692,10,0.115,0.8846,25,0
IWM191115P156,2019-11-14,2019-11-14 09:38:27,0.12,0.923,1323,0.11,0.8461,1034,0.1,0.7692,10,0.115,0.8846,25,0
IWM191115P156,2019-11-14,2019-11-14 09:38:28,0.12,0.923,472,0.11,0.8461,794,0.1,0.7692,10,0.115,0.8846,25,0
IWM191115P156,2019-11-14,2019-11-14 09:38:28,0.12,0.923,876,0.11,0.8461,794,0.1,0.7692,10,0.115,0.8846,25,0
IWM191115P156,2019-11-14,2019-11-14 09:38:29,0.12,0.923,772,0.11,0.8461,1273,0.1,0.7692,10,0.115,0.8846,25,0
IWM191115P156,2019-11-14,2019-11-14 09:38:29,0.12,0.923,806,0.11,0.8461,1239,0.1,0.7692,10,0.115,0.8846,25,0
IWM191115P156,2019-11-14,2019-11-14 09:38:30,0.12,0.923,806,0.11,0.8461,1196,0.1,0.7692,10,0.115,0.8846,25,0
IWM191115P156,2019-11-14,2019-11-14 09:38:30,0.12,0.923,1008,0.11,0.8461,1100,0.1,0.7692,10,0.115,0.8846,25,0
IWM191115P156,2019-11-14,2019-11-14 09:38:31,0.12,0.923,1168,0.11,0.8461,663,0.1,0.7692,10,0.115,0.8846,25,0
IWM191115P156,2019-11-14,2019-11-14 09:38:31,0.12,0.923,1168,0.11,0.8461,954,0.1,0.7692,10,0.115,0.8846,25,0
IWM191115P156,2019-11-14,2019-11-14 09:38:32,0.12,0.923,1023,0.11,0.8461,1341,0.1,0.7692,10,0.115,0.8846,25,0
IWM191115P156,2019-11-14,2019-11-14 09:38:32,0.12,0.923,489,0.11,0.8461,827,0.1,0.7692,10,0.115,0.8846,25,0
IWM191115P156,2019-11-14,2019-11-14 09:38:33,0.12,0.923,531,0.11,0.8461,1445,0.1,0.7692,10,0.115,0.8846,25,0
IWM191115P156,2019-11-14,2019-11-14 09:38:33,0.12,0.923,567,0.11,0.8461,1445,0.1,0.7692,10,0.115,0.8846,25,0
IWM191115P156,2019-11-14,2019-11-14 09:38:34,0.12,0.923,72,0.11,0.8461,1472,0.1,0.7692,10,0.115,0.8846,25,0
IWM191115P156,2019-11-14,2019-11-14 09:38:34,0.12,0.923,72,0.11,0.8461,728,0.1,0.7692,10,0.115,0.8846,25,0
IWM191115P156,2019-11-14,2019-11-14 09:38:35,0.12,0.923,104,0.11,0.8461,1472,0.1,0.7692,10,0.115,0.8846,25,0
IWM191115P156,2019-11-14,2019-11-14 09:38:36,0.12,0.923,893,0.11,0.8461,1390,0.1,0.7692,10,0.115,0.8846,25,0
IWM191115P156,2019-11-14,2019-11-14 09:38:37,0.12,0.923,814,0.11,0.8461,1390,0.1,0.7692,10,0.115,0.8846,25,0
IWM191115P156,2019-11-14,2019-11-14 09:38:37,0.12,0.923,1118,0.11,0.8461,1390,0.1,0.7692,10,0.115,0.8846,25,0
IWM191115P156,2019-11-14,2019-11-14 09:38:38,0.12,0.923,1109,0.11,0.8461,1344,0.1,0.7692,10,0.115,0.8846,25,0
IWM191115P156,2019-11-14,2019-11-14 09:38:38,0.12,0.923,1109,0.11,0.8461,1347,0.1,0.7692,10,0.115,0.8846,25,0
IWM191115P156,2019-11-14,2019-11-14 09:38:39,0.12,0.923,1356,0.11,0.8461,988,0.1,0.7692,10,0.115,0.8846,25,0
IWM191115P156,2019-11-14,2019-11-14 09:38:39,0.12,0.923,1292,0.11,0.8461,769,0.1,0.7692,10,0.115,0.8846,25,0
IWM191115P156,2019-11-14,2019-11-14 09:38:40,0.12,0.923,1039,0.11,0.8461,736,0.1,0.7692,10,0.115,0.8846,25,0
IWM191115P156,2019-11-14,2019-11-14 09:38:41,0.12,0.923,1047,0.11,0.8461,18,0.1,0.7692,10,0.115,0.8846,25,0
IWM191115P156,2019-11-14,2019-11-14 09:38:41,0.12,0.923,1611,0.11,0.8461,18,0.1,0.7692,10,0.115,0.8846,25,0
IWM191115P156,2019-11-14,2019-11-14 09:38:42,0.12,0.923,1815,0.11,0.8461,160,0.1,0.7692,10,0.115,0.8846,25,0
IWM191115P156,2019-11-14,2019-11-14 09:38:43,0.12,0.923,1894,0.1,0.7692,1176,0.1,0.7692,10,0.11,0.8461,25,0
IWM191115P156,2019-11-14,2019-11-14 09:38:43,0.12,0.923,1551,0.11,0.8461,160,0.1,0.7692,10,0.115,0.8846,25,0
IWM191115P156,2019-11-14,2019-11-14 09:38:44,0.12,0.923,2922,0.1,0.7692,1383,0.1,0.7692,10,0.11,0.8461,25,0
IWM191115P156,2019-11-14,2019-11-14 09:38:44,0.12,0.923,3207,0.1,0.7692,1761,0.1,0.7692,10,0.11,0.8461,25,0
IWM191115P156,2019-11-14,2019-11-14 09:38:45,0.12,0.923,2165,0.1,0.7692,785,0.1,0.7692,10,0.11,0.8461,25,0
IWM191115P156,2019-11-14,2019-11-14 09:38:45,0.12,0.923,2415,0.1,0.7692,1198,0.1,0.7692,10,0.11,0.8461,25,0
IWM191115P156,2019-11-14,2019-11-14 09:38:46,0.12,0.923,3300,0.1,0.7692,1446,0.1,0.7692,10,0.11,0.8461,25,0
IWM191115P156,2019-11-14,2019-11-14 09:38:46,0.12,0.923,2332,0.1,0.7692,834,0.1,0.7692,10,0.11,0.8461,25,0
IWM191115P156,2019-11-14,2019-11-14 09:38:47,0.12,0.923,2339,0.1,0.7692,834,0.1,0.7692,10,0.11,0.8461,25,0
IWM191115P156,2019-11-14,2019-11-14 09:38:47,0.12,0.923,3487,0.1,0.7692,1680,0.1,0.7692,10,0.11,0.8461,25,0
IWM191115P156,2019-11-14,2019-11-14 09:38:48,0.12,0.923,3041,0.1,0.7692,1322,0.1,0.7692,10,0.11,0.8461,25,0
IWM191115P156,2019-11-14,2019-11-14 09:38:49,0.12,0.923,3021,0.1,0.7692,1196,0.1,0.7692,10,0.11,0.8461,25,0
IWM191115P156,2019-11-14,2019-11-14 09:38:50,0.12,0.923,3467,0.1,0.7692,1723,0.1,0.7692,10,0.11,0.8461,25,0
IWM191115P156,2019-11-14,2019-11-14 09:38:50,0.12,0.923,3467,0.1,0.7692,1554,0.1,0.7692,10,0.11,0.8461,25,0
IWM191115P156,2019-11-14,2019-11-14 09:38:51,0.12,0.923,3467,0.1,0.7692,1723,0.1,0.7692,10,0.11,0.8461,25,0
IWM191115P156,2019-11-14,2019-11-14 09:38:52,0.12,0.923,3447,0.1,0.7692,1737,0.1,0.7692,10,0.11,0.8461,25,0
IWM191115P156,2019-11-14,2019-11-14 09:38:53,0.12,0.923,2701,0.1,0.7692,1110,0.1,0.7692,10,0.11,0.8461,25,0
IWM191115P156,2019-11-14,2019-11-14 09:38:54,0.12,0.923,2155,0.1,0.7692,536,0.1,0.7692,10,0.11,0.8461,25,0
IWM191115P156,2019-11-14,2019-11-14 09:38:54,0.12,0.923,2979,0.11,0.8461,13,0.1,0.7692,10,0.115,0.8846,25,0
IWM191115P156,2019-11-14,2019-11-14 09:38:55,0.12,0.923,3147,0.11,0.8461,32,0.1,0.7692,10,0.115,0.8846,25,0
IWM191115P156,2019-11-14,2019-11-14 09:38:55,0.12,0.923,2981,0.11,0.8461,19,0.1,0.7692,10,0.115,0.8846,25,0
IWM191115P156,2019-11-14,2019-11-14 09:38:56,0.12,0.923,3147,0.11,0.8461,32,0.1,0.7692,10,0.115,0.8846,25,0
IWM191115P156,2019-11-14,2019-11-14 09:38:57,0.12,0.923,3140,0.11,0.8461,32,0.1,0.7692,10,0.115,0.8846,25,0
IWM191115P156,2019-11-14,2019-11-14 09:38:57,0.12,0.923,2694,0.11,0.8461,32,0.1,0.7692,10,0.115,0.8846,25,0
IWM191115P156,2019-11-14,2019-11-14 09:38:58,0.12,0.923,2615,0.11,0.8461,32,0.1,0.7692,10,0.115,0.8846,25,0
IWM191115P156,2019-11-14,2019-11-14 09:38:59,0.12,0.923,3007,0.11,0.8461,32,0.1,0.7692,10,0.115,0.8846,25,0
IWM191115P156,2019-11-14,2019-11-14 09:39:00,0.12,0.923,3007,0.11,0.8461,32,0.1,0.7692,10,0.115,0.8846,25,0
IWM191115P156,2019-11-14,2019-11-14 09:39:01,0.12,0.923,3007,0.11,0.8461,32,0.1,0.7692,10,0.115,0.8846,25,0
IWM191115P156,2019-11-14,2019-11-14 09:39:02,0.12,0.923,3307,0.11,0.8461,32,0.1,0.7692,10,0.115,0.8846,25,0
IWM191115P156,2019-11-14,2019-11-14 09:39:02,0.12,0.923,3007,0.11,0.8461,32,0.1,0.7692,10,0.115,0.8846,25,0
IWM191115P156,2019-11-14,2019-11-14 09:39:03,0.12,0.923,3307,0.11,0.8461,32,0.1,0.7692,10,0.115,0.8846,25,0
IWM191115P156,2019-11-14,2019-11-14 09:39:04,0.12,0.923,3307,0.11,0.8461,32,0.1,0.7692,10,0.115,0.8846,25,0
IWM191115P156,2019-11-14,2019-11-14 09:39:05,0.12,0.923,2516,0.11,0.8461,32,0.1,0.7692,10,0.115,0.8846,25,0
IWM191115P156,2019-11-14,2019-11-14 09:39:06,0.12,0.923,2050,0.11,0.8461,32,0.1,0.7692,10,0.115,0.8846,25,0
IWM191115P156,2019-11-14,2019-11-14 09:39:06,0.12,0.923,3390,0.11,0.8461,32,0.1,0.7692,10,0.115,0.8846,25,0
IWM191115P156,2019-11-14,2019-11-14 09:39:07,0.12,0.923,2677,0.11,0.8461,196,0.1,0.7692,10,0.115,0.8846,25,0
IWM191115P156,2019-11-14,2019-11-14 09:39:07,0.12,0.923,2906,0.11,0.8461,196,0.1,0.7692,10,0.115,0.8846,25,0
IWM191115P156,2019-11-14,2019-11-14 09:39:08,0.12,0.923,2116,0.11,0.8461,315,0.1,0.7692,10,0.115,0.8846,25,0
IWM191115P156,2019-11-14,2019-11-14 09:39:08,0.12,0.923,3116,0.11,0.8461,98,0.1,0.7692,10,0.115,0.8846,25,0
IWM191115P156,2019-11-14,2019-11-14 09:39:09,0.12,0.923,3483,0.11,0.8461,242,0.1,0.7692,10,0.115,0.8846,25,0
IWM191115P156,2019-11-14,2019-11-14 09:39:10,0.12,0.923,3483,0.11,0.8461,286,0.1,0.7692,10,0.115,0.8846,25,0
IWM191115P156,2019-11-14,2019-11-14 09:39:10,0.12,0.923,2645,0.11,0.8461,200,0.1,0.7692,10,0.115,0.8846,25,0
IWM191115P156,2019-11-14,2019-11-14 09:39:11,0.12,0.923,3072,0.11,0.8461,29,0.1,0.7692,10,0.115,0.8846,25,0
IWM191115P156,2019-11-14,2019-11-14 09:39:11,0.12,0.923,3028,0.1,0.7692,1112,0.1,0.7692,10,0.11,0.8461,25,0
IWM191115P156,2019-11-14,2019-11-14 09:39:12,0.12,0.923,3476,0.1,0.7692,1480,0.1,0.7692,10,0.11,0.8461,25,0
IWM191115P156,2019-11-14,2019-11-14 09:39:12,0.12,0.923,3028,0.1,0.7692,1112,0.1,0.7692,10,0.11,0.8461,25,0
IWM191115P156,2019-11-14,2019-11-14 09:39:13,0.12,0.923,3476,0.1,0.7692,1480,0.1,0.7692,10,0.11,0.8461,25,0
IWM191115P156,2019-11-14,2019-11-14 09:39:14,0.12,0.923,3504,0.1,0.7692,1817,0.1,0.7692,10,0.11,0.8461,25,0
IWM191115P156,2019-11-14,2019-11-14 09:39:15,0.12,0.923,3504,0.1,0.7692,1817,0.1,0.7692,10,0.11,0.8461,25,0
IWM191115P156,2019-11-14,2019-11-14 09:39:15,0.12,0.923,3221,0.11,0.8461,52,0.1,0.7692,10,0.115,0.8846,25,0
IWM191115P156,2019-11-14,2019-11-14 09:39:16,0.12,0.923,3521,0.11,0.8461,149,0.1,0.7692,10,0.115,0.8846,25,0
IWM191115P156,2019-11-14,2019-11-14 09:39:16,0.12,0.923,3521,0.11,0.8461,62,0.1,0.7692,10,0.115,0.8846,25,0
IWM191115P156,2019-11-14,2019-11-14 09:39:17,0.12,0.923,3521,0.11,0.8461,52,0.1,0.7692,10,0.115,0.8846,25,0
IWM191115P156,2019-11-14,2019-11-14 09:39:18,0.12,0.923,3521,0.1,0.7692,1062,0.1,0.7692,10,0.11,0.8461,25,0
IWM191115P156,2019-11-14,2019-11-14 09:39:19,0.12,0.923,3521,0.1,0.7692,1305,0.1,0.7692,10,0.11,0.8461,25,0
IWM191115P156,2019-11-14,2019-11-14 09:39:19,0.12,0.923,3521,0.1,0.7692,1973,0.1,0.7692,10,0.11,0.8461,25,0
IWM191115P156,2019-11-14,2019-11-14 09:39:20,0.12,0.923,3521,0.1,0.7692,1973,0.1,0.7692,10,0.11,0.8461,25,0
IWM191115P156,2019-11-14,2019-11-14 09:39:21,0.12,0.923,3521,0.11,0.8461,1,0.1,0.7692,10,0.115,0.8846,25,0
IWM191115P156,2019-11-14,2019-11-14 09:39:22,0.12,0.923,3521,0.11,0.8461,1,0.1,0.7692,10,0.115,0.8846,25,0
IWM191115P156,2019-11-14,2019-11-14 09:39:23,0.12,0.923,3521,0.1,0.7692,1485,0.1,0.7692,10,0.11,0.8461,25,0
IWM191115P156,2019-11-14,2019-11-14 09:39:23,0.12,0.923,3521,0.1,0.7692,1917,0.1,0.7692,10,0.11,0.8461,25,0
IWM191115P156,2019-11-14,2019-11-14 09:39:24,0.12,0.923,3521,0.1,0.7692,1917,0.1,0.7692,10,0.11,0.8461,25,0
IWM191115P156,2019-11-14,2019-11-14 09:39:24,0.12,0.923,3521,0.11,0.8461,32,0.1,0.7692,10,0.115,0.8846,25,0
IWM191115P156,2019-11-14,2019-11-14 09:39:25,0.12,0.923,3521,0.11,0.8461,3,0.1,0.7692,10,0.115,0.8846,25,0
IWM191115P156,2019-11-14,2019-11-14 09:39:25,0.12,0.923,3521,0.11,0.8461,32,0.1,0.7692,10,0.115,0.8846,25,0
IWM191115P156,2019-11-14,2019-11-14 09:39:26,0.12,0.923,1803,0.1,0.7692,824,0.1,0.7692,10,0.11,0.8461,25,0
IWM191115P156,2019-11-14,2019-11-14 09:39:26,0.12,0.923,2103,0.1,0.7692,1056,0.1,0.7692,10,0.11,0.8461,25,0
IWM191115P156,2019-11-14,2019-11-14 09:39:27,0.12,0.923,3246,0.11,0.8461,32,0.1,0.7692,10,0.115,0.8846,25,0
IWM191115P156,2019-11-14,2019-11-14 09:39:27,0.12,0.923,3253,0.1,0.7692,1424,0.1,0.7692,10,0.11,0.8461,25,0
IWM191115P156,2019-11-14,2019-11-14 09:39:28,0.12,0.923,3246,0.1,0.7692,1095,0.1,0.7692,10,0.11,0.8461,25,0
IWM191115P156,2019-11-14,2019-11-14 09:39:28,0.12,0.923,3463,0.1,0.7692,1703,0.1,0.7692,10,0.11,0.8461,25,0
IWM191115P156,2019-11-14,2019-11-14 09:39:29,0.12,0.923,3463,0.11,0.8461,302,0.1,0.7692,10,0.115,0.8846,25,0
IWM191115P156,2019-11-14,2019-11-14 09:39:30,0.12,0.923,3463,0.11,0.8461,421,0.1,0.7692,10,0.115,0.8846,25,0
IWM191115P156,2019-11-14,2019-11-14 09:39:30,0.12,0.923,3463,0.11,0.8461,286,0.1,0.7692,10,0.115,0.8846,25,0
IWM191115P156,2019-11-14,2019-11-14 09:39:31,0.12,0.923,3463,0.11,0.8461,476,0.1,0.7692,10,0.115,0.8846,25,0
IWM191115P156,2019-11-14,2019-11-14 09:39:31,0.12,0.923,3463,0.11,0.8461,362,0.1,0.7692,10,0.115,0.8846,25,0
IWM191115P156,2019-11-14,2019-11-14 09:39:32,0.12,0.923,3463,0.11,0.8461,241,0.1,0.7692,10,0.115,0.8846,25,0
IWM191115P156,2019-11-14,2019-11-14 09:39:33,0.12,0.923,3465,0.11,0.8461,196,0.1,0.7692,10,0.115,0.8846,25,0
IWM191115P156,2019-11-14,2019-11-14 09:39:33,0.12,0.923,3463,0.11,0.8461,241,0.1,0.7692,10,0.115,0.8846,25,0
IWM191115P156,2019-11-14,2019-11-14 09:39:34,0.12,0.923,3465,0.11,0.8461,163,0.1,0.7692,10,0.115,0.8846,25,0
IWM191115P156,2019-11-14,2019-11-14 09:39:35,0.12,0.923,3465,0.11,0.8461,197,0.1,0.7692,10,0.115,0.8846,25,0
IWM191115P156,2019-11-14,2019-11-14 09:39:35,0.12,0.923,2208,0.11,0.8461,59,0.1,0.7692,10,0.115,0.8846,25,0
IWM191115P156,2019-11-14,2019-11-14 09:39:36,0.12,0.923,2657,0.11,0.8461,117,0.1,0.7692,10,0.115,0.8846,25,0
IWM191115P156,2019-11-14,2019-11-14 09:39:36,0.12,0.923,2208,0.11,0.8461,59,0.1,0.7692,10,0.115,0.8846,25,0
IWM191115P156,2019-11-14,2019-11-14 09:39:37,0.12,0.923,3529,0.11,0.8461,83,0.1,0.7692,10,0.115,0.8846,25,0
IWM191115P156,2019-11-14,2019-11-14 09:39:37,0.12,0.923,3529,0.11,0.8461,149,0.1,0.7692,10,0.115,0.8846,25,0
IWM191115P156,2019-11-14,2019-11-14 09:39:38,0.12,0.923,3080,0.11,0.8461,259,0.1,0.7692,10,0.115,0.8846,25,0
IWM191115P156,2019-11-14,2019-11-14 09:39:38,0.12,0.923,2795,0.11,0.8461,259,0.1,0.7692,10,0.115,0.8846,25,0
IWM191115P156,2019-11-14,2019-11-14 09:39:39,0.12,0.923,3687,0.11,0.8461,30,0.1,0.7692,10,0.115,0.8846,25,0
IWM191115P156,2019-11-14,2019-11-14 09:39:40,0.12,0.923,3687,0.11,0.8461,30,0.1,0.7692,10,0.115,0.8846,25,0
IWM191115P156,2019-11-14,2019-11-14 09:39:40,0.12,0.923,2802,0.1,0.7692,726,0.1,0.7692,10,0.11,0.8461,25,0
IWM191115P156,2019-11-14,2019-11-14 09:39:41,0.12,0.923,3687,0.1,0.7692,1736,0.1,0.7692,10,0.11,0.8461,25,0
IWM191115P156,2019-11-14,2019-11-14 09:39:42,0.12,0.923,2802,0.1,0.7692,1184,0.1,0.7692,10,0.11,0.8461,25,0
IWM191115P156,2019-11-14,2019-11-14 09:39:42,0.11,0.8461,20,0.1,0.7692,1509,0.1,0.7692,10,0.105,0.8076,25,0
IWM191115P156,2019-11-14,2019-11-14 09:39:43,0.11,0.8461,20,0.1,0.7692,1509,0.1,0.7692,10,0.105,0.8076,25,0
IWM191115P156,2019-11-14,2019-11-14 09:39:43,0.11,0.8461,20,0.1,0.7692,1803,0.1,0.7692,10,0.105,0.8076,25,0
IWM191115P156,2019-11-14,2019-11-14 09:39:44,0.11,0.8461,20,0.1,0.7692,1803,0.1,0.7692,10,0.105,0.8076,25,0
IWM191115P156,2019-11-14,2019-11-14 09:39:45,0.11,0.8461,20,0.1,0.7692,1453,0.1,0.7692,10,0.105,0.8076,25,0
IWM191115P156,2019-11-14,2019-11-14 09:39:46,0.11,0.8461,52,0.1,0.7692,1453,0.1,0.7692,10,0.105,0.8076,25,0
IWM191115P156,2019-11-14,2019-11-14 09:39:46,0.11,0.8461,199,0.1,0.7692,1803,0.1,0.7692,10,0.105,0.8076,25,0
IWM191115P156,2019-11-14,2019-11-14 09:39:47,0.11,0.8461,282,0.1,0.7692,946,0.1,0.7692,10,0.105,0.8076,25,0
IWM191115P156,2019-11-14,2019-11-14 09:39:47,0.11,0.8461,282,0.1,0.7692,1799,0.1,0.7692,10,0.105,0.8076,25,0
IWM191115P156,2019-11-14,2019-11-14 09:39:48,0.11,0.8461,253,0.1,0.7692,946,0.1,0.7692,10,0.105,0.8076,25,0
IWM191115P156,2019-11-14,2019-11-14 09:39:48,0.11,0.8461,355,0.1,0.7692,946,0.1,0.7692,10,0.105,0.8076,25,0
IWM191115P156,2019-11-14,2019-11-14 09:39:49,0.11,0.8461,90,0.1,0.7692,1359,0.1,0.7692,10,0.105,0.8076,25,0
IWM191115P156,2019-11-14,2019-11-14 09:39:49,0.11,0.8461,560,0.1,0.7692,869,0.1,0.7692,10,0.105,0.8076,25,0
IWM191115P156,2019-11-14,2019-11-14 09:39:50,0.12,0.923,1096,0.1,0.7692,1364,0.1,0.7692,10,0.11,0.8461,25,0
IWM191115P156,2019-11-14,2019-11-14 09:39:50,0.12,0.923,2909,0.1,0.7692,1364,0.1,0.7692,10,0.11,0.8461,25,0
IWM191115P156,2019-11-14,2019-11-14 09:39:51,0.12,0.923,2909,0.1,0.7692,1364,0.1,0.7692,10,0.11,0.8461,25,0
IWM191115P156,2019-11-14,2019-11-14 09:39:52,0.12,0.923,2093,0.1,0.7692,759,0.1,0.7692,10,0.11,0.8461,25,0
IWM191115P156,2019-11-14,2019-11-14 09:39:52,0.12,0.923,1644,0.1,0.7692,506,0.1,0.7692,10,0.11,0.8461,25,0
IWM191115P156,2019-11-14,2019-11-14 09:39:53,0.12,0.923,2813,0.1,0.7692,1383,0.1,0.7692,10,0.11,0.8461,25,0
IWM191115P156,2019-11-14,2019-11-14 09:39:53,0.12,0.923,2364,0.1,0.7692,1033,0.1,0.7692,10,0.11,0.8461,25,0
IWM191115P156,2019-11-14,2019-11-14 09:39:54,0.12,0.923,2813,0.1,0.7692,1383,0.1,0.7692,10,0.11,0.8461,25,0
IWM191115P156,2019-11-14,2019-11-14 09:39:54,0.12,0.923,2883,0.1,0.7692,1506,0.1,0.7692,10,0.11,0.8461,25,0
IWM191115P156,2019-11-14,2019-11-14 09:39:55,0.12,0.923,2883,0.1,0.7692,1506,0.1,0.7692,10,0.11,0.8461,25,0
IWM191115P156,2019-11-14,2019-11-14 09:39:56,0.12,0.923,2083,0.1,0.7692,958,0.1,0.7692,10,0.11,0.8461,25,0
IWM191115P156,2019-11-14,2019-11-14 09:39:57,0.12,0.923,3582,0.11,0.8461,32,0.1,0.7692,10,0.115,0.8846,25,0
IWM191115P156,2019-11-14,2019-11-14 09:39:57,0.12,0.923,3190,0.1,0.7692,1799,0.1,0.7692,10,0.11,0.8461,25,0
IWM191115P156,2019-11-14,2019-11-14 09:39:58,0.12,0.923,3582,0.11,0.8461,32,0.1,0.7692,10,0.115,0.8846,25,0
IWM191115P156,2019-11-14,2019-11-14 09:39:58,0.12,0.923,2728,0.11,0.8461,32,0.1,0.7692,10,0.115,0.8846,25,0
IWM191115P156,2019-11-14,2019-11-14 09:39:59,0.12,0.923,2728,0.11,0.8461,103,0.1,0.7692,10,0.115,0.8846,25,0
IWM191115P156,2019-11-14,2019-11-14 09:39:59,0.12,0.923,2728,0.11,0.8461,48,0.1,0.7692,10,0.115,0.8846,25,0
IWM191115P156,2019-11-14,2019-11-14 09:40:00,0.12,0.923,2728,0.11,0.8461,272,0.1,0.7692,10,0.115,0.8846,25,0
IWM191115P156,2019-11-14,2019-11-14 09:40:00,0.12,0.923,2728,0.11,0.8461,266,0.1,0.7692,10,0.115,0.8846,25,0
IWM191115P156,2019-11-14,2019-11-14 09:40:01,0.12,0.923,2728,0.11,0.8461,240,0.1,0.7692,10,0.115,0.8846,25,0
IWM191115P156,2019-11-14,2019-11-14 09:40:01,0.12,0.923,3604,0.11,0.8461,266,0.1,0.7692,10,0.115,0.8846,25,0
IWM191115P156,2019-11-14,2019-11-14 09:40:02,0.12,0.923,2615,0.11,0.8461,221,0.1,0.7692,10,0.115,0.8846,25,0
IWM191115P156,2019-11-14,2019-11-14 09:40:02,0.12,0.923,3604,0.11,0.8461,276,0.1,0.7692,10,0.115,0.8846,25,0
IWM191115P156,2019-11-14,2019-11-14 09:40:03,0.12,0.923,3466,0.11,0.8461,363,0.1,0.7692,10,0.115,0.8846,25,0
IWM191115P156,2019-11-14,2019-11-14 09:40:04,0.12,0.923,3466,0.11,0.8461,363,0.1,0.7692,10,0.115,0.8846,25,0
IWM191115P156,2019-11-14,2019-11-14 09:40:04,0.12,0.923,3042,0.11,0.8461,595,0.1,0.7692,10,0.115,0.8846,25,0
IWM191115P156,2019-11-14,2019-11-14 09:40:05,0.12,0.923,3491,0.11,0.8461,893,0.1,0.7692,10,0.115,0.8846,25,0
IWM191115P156,2019-11-14,2019-11-14 09:40:06,0.12,0.923,3303,0.11,0.8461,968,0.1,0.7692,10,0.115,0.8846,25,0
IWM191115P156,2019-11-14,2019-11-14 09:40:06,0.12,0.923,3491,0.11,0.8461,967,0.1,0.7692,10,0.115,0.8846,25,0
IWM191115P156,2019-11-14,2019-11-14 09:40:07,0.12,0.923,3303,0.11,0.8461,968,0.1,0.7692,10,0.115,0.8846,25,0
IWM191115P156,2019-11-14,2019-11-14 09:40:07,0.12,0.923,1302,0.11,0.8461,781,0.1,0.7692,10,0.115,0.8846,25,0
IWM191115P156,2019-11-14,2019-11-14 09:40:08,0.12,0.923,1313,0.11,0.8461,744,0.1,0.7692,10,0.115,0.8846,25,0
IWM191115P156,2019-11-14,2019-11-14 09:40:09,0.12,0.923,1313,0.11,0.8461,744,0.1,0.7692,10,0.115,0.8846,25,0
IWM191115P156,2019-11-14,2019-11-14 09:40:09,0.12,0.923,1952,0.11,0.8461,1075,0.1,0.7692,10,0.115,0.8846,25,0
IWM191115P156,2019-11-14,2019-11-14 09:40:10,0.12,0.923,1104,0.11,0.8461,861,0.1,0.7692,10,0.115,0.8846,25,0
IWM191115P156,2019-11-14,2019-11-14 09:40:10,0.12,0.923,1366,0.11,0.8461,861,0.1,0.7692,10,0.115,0.8846,25,0
IWM191115P156,2019-11-14,2019-11-14 09:40:11,0.12,0.923,712,0.11,0.8461,1595,0.1,0.7692,10,0.115,0.8846,25,0
IWM191115P156,2019-11-14,2019-11-14 09:40:11,0.12,0.923,1104,0.11,0.8461,763,0.1,0.7692,10,0.115,0.8846,25,0
IWM191115P156,2019-11-14,2019-11-14 09:40:12,0.12,0.923,1072,0.11,0.8461,1539,0.1,0.7692,10,0.115,0.8846,25,0
IWM191115P156,2019-11-14,2019-11-14 09:40:12,0.12,0.923,1620,0.11,0.8461,1498,0.1,0.7692,10,0.115,0.8846,25,0
IWM191115P156,2019-11-14,2019-11-14 09:40:13,0.12,0.923,1546,0.11,0.8461,1554,0.1,0.7692,10,0.115,0.8846,25,0
IWM191115P156,2019-11-14,2019-11-14 09:40:13,0.12,0.923,1620,0.11,0.8461,1498,0.1,0.7692,10,0.115,0.8846,25,0
IWM191115P156,2019-11-14,2019-11-14 09:40:14,0.12,0.923,1796,0.11,0.8461,1483,0.1,0.7692,10,0.115,0.8846,25,0
IWM191115P156,2019-11-14,2019-11-14 09:40:14,0.12,0.923,1796,0.11,0.8461,1493,0.1,0.7692,10,0.115,0.8846,25,0
IWM191115P156,2019-11-14,2019-11-14 09:40:15,0.12,0.923,2209,0.11,0.8461,1259,0.1,0.7692,10,0.115,0.8846,25,0
IWM191115P156,2019-11-14,2019-11-14 09:40:15,0.12,0.923,2285,0.11,0.8461,1389,0.1,0.7692,10,0.115,0.8846,25,0
IWM191115P156,2019-11-14,2019-11-14 09:40:16,0.12,0.923,1671,0.11,0.8461,1126,0.1,0.7692,10,0.115,0.8846,25,0
IWM191115P156,2019-11-14,2019-11-14 09:40:16,0.12,0.923,2056,0.11,0.8461,1126,0.1,0.7692,10,0.115,0.8846,25,0
IWM191115P156,2019-11-14,2019-11-14 09:40:17,0.12,0.923,2033,0.11,0.8461,1476,0.1,0.7692,10,0.115,0.8846,25,0
IWM191115P156,2019-11-14,2019-11-14 09:40:18,0.12,0.923,1971,0.11,0.8461,1476,0.1,0.7692,10,0.115,0.8846,25,0
IWM191115P156,2019-11-14,2019-11-14 09:40:18,0.12,0.923,213,0.11,0.8461,441,0.1,0.7692,10,0.115,0.8846,25,0
IWM191115P156,2019-11-14,2019-11-14 09:40:19,0.12,0.923,74,0.11,0.8461,1065,0.1,0.7692,10,0.115,0.8846,25,0
IWM191115P156,2019-11-14,2019-11-14 09:40:19,0.12,0.923,74,0.11,0.8461,1114,0.1,0.7692,10,0.115,0.8846,25,0
IWM191115P156,2019-11-14,2019-11-14 09:40:20,0.12,0.923,20,0.11,0.8461,1048,0.1,0.7692,10,0.115,0.8846,25,0
IWM191115P156,2019-11-14,2019-11-14 09:40:21,0.12,0.923,55,0.11,0.8461,1048,0.1,0.7692,10,0.115,0.8846,25,0
IWM191115P156,2019-11-14,2019-11-14 09:40:22,0.12,0.923,55,0.11,0.8461,1392,0.1,0.7692,10,0.115,0.8846,25,0
IWM191115P156,2019-11-14,2019-11-14 09:40:23,0.12,0.923,100,0.11,0.8461,1581,0.1,0.7692,10,0.115,0.8846,25,0
IWM191115P156,2019-11-14,2019-11-14 09:40:24,0.12,0.923,77,0.11,0.8461,1581,0.1,0.7692,10,0.115,0.8846,25,0
IWM191115P156,2019-11-14,2019-11-14 09:40:25,0.12,0.923,77,0.11,0.8461,1581,0.1,0.7692,10,0.115,0.8846,25,0
IWM191115P156,2019-11-14,2019-11-14 09:40:26,0.12,0.923,77,0.11,0.8461,1581,0.1,0.7692,10,0.115,0.8846,25,0
IWM191115P156,2019-11-14,2019-11-14 09:40:26,0.12,0.923,66,0.11,0.8461,1810,0.1,0.7692,10,0.115,0.8846,25,0
IWM191115P156,2019-11-14,2019-11-14 09:40:27,0.12,0.923,66,0.11,0.8461,1810,0.1,0.7692,10,0.115,0.8846,25,0
IWM191115P156,2019-11-14,2019-11-14 09:40:28,0.12,0.923,21,0.11,0.8461,1428,0.1,0.7692,10,0.115,0.8846,25,0
IWM191115P156,2019-11-14,2019-11-14 09:40:28,0.12,0.923,21,0.11,0.8461,1778,0.1,0.7692,10,0.115,0.8846,25,0
IWM191115P156,2019-11-14,2019-11-14 09:40:29,0.12,0.923,83,0.11,0.8461,1184,0.1,0.7692,10,0.115,0.8846,25,0
IWM191115P156,2019-11-14,2019-11-14 09:40:29,0.12,0.923,21,0.11,0.8461,1778,0.1,0.7692,10,0.115,0.8846,25,0
IWM191115P156,2019-11-14,2019-11-14 09:40:30,0.12,0.923,141,0.11,0.8461,1468,0.1,0.7692,10,0.115,0.8846,25,0
IWM191115P156,2019-11-14,2019-11-14 09:40:30,0.12,0.923,229,0.11,0.8461,1468,0.1,0.7692,10,0.115,0.8846,25,0
IWM191115P156,2019-11-14,2019-11-14 09:40:31,0.12,0.923,228,0.11,0.8461,1468,0.1,0.7692,10,0.115,0.8846,25,0
IWM191115P156,2019-11-14,2019-11-14 09:40:31,0.12,0.923,108,0.11,0.8461,1468,0.1,0.7692,10,0.115,0.8846,25,0
IWM191115P156,2019-11-14,2019-11-14 09:40:32,0.12,0.923,108,0.11,0.8461,1580,0.1,0.7692,10,0.115,0.8846,25,0
IWM191115P156,2019-11-14,2019-11-14 09:40:32,0.12,0.923,108,0.11,0.8461,1930,0.1,0.7692,10,0.115,0.8846,25,0
IWM191115P156,2019-11-14,2019-11-14 09:40:33,0.12,0.923,108,0.11,0.8461,1909,0.1,0.7692,10,0.115,0.8846,25,0
IWM191115P156,2019-11-14,2019-11-14 09:40:34,0.12,0.923,108,0.11,0.8461,2259,0.1,0.7692,10,0.115,0.8846,25,0
IWM191115P156,2019-11-14,2019-11-14 09:40:35,0.12,0.923,108,0.11,0.8461,2259,0.1,0.7692,10,0.115,0.8846,25,0
IWM191115P156,2019-11-14,2019-11-14 09:40:36,0.12,0.923,326,0.11,0.8461,2571,0.1,0.7692,10,0.115,0.8846,25,0
IWM191115P156,2019-11-14,2019-11-14 09:40:36,0.12,0.923,108,0.11,0.8461,1730,0.1,0.7692,10,0.115,0.8846,25,0
IWM191115P156,2019-11-14,2019-11-14 09:40:37,0.12,0.923,399,0.11,0.8461,2571,0.1,0.7692,10,0.115,0.8846,25,0
IWM191115P156,2019-11-14,2019-11-14 09:40:37,0.12,0.923,930,0.11,0.8461,2833,0.1,0.7692,10,0.115,0.8846,25,0
IWM191115P156,2019-11-14,2019-11-14 09:40:38,0.12,0.923,910,0.11,0.8461,2791,0.1,0.7692,10,0.115,0.8846,25,0
IWM191115P156,2019-11-14,2019-11-14 09:40:38,0.12,0.923,678,0.11,0.8461,2898,0.1,0.7692,10,0.115,0.8846,25,0
IWM191115P156,2019-11-14,2019-11-14 09:40:39,0.12,0.923,32,0.11,0.8461,2548,0.1,0.7692,10,0.115,0.8846,25,0
IWM191115P156,2019-11-14,2019-11-14 09:40:39,0.12,0.923,127,0.11,0.8461,2548,0.1,0.7692,10,0.115,0.8846,25,0
IWM191115P156,2019-11-14,2019-11-14 09:40:40,0.12,0.923,89,0.11,0.8461,2914,0.1,0.7692,10,0.115,0.8846,25,0
IWM191115P156,2019-11-14,2019-11-14 09:40:40,0.12,0.923,176,0.11,0.8461,2864,0.1,0.7692,10,0.115,0.8846,25,0
IWM191115P156,2019-11-14,2019-11-14 09:40:41,0.12,0.923,176,0.11,0.8461,3096,0.1,0.7692,10,0.115,0.8846,25,0
IWM191115P156,2019-11-14,2019-11-14 09:40:41,0.12,0.923,176,0.11,0.8461,3103,0.1,0.7692,10,0.115,0.8846,25,0
IWM191115P156,2019-11-14,2019-11-14 09:40:42,0.12,0.923,239,0.11,0.8461,2700,0.1,0.7692,10,0.115,0.8846,25,0
IWM191115P156,2019-11-14,2019-11-14 09:40:43,0.12,0.923,445,0.11,0.8461,2702,0.1,0.7692,10,0.115,0.8846,25,0
IWM191115P156,2019-11-14,2019-11-14 09:40:43,0.12,0.923,1147,0.11,0.8461,2949,0.1,0.7692,10,0.115,0.8846,25,0
IWM191115P156,2019-11-14,2019-11-14 09:40:44,0.12,0.923,1404,0.11,0.8461,1853,0.1,0.7692,10,0.115,0.8846,25,0
IWM191115P156,2019-11-14,2019-11-14 09:40:44,0.12,0.923,734,0.11,0.8461,2042,0.1,0.7692,10,0.115,0.8846,25,0
IWM191115P156,2019-11-14,2019-11-14 09:40:45,0.12,0.923,2826,0.11,0.8461,2583,0.1,0.7692,10,0.115,0.8846,25,0
IWM191115P156,2019-11-14,2019-11-14 09:40:45,0.12,0.923,2275,0.11,0.8461,2583,0.1,0.7692,10,0.115,0.8846,25,0
IWM191115P156,2019-11-14,2019-11-14 09:40:46,0.12,0.923,2826,0.11,0.8461,2583,0.1,0.7692,10,0.115,0.8846,25,0
IWM191115P156,2019-11-14,2019-11-14 09:40:46,0.12,0.923,2850,0.11,0.8461,2605,0.1,0.7692,10,0.115,0.8846,25,0
IWM191115P156,2019-11-14,2019-11-14 09:40:47,0.12,0.923,1976,0.11,0.8461,1723,0.1,0.7692,10,0.115,0.8846,25,0
IWM191115P156,2019-11-14,2019-11-14 09:40:47,0.12,0.923,1988,0.11,0.8461,1642,0.1,0.7692,10,0.115,0.8846,25,0
IWM191115P156,2019-11-14,2019-11-14 09:40:48,0.12,0.923,477,0.11,0.8461,1850,0.1,0.7692,10,0.115,0.8846,25,0
IWM191115P156,2019-11-14,2019-11-14 09:40:48,0.12,0.923,737,0.11,0.8461,2585,0.1,0.7692,10,0.115,0.8846,25,0
IWM191115P156,2019-11-14,2019-11-14 09:40:49,0.12,0.923,1192,0.11,0.8461,2506,0.1,0.7692,10,0.115,0.8846,25,0
IWM191115P156,2019-11-14,2019-11-14 09:40:49,0.12,0.923,1192,0.11,0.8461,2619,0.1,0.7692,10,0.115,0.8846,25,0
IWM191115P156,2019-11-14,2019-11-14 09:40:50,0.12,0.923,1529,0.11,0.8461,2619,0.1,0.7692,10,0.115,0.8846,25,0
IWM191115P156,2019-11-14,2019-11-14 09:40:51,0.12,0.923,1567,0.11,0.8461,2619,0.1,0.7692,10,0.115,0.8846,25,0
IWM191115P156,2019-11-14,2019-11-14 09:40:51,0.12,0.923,1750,0.11,0.8461,2619,0.1,0.7692,10,0.115,0.8846,25,0
IWM191115P156,2019-11-14,2019-11-14 09:40:52,0.12,0.923,1750,0.11,0.8461,2619,0.1,0.7692,10,0.115,0.8846,25,0
IWM191115P156,2019-11-14,2019-11-14 09:40:52,0.12,0.923,1158,0.11,0.8461,1023,0.1,0.7692,10,0.115,0.8846,25,0
IWM191115P156,2019-11-14,2019-11-14 09:40:53,0.12,0.923,1908,0.11,0.8461,1989,0.1,0.7692,10,0.115,0.8846,25,0
IWM191115P156,2019-11-14,2019-11-14 09:40:53,0.12,0.923,1779,0.11,0.8461,1419,0.1,0.7692,10,0.115,0.8846,25,0
IWM191115P156,2019-11-14,2019-11-14 09:40:54,0.12,0.923,1772,0.11,0.8461,2104,0.1,0.7692,10,0.115,0.8846,25,0
IWM191115P156,2019-11-14,2019-11-14 09:40:55,0.12,0.923,1834,0.11,0.8461,2065,0.1,0.7692,10,0.115,0.8846,25,0
IWM191115P156,2019-11-14,2019-11-14 09:40:56,0.12,0.923,1751,0.11,0.8461,2119,0.1,0.7692,10,0.115,0.8846,25,0
IWM191115P156,2019-11-14,2019-11-14 09:40:57,0.12,0.923,1751,0.11,0.8461,2119,0.1,0.7692,10,0.115,0.8846,25,0
IWM191115P156,2019-11-14,2019-11-14 09:40:58,0.12,0.923,1454,0.11,0.8461,2187,0.1,0.7692,10,0.115,0.8846,25,0
IWM191115P156,2019-11-14,2019-11-14 09:40:58,0.12,0.923,1751,0.11,0.8461,2119,0.1,0.7692,10,0.115,0.8846,25,0
IWM191115P156,2019-11-14,2019-11-14 09:40:59,0.12,0.923,1738,0.11,0.8461,2187,0.1,0.7692,10,0.115,0.8846,25,0
IWM191115P156,2019-11-14,2019-11-14 09:41:00,0.12,0.923,1532,0.11,0.8461,2142,0.1,0.7692,10,0.115,0.8846,25,0
IWM191115P156,2019-11-14,2019-11-14 09:41:00,0.12,0.923,1782,0.11,0.8461,2088,0.1,0.7692,10,0.115,0.8846,25,0
IWM191115P156,2019-11-14,2019-11-14 09:41:01,0.12,0.923,171,0.11,0.8461,2048,0.1,0.7692,10,0.115,0.8846,25,0
IWM191115P156,2019-11-14,2019-11-14 09:41:01,0.12,0.923,95,0.11,0.8461,2475,0.1,0.7692,10,0.115,0.8846,25,0
IWM191115P156,2019-11-14,2019-11-14 09:41:02,0.12,0.923,231,0.11,0.8461,2475,0.1,0.7692,10,0.115,0.8846,25,0
IWM191115P156,2019-11-14,2019-11-14 09:41:02,0.12,0.923,83,0.11,0.8461,2475,0.1,0.7692,10,0.115,0.8846,25,0
IWM191115P156,2019-11-14,2019-11-14 09:41:03,0.12,0.923,535,0.11,0.8461,2397,0.1,0.7692,10,0.115,0.8846,25,0
IWM191115P156,2019-11-14,2019-11-14 09:41:03,0.12,0.923,1125,0.11,0.8461,2458,0.1,0.7692,10,0.115,0.8846,25,0
IWM191115P156,2019-11-14,2019-11-14 09:41:04,0.12,0.923,1378,0.11,0.8461,2578,0.1,0.7692,10,0.115,0.8846,25,0
IWM191115P156,2019-11-14,2019-11-14 09:41:05,0.12,0.923,1564,0.11,0.8461,2639,0.1,0.7692,10,0.115,0.8846,25,0
IWM191115P156,2019-11-14,2019-11-14 09:41:05,0.12,0.923,1633,0.11,0.8461,2576,0.1,0.7692,10,0.115,0.8846,25,0
IWM191115P156,2019-11-14,2019-11-14 09:41:06,0.12,0.923,1582,0.11,0.8461,2620,0.1,0.7692,10,0.115,0.8846,25,0
IWM191115P156,2019-11-14,2019-11-14 09:41:06,0.12,0.923,1298,0.11,0.8461,2620,0.1,0.7692,10,0.115,0.8846,25,0
IWM191115P156,2019-11-14,2019-11-14 09:41:07,0.12,0.923,1548,0.11,0.8461,2620,0.1,0.7692,10,0.115,0.8846,25,0
IWM191115P156,2019-11-14,2019-11-14 09:41:08,0.12,0.923,1548,0.11,0.8461,2620,0.1,0.7692,10,0.115,0.8846,25,0
IWM191115P156,2019-11-14,2019-11-14 09:41:08,0.12,0.923,2409,0.11,0.8461,2705,0.1,0.7692,10,0.115,0.8846,25,0
IWM191115P156,2019-11-14,2019-11-14 09:41:09,0.12,0.923,2409,0.11,0.8461,2705,0.1,0.7692,10,0.115,0.8846,25,0
IWM191115P156,2019-11-14,2019-11-14 09:41:10,0.12,0.923,2373,0.11,0.8461,2705,0.1,0.7692,10,0.115,0.8846,25,0
IWM191115P156,2019-11-14,2019-11-14 09:41:11,0.12,0.923,2373,0.11,0.8461,2705,0.1,0.7692,10,0.115,0.8846,25,0
IWM191115P156,2019-11-14,2019-11-14 09:41:12,0.12,0.923,2321,0.11,0.8461,2766,0.1,0.7692,10,0.115,0.8846,25,0
IWM191115P156,2019-11-14,2019-11-14 09:41:12,0.12,0.923,2373,0.11,0.8461,2705,0.1,0.7692,10,0.115,0.8846,25,0
IWM191115P156,2019-11-14,2019-11-14 09:41:13,0.12,0.923,2356,0.11,0.8461,2766,0.1,0.7692,10,0.115,0.8846,25,0
IWM191115P156,2019-11-14,2019-11-14 09:41:13,0.12,0.923,2321,0.11,0.8461,2766,0.1,0.7692,10,0.115,0.8846,25,0
IWM191115P156,2019-11-14,2019-11-14 09:41:14,0.12,0.923,2356,0.11,0.8461,2766,0.1,0.7692,10,0.115,0.8846,25,0
IWM191115P156,2019-11-14,2019-11-14 09:41:14,0.12,0.923,2106,0.11,0.8461,2774,0.1,0.7692,10,0.115,0.8846,25,0
IWM191115P156,2019-11-14,2019-11-14 09:41:15,0.12,0.923,2045,0.11,0.8461,702,0.1,0.7692,10,0.115,0.8846,25,0
IWM191115P156,2019-11-14,2019-11-14 09:41:15,0.12,0.923,32,0.11,0.8461,916,0.1,0.7692,10,0.115,0.8846,25,0
IWM191115P156,2019-11-14,2019-11-14 09:41:16,0.12,0.923,32,0.11,0.8461,1727,0.1,0.7692,10,0.115,0.8846,25,0
IWM191115P156,2019-11-14,2019-11-14 09:41:16,0.12,0.923,32,0.11,0.8461,2590,0.1,0.7692,10,0.115,0.8846,25,0
IWM191115P156,2019-11-14,2019-11-14 09:41:17,0.12,0.923,32,0.11,0.8461,2590,0.1,0.7692,10,0.115,0.8846,25,0
IWM191115P156,2019-11-14,2019-11-14 09:41:17,0.12,0.923,48,0.11,0.8461,2590,0.1,0.7692,10,0.115,0.8846,25,0
IWM191115P156,2019-11-14,2019-11-14 09:41:18,0.12,0.923,48,0.11,0.8461,2590,0.1,0.7692,10,0.115,0.8846,25,0
IWM191115P156,2019-11-14,2019-11-14 09:41:19,0.12,0.923,48,0.11,0.8461,2590,0.1,0.7692,10,0.115,0.8846,25,0
IWM191115P156,2019-11-14,2019-11-14 09:41:20,0.12,0.923,191,0.11,0.8461,2834,0.1,0.7692,10,0.115,0.8846,25,0
IWM191115P156,2019-11-14,2019-11-14 09:41:20,0.12,0.923,149,0.11,0.8461,2590,0.1,0.7692,10,0.115,0.8846,25,0
IWM191115P156,2019-11-14,2019-11-14 09:41:21,0.12,0.923,338,0.11,0.8461,2826,0.1,0.7692,10,0.115,0.8846,25,0
IWM191115P156,2019-11-14,2019-11-14 09:41:21,0.12,0.923,221,0.11,0.8461,2834,0.1,0.7692,10,0.115,0.8846,25,0
IWM191115P156,2019-11-14,2019-11-14 09:41:22,0.12,0.923,432,0.11,0.8461,2826,0.1,0.7692,10,0.115,0.8846,25,0
IWM191115P156,2019-11-14,2019-11-14 09:41:23,0.12,0.923,338,0.11,0.8461,2832,0.1,0.7692,10,0.115,0.8846,25,0
IWM191115P156,2019-11-14,2019-11-14 09:41:23,0.12,0.923,432,0.11,0.8461,2826,0.1,0.7692,10,0.115,0.8846,25,0
IWM191115P156,2019-11-14,2019-11-14 09:41:24,0.12,0.923,402,0.11,0.8461,2832,0.1,0.7692,10,0.115,0.8846,25,0
IWM191115P156,2019-11-14,2019-11-14 09:41:25,0.12,0.923,402,0.11,0.8461,2832,0.1,0.7692,10,0.115,0.8846,25,0
IWM191115P156,2019-11-14,2019-11-14 09:41:25,0.12,0.923,463,0.11,0.8461,2832,0.1,0.7692,10,0.115,0.8846,25,0
IWM191115P156,2019-11-14,2019-11-14 09:41:26,0.12,0.923,463,0.11,0.8461,2832,0.1,0.7692,10,0.115,0.8846,25,0
IWM191115P156,2019-11-14,2019-11-14 09:41:27,0.12,0.923,463,0.11,0.8461,2832,0.1,0.7692,10,0.115,0.8846,25,0
IWM191115P156,2019-11-14,2019-11-14 09:41:28,0.12,0.923,274,0.11,0.8461,2832,0.1,0.7692,10,0.115,0.8846,25,0
IWM191115P156,2019-11-14,2019-11-14 09:41:28,0.12,0.923,463,0.11,0.8461,2832,0.1,0.7692,10,0.115,0.8846,25,0
IWM191115P156,2019-11-14,2019-11-14 09:41:29,0.12,0.923,1018,0.11,0.8461,3199,0.1,0.7692,10,0.115,0.8846,25,0
IWM191115P156,2019-11-14,2019-11-14 09:41:29,0.12,0.923,505,0.11,0.8461,2832,0.1,0.7692,10,0.115,0.8846,25,0
IWM191115P156,2019-11-14,2019-11-14 09:41:30,0.12,0.923,1860,0.11,0.8461,2935,0.1,0.7692,10,0.115,0.8846,25,0
IWM191115P156,2019-11-14,2019-11-14 09:41:30,0.12,0.923,1014,0.11,0.8461,2717,0.1,0.7692,10,0.115,0.8846,25,0
IWM191115P156,2019-11-14,2019-11-14 09:41:31,0.12,0.923,1631,0.11,0.8461,1794,0.1,0.7692,10,0.115,0.8846,25,0
IWM191115P156,2019-11-14,2019-11-14 09:41:31,0.12,0.923,2081,0.11,0.8461,2333,0.1,0.7692,10,0.115,0.8846,25,0
IWM191115P156,2019-11-14,2019-11-14 09:41:32,0.12,0.923,2331,0.11,0.8461,2392,0.1,0.7692,10,0.115,0.8846,25,0
IWM191115P156,2019-11-14,2019-11-14 09:41:32,0.12,0.923,2387,0.11,0.8461,2334,0.1,0.7692,10,0.115,0.8846,25,0
IWM191115P156,2019-11-14,2019-11-14 09:41:33,0.12,0.923,979,0.11,0.8461,1920,0.1,0.7692,10,0.115,0.8846,25,0
IWM191115P156,2019-11-14,2019-11-14 09:41:33,0.12,0.923,2387,0.11,0.8461,2334,0.1,0.7692,10,0.115,0.8846,25,0
IWM191115P156,2019-11-14,2019-11-14 09:41:34,0.12,0.923,1175,0.11,0.8461,1587,0.1,0.7692,10,0.115,0.8846,25,0
IWM191115P156,2019-11-14,2019-11-14 09:41:35,0.12,0.923,1175,0.11,0.8461,1587,0.1,0.7692,10,0.115,0.8846,25,0
IWM191115P156,2019-11-14,2019-11-14 09:41:35,0.12,0.923,1778,0.11,0.8461,2265,0.1,0.7692,10,0.115,0.8846,25,0
IWM191115P156,2019-11-14,2019-11-14 09:41:36,0.12,0.923,2155,0.11,0.8461,2265,0.1,0.7692,10,0.115,0.8846,25,0
IWM191115P156,2019-11-14,2019-11-14 09:41:36,0.12,0.923,2155,0.11,0.8461,2273,0.1,0.7692,10,0.115,0.8846,25,0
IWM191115P156,2019-11-14,2019-11-14 09:41:37,0.12,0.923,1862,0.11,0.8461,1983,0.1,0.7692,10,0.115,0.8846,25,0
IWM191115P156,2019-11-14,2019-11-14 09:41:37,0.12,0.923,1862,0.11,0.8461,1991,0.1,0.7692,10,0.115,0.8846,25,0
IWM191115P156,2019-11-14,2019-11-14 09:41:38,0.12,0.923,1862,0.11,0.8461,1983,0.1,0.7692,10,0.115,0.8846,25,0
IWM191115P156,2019-11-14,2019-11-14 09:41:39,0.12,0.923,1612,0.11,0.8461,1991,0.1,0.7692,10,0.115,0.8846,25,0
IWM191115P156,2019-11-14,2019-11-14 09:41:40,0.12,0.923,1612,0.11,0.8461,1991,0.1,0.7692,10,0.115,0.8846,25,0
IWM191115P156,2019-11-14,2019-11-14 09:41:41,0.12,0.923,1612,0.11,0.8461,1991,0.1,0.7692,10,0.115,0.8846,25,0
IWM191115P156,2019-11-14,2019-11-14 09:41:42,0.12,0.923,1612,0.11,0.8461,1991,0.1,0.7692,10,0.115,0.8846,25,0
IWM191115P156,2019-11-14,2019-11-14 09:41:43,0.12,0.923,1691,0.11,0.8461,2291,0.1,0.7692,10,0.115,0.8846,25,0
IWM191115P156,2019-11-14,2019-11-14 09:41:43,0.12,0.923,1688,0.11,0.8461,1991,0.1,0.7692,10,0.115,0.8846,25,0
IWM191115P156,2019-11-14,2019-11-14 09:41:44,0.12,0.923,1453,0.11,0.8461,2291,0.1,0.7692,10,0.115,0.8846,25,0
IWM191115P156,2019-11-14,2019-11-14 09:41:45,0.12,0.923,126,0.11,0.8461,1606,0.1,0.7692,10,0.115,0.8846,25,0
IWM191115P156,2019-11-14,2019-11-14 09:41:45,0.12,0.923,127,0.11,0.8461,1943,0.1,0.7692,10,0.115,0.8846,25,0
IWM191115P156,2019-11-14,2019-11-14 09:41:46,0.12,0.923,383,0.11,0.8461,1943,0.1,0.7692,10,0.115,0.8846,25,0
IWM191115P156,2019-11-14,2019-11-14 09:41:46,0.12,0.923,277,0.11,0.8461,1943,0.1,0.7692,10,0.115,0.8846,25,0
IWM191115P156,2019-11-14,2019-11-14 09:41:47,0.12,0.923,316,0.11,0.8461,2254,0.1,0.7692,10,0.115,0.8846,25,0
IWM191115P156,2019-11-14,2019-11-14 09:41:47,0.12,0.923,435,0.11,0.8461,2254,0.1,0.7692,10,0.115,0.8846,25,0
IWM191115P156,2019-11-14,2019-11-14 09:41:48,0.12,0.923,316,0.11,0.8461,2254,0.1,0.7692,10,0.115,0.8846,25,0
IWM191115P156,2019-11-14,2019-11-14 09:41:49,0.12,0.923,316,0.11,0.8461,2254,0.1,0.7692,10,0.115,0.8846,25,0
IWM191115P156,2019-11-14,2019-11-14 09:41:50,0.12,0.923,316,0.11,0.8461,2254,0.1,0.7692,10,0.115,0.8846,25,0
IWM191115P156,2019-11-14,2019-11-14 09:41:51,0.12,0.923,160,0.11,0.8461,2254,0.1,0.7692,10,0.115,0.8846,25,0
IWM191115P156,2019-11-14,2019-11-14 09:41:52,0.13,1.0,924,0.11,0.8461,1632,0.1,0.7692,10,0.12,0.923,25,0
IWM191115P156,2019-11-14,2019-11-14 09:41:52,0.12,0.923,78,0.11,0.8461,2254,0.1,0.7692,10,0.115,0.8846,25,0
IWM191115P156,2019-11-14,2019-11-14 09:41:53,0.13,1.0,1480,0.11,0.8461,1632,0.1,0.7692,10,0.12,0.923,25,0
IWM191115P156,2019-11-14,2019-11-14 09:41:53,0.13,1.0,924,0.11,0.8461,1632,0.1,0.7692,10,0.12,0.923,25,0
IWM191115P156,2019-11-14,2019-11-14 09:41:54,0.13,1.0,1893,0.11,0.8461,1698,0.1,0.7692,10,0.12,0.923,25,0
IWM191115P156,2019-11-14,2019-11-14 09:41:54,0.12,0.923,589,0.11,0.8461,2325,0.1,0.7692,10,0.115,0.8846,25,0
IWM191115P156,2019-11-14,2019-11-14 09:41:55,0.12,0.923,1070,0.11,0.8461,2325,0.1,0.7692,10,0.115,0.8846,25,0
IWM191115P156,2019-11-14,2019-11-14 09:41:56,0.12,0.923,1347,0.11,0.8461,2369,0.1,0.7692,10,0.115,0.8846,25,0
IWM191115P156,2019-11-14,2019-11-14 09:41:56,0.12,0.923,1387,0.11,0.8461,2369,0.1,0.7692,10,0.115,0.8846,25,0
IWM191115P156,2019-11-14,2019-11-14 09:41:57,0.12,0.923,1387,0.11,0.8461,2369,0.1,0.7692,10,0.115,0.8846,25,0
IWM191115P156,2019-11-14,2019-11-14 09:41:57,0.12,0.923,1385,0.11,0.8461,2369,0.1,0.7692,10,0.115,0.8846,25,0
IWM191115P156,2019-11-14,2019-11-14 09:41:58,0.12,0.923,1603,0.11,0.8461,1520,0.1,0.7692,10,0.115,0.8846,25,0
IWM191115P156,2019-11-14,2019-11-14 09:41:58,0.12,0.923,1903,0.11,0.8461,1479,0.1,0.7692,10,0.115,0.8846,25,0
IWM191115P156,2019-11-14,2019-11-14 09:41:59,0.12,0.923,2594,0.11,0.8461,774,0.1,0.7692,10,0.115,0.8846,25,0
IWM191115P156,2019-11-14,2019-11-14 09:41:59,0.12,0.923,2354,0.11,0.8461,945,0.1,0.7692,10,0.115,0.8846,25,0
IWM191115P156,2019-11-14,2019-11-14 09:42:00,0.12,0.923,2690,0.1,0.7692,1903,0.1,0.7692,10,0.11,0.8461,25,0
IWM191115P156,2019-11-14,2019-11-14 09:42:00,0.12,0.923,1884,0.1,0.7692,657,0.1,0.7692,10,0.11,0.8461,25,0
IWM191115P156,2019-11-14,2019-11-14 09:42:01,0.12,0.923,2697,0.1,0.7692,1903,0.1,0.7692,10,0.11,0.8461,25,0
IWM191115P156,2019-11-14,2019-11-14 09:42:02,0.12,0.923,2697,0.1,0.7692,1903,0.1,0.7692,10,0.11,0.8461,25,0
IWM191115P156,2019-11-14,2019-11-14 09:42:03,0.12,0.923,2707,0.1,0.7692,2406,0.1,0.7692,10,0.11,0.8461,25,0
IWM191115P156,2019-11-14,2019-11-14 09:42:04,0.12,0.923,2707,0.1,0.7692,2406,0.1,0.7692,10,0.11,0.8461,25,0
IWM191115P156,2019-11-14,2019-11-14 09:42:05,0.12,0.923,2707,0.1,0.7692,2406,0.1,0.7692,10,0.11,0.8461,25,0
IWM191115P156,2019-11-14,2019-11-14 09:42:06,0.12,0.923,2706,0.1,0.7692,2405,0.1,0.7692,10,0.11,0.8461,25,0
IWM191115P156,2019-11-14,2019-11-14 09:42:06,0.12,0.923,2707,0.1,0.7692,2406,0.1,0.7692,10,0.11,0.8461,25,0
IWM191115P156,2019-11-14,2019-11-14 09:42:07,0.12,0.923,3153,0.1,0.7692,2767,0.1,0.7692,10,0.11,0.8461,25,0
IWM191115P156,2019-11-14,2019-11-14 09:42:07,0.12,0.923,2699,0.1,0.7692,2405,0.1,0.7692,10,0.11,0.8461,25,0
IWM191115P156,2019-11-14,2019-11-14 09:42:08,0.12,0.923,2844,0.1,0.7692,2837,0.1,0.7692,10,0.11,0.8461,25,0
IWM191115P156,2019-11-14,2019-11-14 09:42:08,0.12,0.923,3106,0.1,0.7692,2893,0.1,0.7692,10,0.11,0.8461,25,0
IWM191115P156,2019-11-14,2019-11-14 09:42:09,0.12,0.923,3106,0.1,0.7692,2893,0.1,0.7692,10,0.11,0.8461,25,0
IWM191115P156,2019-11-14,2019-11-14 09:42:09,0.12,0.923,3643,0.1,0.7692,3359,0.1,0.7692,10,0.11,0.8461,25,0
IWM191115P156,2019-11-14,2019-11-14 09:42:10,0.12,0.923,3643,0.1,0.7692,3359,0.1,0.7692,10,0.11,0.8461,25,0
IWM191115P156,2019-11-14,2019-11-14 09:42:11,0.12,0.923,3641,0.11,0.8461,146,0.1,0.7692,10,0.115,0.8846,25,0
IWM191115P156,2019-11-14,2019-11-14 09:42:11,0.12,0.923,3641,0.11,0.8461,112,0.1,0.7692,10,0.115,0.8846,25,0
IWM191115P156,2019-11-14,2019-11-14 09:42:12,0.12,0.923,3641,0.11,0.8461,219,0.1,0.7692,10,0.115,0.8846,25,0
IWM191115P156,2019-11-14,2019-11-14 09:42:13,0.12,0.923,3641,0.11,0.8461,250,0.1,0.7692,10,0.115,0.8846,25,0
IWM191115P156,2019-11-14,2019-11-14 09:42:14,0.12,0.923,2990,0.11,0.8461,464,0.1,0.7692,10,0.115,0.8846,25,0
IWM191115P156,2019-11-14,2019-11-14 09:42:15,0.12,0.923,3437,0.11,0.8461,696,0.1,0.7692,10,0.115,0.8846,25,0
IWM191115P156,2019-11-14,2019-11-14 09:42:15,0.12,0.923,3018,0.11,0.8461,464,0.1,0.7692,10,0.115,0.8846,25,0
IWM191115P156,2019-11-14,2019-11-14 09:42:16,0.12,0.923,3018,0.11,0.8461,464,0.1,0.7692,10,0.115,0.8846,25,0
IWM191115P156,2019-11-14,2019-11-14 09:42:16,0.12,0.923,3465,0.11,0.8461,696,0.1,0.7692,10,0.115,0.8846,25,0
IWM191115P156,2019-11-14,2019-11-14 09:42:17,0.12,0.923,3622,0.11,0.8461,942,0.1,0.7692,10,0.115,0.8846,25,0
IWM191115P156,2019-11-14,2019-11-14 09:42:17,0.12,0.923,3465,0.11,0.8461,696,0.1,0.7692,10,0.115,0.8846,25,0
IWM191115P156,2019-11-14,2019-11-14 09:42:18,0.12,0.923,2838,0.11,0.8461,360,0.1,0.7692,10,0.115,0.8846,25,0
IWM191115P156,2019-11-14,2019-11-14 09:42:19,0.12,0.923,3474,0.11,0.8461,675,0.1,0.7692,10,0.115,0.8846,25,0
IWM191115P156,2019-11-14,2019-11-14 09:42:19,0.12,0.923,2866,0.11,0.8461,423,0.1,0.7692,10,0.115,0.8846,25,0
IWM191115P156,2019-11-14,2019-11-14 09:42:20,0.12,0.923,2287,0.11,0.8461,384,0.1,0.7692,10,0.115,0.8846,25,0
IWM191115P156,2019-11-14,2019-11-14 09:42:20,0.12,0.923,3474,0.11,0.8461,913,0.1,0.7692,10,0.115,0.8846,25,0
IWM191115P156,2019-11-14,2019-11-14 09:42:21,0.12,0.923,1767,0.1,0.7692,888,0.1,0.7692,10,0.11,0.8461,25,0
IWM191115P156,2019-11-14,2019-11-14 09:42:21,0.12,0.923,2561,0.1,0.7692,1894,0.1,0.7692,10,0.11,0.8461,25,0
IWM191115P156,2019-11-14,2019-11-14 09:42:22,0.12,0.923,876,0.1,0.7692,3202,0.1,0.7692,10,0.11,0.8461,25,0
IWM191115P156,2019-11-14,2019-11-14 09:42:22,0.12,0.923,2561,0.1,0.7692,1894,0.1,0.7692,10,0.11,0.8461,25,0
IWM191115P156,2019-11-14,2019-11-14 09:42:23,0.12,0.923,1600,0.1,0.7692,2855,0.1,0.7692,10,0.11,0.8461,25,0
IWM191115P156,2019-11-14,2019-11-14 09:42:24,0.12,0.923,1739,0.1,0.7692,2876,0.1,0.7692,10,0.11,0.8461,25,0
IWM191115P156,2019-11-14,2019-11-14 09:42:24,0.12,0.923,1600,0.1,0.7692,2855,0.1,0.7692,10,0.11,0.8461,25,0
IWM191115P156,2019-11-14,2019-11-14 09:42:25,0.12,0.923,2161,0.1,0.7692,3238,0.1,0.7692,10,0.11,0.8461,25,0
IWM191115P156,2019-11-14,2019-11-14 09:42:25,0.12,0.923,1714,0.1,0.7692,2876,0.1,0.7692,10,0.11,0.8461,25,0
