symbol,Date,quote_time,ask_price,norm_ask_price,ask_size,bid_price,norm_bid_price,bid_size,last_trade_price,norm_last_trade_price,last_trade_size,mark_price,norm_mark_price,volume,Volume
SPY190805C293,2019-08-02,2019-08-02 09:30:17,2.29,1.0,44,2.21,0.965,63,2.26,0.9868,5,2.25,0.9825,5,5
SPY190805C293,2019-08-02,2019-08-02 09:30:38,2.28,0.9956,100,2.23,0.9737,87,2.28,0.9956,5,2.255,0.9847,10,5
SPY190805C293,2019-08-02,2019-08-02 09:30:46,2.25,0.9825,20,2.21,0.965,5,2.25,0.9825,14,2.23,0.9737,255,245
SPY190805C293,2019-08-02,2019-08-02 09:30:51,2.23,0.9737,5,2.18,0.9519,5,2.25,0.9825,14,2.205,0.9628,255,0
SPY190805C293,2019-08-02,2019-08-02 09:30:54,2.25,0.9825,5,2.2,0.9606,303,2.25,0.9825,14,2.225,0.9716,255,0
SPY190805C293,2019-08-02,2019-08-02 09:30:55,2.26,0.9868,5,2.21,0.965,5,2.25,0.9825,14,2.235,0.9759,255,0
SPY190805C293,2019-08-02,2019-08-02 09:30:56,2.28,0.9956,44,2.19,0.9563,20,2.25,0.9825,14,2.235,0.9759,255,0
SPY190805C293,2019-08-02,2019-08-02 09:30:57,2.26,0.9868,44,2.18,0.9519,195,2.25,0.9825,14,2.22,0.9694,255,0
SPY190805C293,2019-08-02,2019-08-02 09:30:57,2.25,0.9825,5,2.21,0.965,2,2.25,0.9825,14,2.23,0.9737,255,0
SPY190805C293,2019-08-02,2019-08-02 09:30:59,2.25,0.9825,5,2.2,0.9606,5,2.25,0.9825,14,2.225,0.9716,255,0
SPY190805C293,2019-08-02,2019-08-02 09:31:00,2.25,0.9825,5,2.19,0.9563,282,2.25,0.9825,14,2.22,0.9694,255,0
SPY190805C293,2019-08-02,2019-08-02 09:31:01,2.23,0.9737,360,2.19,0.9563,62,2.19,0.9563,114,2.21,0.965,369,114
SPY190805C293,2019-08-02,2019-08-02 09:31:03,2.2,0.9606,5,2.14,0.9344,5,2.19,0.9563,114,2.17,0.9475,369,0
SPY190805C293,2019-08-02,2019-08-02 09:31:03,2.2,0.9606,5,2.13,0.9301,44,2.19,0.9563,114,2.165,0.9454,369,0
SPY190805C293,2019-08-02,2019-08-02 09:31:05,2.18,0.9519,5,2.12,0.9257,100,2.19,0.9563,114,2.15,0.9388,369,0
SPY190805C293,2019-08-02,2019-08-02 09:31:06,2.18,0.9519,298,2.12,0.9257,50,2.19,0.9563,114,2.15,0.9388,369,0
SPY190805C293,2019-08-02,2019-08-02 09:31:07,2.17,0.9475,5,2.12,0.9257,76,2.19,0.9563,114,2.145,0.9366,369,0
SPY190805C293,2019-08-02,2019-08-02 09:31:08,2.15,0.9388,44,2.07,0.9039,233,2.19,0.9563,114,2.11,0.9213,369,0
SPY190805C293,2019-08-02,2019-08-02 09:31:11,2.13,0.9301,19,2.06,0.8995,233,2.19,0.9563,114,2.095,0.9148,369,0
SPY190805C293,2019-08-02,2019-08-02 09:31:13,2.09,0.9126,63,2.04,0.8908,5,2.19,0.9563,114,2.065,0.9017,369,0
SPY190805C293,2019-08-02,2019-08-02 09:31:13,2.08,0.9082,5,2.03,0.8864,5,2.19,0.9563,114,2.055,0.8973,369,0
SPY190805C293,2019-08-02,2019-08-02 09:31:14,2.1,0.917,148,2.03,0.8864,101,2.19,0.9563,114,2.065,0.9017,369,0
SPY190805C293,2019-08-02,2019-08-02 09:31:15,2.09,0.9126,79,2.03,0.8864,5,2.19,0.9563,114,2.06,0.8995,369,0
SPY190805C293,2019-08-02,2019-08-02 09:31:16,2.06,0.8995,19,1.96,0.8558,19,2.19,0.9563,114,2.01,0.8777,369,0
SPY190805C293,2019-08-02,2019-08-02 09:31:19,2.02,0.882,19,1.98,0.8646,7,2.19,0.9563,114,2.0,0.8733,369,0
SPY190805C293,2019-08-02,2019-08-02 09:31:19,2.03,0.8864,19,1.99,0.8689,100,2.19,0.9563,114,2.01,0.8777,369,0
SPY190805C293,2019-08-02,2019-08-02 09:31:20,1.99,0.8689,5,1.94,0.8471,5,2.19,0.9563,114,1.965,0.858,369,0
SPY190805C293,2019-08-02,2019-08-02 09:31:24,2.05,0.8951,44,1.97,0.8602,50,2.19,0.9563,114,2.01,0.8777,369,0
SPY190805C293,2019-08-02,2019-08-02 09:31:26,2.06,0.8995,5,2.02,0.882,6,2.19,0.9563,114,2.04,0.8908,369,0
SPY190805C293,2019-08-02,2019-08-02 09:31:27,2.06,0.8995,5,2.02,0.882,5,2.19,0.9563,114,2.04,0.8908,369,0
SPY190805C293,2019-08-02,2019-08-02 09:31:29,2.1,0.917,5,2.04,0.8908,5,2.19,0.9563,114,2.07,0.9039,369,0
SPY190805C293,2019-08-02,2019-08-02 09:31:30,2.12,0.9257,5,2.06,0.8995,44,2.19,0.9563,114,2.09,0.9126,369,0
SPY190805C293,2019-08-02,2019-08-02 09:31:30,2.12,0.9257,5,2.06,0.8995,100,2.19,0.9563,114,2.09,0.9126,369,0
SPY190805C293,2019-08-02,2019-08-02 09:31:31,2.12,0.9257,5,2.06,0.8995,44,2.19,0.9563,114,2.09,0.9126,369,0
SPY190805C293,2019-08-02,2019-08-02 09:31:33,2.11,0.9213,462,2.03,0.8864,5,2.19,0.9563,114,2.07,0.9039,369,0
SPY190805C293,2019-08-02,2019-08-02 09:31:34,2.08,0.9082,5,2.03,0.8864,5,2.19,0.9563,114,2.055,0.8973,369,0
SPY190805C293,2019-08-02,2019-08-02 09:31:35,2.09,0.9126,44,2.03,0.8864,5,2.19,0.9563,114,2.06,0.8995,369,0
SPY190805C293,2019-08-02,2019-08-02 09:31:36,2.08,0.9082,5,2.02,0.882,228,2.19,0.9563,114,2.05,0.8951,369,0
SPY190805C293,2019-08-02,2019-08-02 09:31:38,2.1,0.917,5,2.01,0.8777,5,2.19,0.9563,114,2.055,0.8973,369,0
SPY190805C293,2019-08-02,2019-08-02 09:31:38,2.11,0.9213,375,2.02,0.882,110,2.19,0.9563,114,2.065,0.9017,369,0
SPY190805C293,2019-08-02,2019-08-02 09:31:39,2.09,0.9126,44,2.02,0.882,100,2.19,0.9563,114,2.055,0.8973,369,0
SPY190805C293,2019-08-02,2019-08-02 09:31:40,2.07,0.9039,5,2.03,0.8864,5,2.19,0.9563,114,2.05,0.8951,369,0
SPY190805C293,2019-08-02,2019-08-02 09:31:41,2.08,0.9082,5,2.04,0.8908,6,2.19,0.9563,114,2.06,0.8995,369,0
SPY190805C293,2019-08-02,2019-08-02 09:31:41,2.08,0.9082,5,2.03,0.8864,5,2.19,0.9563,114,2.055,0.8973,369,0
SPY190805C293,2019-08-02,2019-08-02 09:31:42,2.1,0.917,100,2.03,0.8864,103,2.19,0.9563,114,2.065,0.9017,369,0
SPY190805C293,2019-08-02,2019-08-02 09:31:43,2.1,0.917,5,2.05,0.8951,8,2.19,0.9563,114,2.075,0.9061,369,0
SPY190805C293,2019-08-02,2019-08-02 09:31:44,2.08,0.9082,44,2.0,0.8733,44,2.19,0.9563,114,2.04,0.8908,369,0
SPY190805C293,2019-08-02,2019-08-02 09:31:44,2.08,0.9082,5,2.01,0.8777,462,2.19,0.9563,114,2.045,0.893,369,0
SPY190805C293,2019-08-02,2019-08-02 09:31:45,2.07,0.9039,5,1.99,0.8689,5,2.19,0.9563,114,2.03,0.8864,369,0
SPY190805C293,2019-08-02,2019-08-02 09:31:45,2.07,0.9039,5,2.0,0.8733,5,2.19,0.9563,114,2.035,0.8886,369,0
SPY190805C293,2019-08-02,2019-08-02 09:31:46,2.09,0.9126,6,2.0,0.8733,5,2.19,0.9563,114,2.045,0.893,369,0
SPY190805C293,2019-08-02,2019-08-02 09:31:47,2.09,0.9126,462,2.0,0.8733,5,2.19,0.9563,114,2.045,0.893,369,0
SPY190805C293,2019-08-02,2019-08-02 09:31:47,2.08,0.9082,110,2.0,0.8733,5,2.19,0.9563,114,2.04,0.8908,369,0
SPY190805C293,2019-08-02,2019-08-02 09:31:48,2.09,0.9126,5,2.01,0.8777,462,2.19,0.9563,114,2.05,0.8951,369,0
SPY190805C293,2019-08-02,2019-08-02 09:31:48,2.1,0.917,5,2.02,0.882,365,2.19,0.9563,114,2.06,0.8995,369,0
SPY190805C293,2019-08-02,2019-08-02 09:31:49,2.09,0.9126,25,2.0,0.8733,3,2.19,0.9563,114,2.045,0.893,369,0
SPY190805C293,2019-08-02,2019-08-02 09:31:50,2.08,0.9082,5,2.0,0.8733,5,2.19,0.9563,114,2.04,0.8908,369,0
SPY190805C293,2019-08-02,2019-08-02 09:31:51,2.12,0.9257,360,2.01,0.8777,50,2.19,0.9563,114,2.065,0.9017,369,0
SPY190805C293,2019-08-02,2019-08-02 09:31:52,2.09,0.9126,100,2.02,0.882,5,2.19,0.9563,114,2.055,0.8973,369,0
SPY190805C293,2019-08-02,2019-08-02 09:31:55,2.12,0.9257,44,2.04,0.8908,44,2.05,0.8951,3,2.08,0.9082,372,3
SPY190805C293,2019-08-02,2019-08-02 09:31:58,2.24,0.9781,360,2.13,0.9301,25,2.05,0.8951,3,2.185,0.9541,372,0
SPY190805C293,2019-08-02,2019-08-02 09:32:00,2.25,0.9825,453,2.14,0.9344,453,2.05,0.8951,3,2.195,0.9585,372,0
SPY190805C293,2019-08-02,2019-08-02 09:32:01,2.28,0.9956,5,2.18,0.9519,10,2.05,0.8951,3,2.23,0.9737,372,0
SPY190805C293,2019-08-02,2019-08-02 09:32:02,2.26,0.9868,5,2.19,0.9563,66,2.05,0.8951,3,2.225,0.9716,372,0
SPY190805C293,2019-08-02,2019-08-02 09:32:03,2.28,0.9956,5,2.2,0.9606,5,2.05,0.8951,3,2.24,0.9781,372,0
SPY190805C293,2019-08-02,2019-08-02 09:32:04,2.26,0.9868,360,2.15,0.9388,5,2.05,0.8951,3,2.205,0.9628,372,0
SPY190805C293,2019-08-02,2019-08-02 09:32:04,2.28,0.9956,6,2.21,0.965,5,2.05,0.8951,3,2.245,0.9803,372,0
SPY190805C293,2019-08-02,2019-08-02 09:32:05,2.25,0.9825,365,2.15,0.9388,5,2.05,0.8951,3,2.2,0.9606,372,0
SPY190805C293,2019-08-02,2019-08-02 09:32:11,2.33,1.0174,360,2.24,0.9781,5,2.27,0.9912,30,2.285,0.9978,402,30
SPY190805C293,2019-08-02,2019-08-02 09:32:12,2.33,1.0174,100,2.24,0.9781,100,2.27,0.9912,30,2.285,0.9978,402,0
SPY190805C293,2019-08-02,2019-08-02 09:32:13,2.34,1.0218,5,2.26,0.9868,66,2.27,0.9912,30,2.3,1.0043,402,0
SPY190805C293,2019-08-02,2019-08-02 09:32:14,2.35,1.0262,44,2.29,1.0,103,2.27,0.9912,30,2.32,1.0131,402,0
SPY190805C293,2019-08-02,2019-08-02 09:32:14,2.35,1.0262,5,2.28,0.9956,81,2.27,0.9912,30,2.315,1.0109,402,0
SPY190805C293,2019-08-02,2019-08-02 09:32:15,2.34,1.0218,5,2.29,1.0,5,2.27,0.9912,30,2.315,1.0109,402,0
SPY190805C293,2019-08-02,2019-08-02 09:32:15,2.36,1.0305,116,2.29,1.0,81,2.27,0.9912,30,2.325,1.0152,402,0
SPY190805C293,2019-08-02,2019-08-02 09:32:16,2.36,1.0305,5,2.31,1.0087,5,2.27,0.9912,30,2.335,1.0196,402,0
SPY190805C293,2019-08-02,2019-08-02 09:32:17,2.36,1.0305,5,2.3,1.0043,100,2.27,0.9912,30,2.33,1.0174,402,0
SPY190805C293,2019-08-02,2019-08-02 09:32:18,2.37,1.0349,114,2.31,1.0087,100,2.27,0.9912,30,2.34,1.0218,402,0
SPY190805C293,2019-08-02,2019-08-02 09:32:19,2.36,1.0305,226,2.28,0.9956,44,2.27,0.9912,30,2.32,1.0131,402,0
SPY190805C293,2019-08-02,2019-08-02 09:32:19,2.37,1.0349,360,2.31,1.0087,150,2.27,0.9912,30,2.34,1.0218,402,0
SPY190805C293,2019-08-02,2019-08-02 09:32:20,2.36,1.0305,449,2.27,0.9912,5,2.27,0.9912,30,2.315,1.0109,402,0
SPY190805C293,2019-08-02,2019-08-02 09:32:22,2.36,1.0305,5,2.3,1.0043,20,2.27,0.9912,30,2.33,1.0174,402,0
SPY190805C293,2019-08-02,2019-08-02 09:32:23,2.35,1.0262,5,2.29,1.0,5,2.27,0.9912,30,2.32,1.0131,402,0
SPY190805C293,2019-08-02,2019-08-02 09:32:23,2.36,1.0305,44,2.29,1.0,18,2.27,0.9912,30,2.325,1.0152,402,0
SPY190805C293,2019-08-02,2019-08-02 09:32:24,2.35,1.0262,44,2.29,1.0,217,2.27,0.9912,30,2.32,1.0131,402,0
SPY190805C293,2019-08-02,2019-08-02 09:32:24,2.35,1.0262,5,2.29,1.0,5,2.27,0.9912,30,2.32,1.0131,402,0
SPY190805C293,2019-08-02,2019-08-02 09:32:26,2.35,1.0262,5,2.29,1.0,292,2.27,0.9912,30,2.32,1.0131,402,0
SPY190805C293,2019-08-02,2019-08-02 09:32:27,2.36,1.0305,44,2.3,1.0043,5,2.27,0.9912,30,2.33,1.0174,402,0
SPY190805C293,2019-08-02,2019-08-02 09:32:28,2.36,1.0305,121,2.25,0.9825,360,2.27,0.9912,30,2.305,1.0065,402,0
SPY190805C293,2019-08-02,2019-08-02 09:32:29,2.33,1.0174,5,2.28,0.9956,5,2.27,0.9912,30,2.305,1.0065,402,0
SPY190805C293,2019-08-02,2019-08-02 09:32:30,2.34,1.0218,5,2.24,0.9781,5,2.27,0.9912,30,2.29,1.0,402,0
SPY190805C293,2019-08-02,2019-08-02 09:32:31,2.33,1.0174,121,2.27,0.9912,118,2.27,0.9912,30,2.3,1.0043,402,0
SPY190805C293,2019-08-02,2019-08-02 09:32:32,2.33,1.0174,1,2.28,0.9956,10,2.27,0.9912,30,2.305,1.0065,402,0
SPY190805C293,2019-08-02,2019-08-02 09:32:33,2.37,1.0349,5,2.28,0.9956,456,2.27,0.9912,30,2.325,1.0152,402,0
SPY190805C293,2019-08-02,2019-08-02 09:32:33,2.35,1.0262,71,2.28,0.9956,133,2.27,0.9912,30,2.315,1.0109,402,0
SPY190805C293,2019-08-02,2019-08-02 09:32:34,2.39,1.0436,456,2.31,1.0087,248,2.27,0.9912,30,2.35,1.0262,402,0
SPY190805C293,2019-08-02,2019-08-02 09:32:34,2.37,1.0349,106,2.32,1.0131,118,2.27,0.9912,30,2.345,1.024,402,0
SPY190805C293,2019-08-02,2019-08-02 09:32:35,2.33,1.0174,91,2.23,0.9737,5,2.27,0.9912,30,2.28,0.9956,402,0
SPY190805C293,2019-08-02,2019-08-02 09:32:36,2.3,1.0043,117,2.25,0.9825,5,2.27,0.9912,30,2.275,0.9934,402,0
SPY190805C293,2019-08-02,2019-08-02 09:32:36,2.32,1.0131,44,2.24,0.9781,101,2.27,0.9912,30,2.28,0.9956,402,0
SPY190805C293,2019-08-02,2019-08-02 09:32:38,2.32,1.0131,116,2.26,0.9868,24,2.27,0.9912,30,2.29,1.0,402,0
SPY190805C293,2019-08-02,2019-08-02 09:32:39,2.34,1.0218,116,2.29,1.0,14,2.27,0.9912,30,2.315,1.0109,402,0
SPY190805C293,2019-08-02,2019-08-02 09:32:39,2.34,1.0218,102,2.3,1.0043,97,2.27,0.9912,30,2.32,1.0131,402,0
SPY190805C293,2019-08-02,2019-08-02 09:32:40,2.34,1.0218,116,2.29,1.0,110,2.27,0.9912,30,2.315,1.0109,402,0
SPY190805C293,2019-08-02,2019-08-02 09:32:41,2.33,1.0174,5,2.27,0.9912,110,2.27,0.9912,30,2.3,1.0043,402,0
SPY190805C293,2019-08-02,2019-08-02 09:32:42,2.34,1.0218,124,2.28,0.9956,60,2.27,0.9912,30,2.31,1.0087,402,0
SPY190805C293,2019-08-02,2019-08-02 09:32:43,2.31,1.0087,105,2.26,0.9868,120,2.27,0.9912,30,2.285,0.9978,402,0
SPY190805C293,2019-08-02,2019-08-02 09:32:43,2.33,1.0174,121,2.28,0.9956,20,2.27,0.9912,30,2.305,1.0065,402,0
SPY190805C293,2019-08-02,2019-08-02 09:32:44,2.31,1.0087,105,2.27,0.9912,120,2.27,0.9912,30,2.29,1.0,402,0
SPY190805C293,2019-08-02,2019-08-02 09:32:45,2.35,1.0262,5,2.28,0.9956,107,2.27,0.9912,30,2.315,1.0109,402,0
SPY190805C293,2019-08-02,2019-08-02 09:32:47,2.37,1.0349,121,2.29,1.0,120,2.27,0.9912,30,2.33,1.0174,402,0
SPY190805C293,2019-08-02,2019-08-02 09:32:47,2.33,1.0174,5,2.28,0.9956,120,2.27,0.9912,30,2.305,1.0065,402,0
SPY190805C293,2019-08-02,2019-08-02 09:32:48,2.35,1.0262,100,2.3,1.0043,21,2.27,0.9912,30,2.325,1.0152,402,0
SPY190805C293,2019-08-02,2019-08-02 09:32:49,2.34,1.0218,16,2.3,1.0043,24,2.27,0.9912,30,2.32,1.0131,402,0
SPY190805C293,2019-08-02,2019-08-02 09:32:50,2.36,1.0305,452,2.27,0.9912,116,2.27,0.9912,30,2.315,1.0109,402,0
SPY190805C293,2019-08-02,2019-08-02 09:32:51,2.36,1.0305,452,2.29,1.0,117,2.27,0.9912,30,2.325,1.0152,402,0
SPY190805C293,2019-08-02,2019-08-02 09:32:52,2.35,1.0262,104,2.31,1.0087,45,2.27,0.9912,30,2.33,1.0174,402,0
SPY190805C293,2019-08-02,2019-08-02 09:32:53,2.38,1.0393,116,2.32,1.0131,120,2.27,0.9912,30,2.35,1.0262,402,0
SPY190805C293,2019-08-02,2019-08-02 09:32:53,2.36,1.0305,122,2.32,1.0131,18,2.27,0.9912,30,2.34,1.0218,402,0
SPY190805C293,2019-08-02,2019-08-02 09:32:54,2.37,1.0349,111,2.32,1.0131,120,2.27,0.9912,30,2.345,1.024,402,0
SPY190805C293,2019-08-02,2019-08-02 09:32:55,2.37,1.0349,117,2.33,1.0174,11,2.27,0.9912,30,2.35,1.0262,402,0
SPY190805C293,2019-08-02,2019-08-02 09:32:57,2.34,1.0218,98,2.29,1.0,120,2.27,0.9912,30,2.315,1.0109,402,0
SPY190805C293,2019-08-02,2019-08-02 09:32:58,2.33,1.0174,21,2.29,1.0,66,2.33,1.0174,1,2.31,1.0087,403,1
SPY190805C293,2019-08-02,2019-08-02 09:32:59,2.33,1.0174,5,2.28,0.9956,5,2.33,1.0174,1,2.305,1.0065,403,0
SPY190805C293,2019-08-02,2019-08-02 09:33:00,2.3,1.0043,16,2.24,0.9781,20,2.33,1.0174,1,2.27,0.9912,403,0
SPY190805C293,2019-08-02,2019-08-02 09:33:00,2.32,1.0131,21,2.27,0.9912,20,2.33,1.0174,1,2.295,1.0021,403,0
SPY190805C293,2019-08-02,2019-08-02 09:33:01,2.28,0.9956,121,2.23,0.9737,120,2.33,1.0174,1,2.255,0.9847,403,0
SPY190805C293,2019-08-02,2019-08-02 09:33:04,2.31,1.0087,20,2.26,0.9868,116,2.33,1.0174,1,2.285,0.9978,403,0
SPY190805C293,2019-08-02,2019-08-02 09:33:05,2.35,1.0262,120,2.28,0.9956,116,2.33,1.0174,1,2.315,1.0109,403,0
SPY190805C293,2019-08-02,2019-08-02 09:33:05,2.35,1.0262,107,2.29,1.0,70,2.33,1.0174,1,2.32,1.0131,403,0
SPY190805C293,2019-08-02,2019-08-02 09:33:06,2.32,1.0131,117,2.27,0.9912,116,2.33,1.0174,1,2.295,1.0021,403,0
SPY190805C293,2019-08-02,2019-08-02 09:33:07,2.32,1.0131,111,2.27,0.9912,118,2.33,1.0174,1,2.295,1.0021,403,0
SPY190805C293,2019-08-02,2019-08-02 09:33:08,2.34,1.0218,121,2.3,1.0043,15,2.33,1.0174,1,2.32,1.0131,403,0
SPY190805C293,2019-08-02,2019-08-02 09:33:09,2.29,1.0,71,2.23,0.9737,120,2.33,1.0174,1,2.26,0.9868,403,0
SPY190805C293,2019-08-02,2019-08-02 09:33:10,2.3,1.0043,21,2.26,0.9868,20,2.33,1.0174,1,2.28,0.9956,403,0
SPY190805C293,2019-08-02,2019-08-02 09:33:10,2.33,1.0174,360,2.25,0.9825,13,2.33,1.0174,1,2.29,1.0,403,0
SPY190805C293,2019-08-02,2019-08-02 09:33:11,2.34,1.0218,44,2.25,0.9825,37,2.33,1.0174,1,2.295,1.0021,403,0
SPY190805C293,2019-08-02,2019-08-02 09:33:12,2.37,1.0349,456,2.31,1.0087,5,2.33,1.0174,1,2.34,1.0218,403,0
SPY190805C293,2019-08-02,2019-08-02 09:33:13,2.37,1.0349,44,2.29,1.0,44,2.33,1.0174,1,2.33,1.0174,403,0
SPY190805C293,2019-08-02,2019-08-02 09:33:13,2.37,1.0349,44,2.31,1.0087,120,2.33,1.0174,1,2.34,1.0218,403,0
SPY190805C293,2019-08-02,2019-08-02 09:33:14,2.36,1.0305,44,2.29,1.0,120,2.33,1.0174,1,2.325,1.0152,403,0
SPY190805C293,2019-08-02,2019-08-02 09:33:14,2.34,1.0218,21,2.3,1.0043,20,2.33,1.0174,1,2.32,1.0131,403,0
SPY190805C293,2019-08-02,2019-08-02 09:33:15,2.34,1.0218,21,2.28,0.9956,120,2.33,1.0174,1,2.31,1.0087,403,0
SPY190805C293,2019-08-02,2019-08-02 09:33:16,2.33,1.0174,6,2.3,1.0043,20,2.33,1.0174,1,2.315,1.0109,403,0
SPY190805C293,2019-08-02,2019-08-02 09:33:16,2.33,1.0174,456,2.23,0.9737,5,2.33,1.0174,1,2.28,0.9956,403,0
SPY190805C293,2019-08-02,2019-08-02 09:33:17,2.32,1.0131,360,2.23,0.9737,5,2.33,1.0174,1,2.275,0.9934,403,0
SPY190805C293,2019-08-02,2019-08-02 09:33:18,2.33,1.0174,98,2.26,0.9868,236,2.33,1.0174,1,2.295,1.0021,403,0
SPY190805C293,2019-08-02,2019-08-02 09:33:19,2.34,1.0218,451,2.25,0.9825,15,2.33,1.0174,1,2.295,1.0021,403,0
SPY190805C293,2019-08-02,2019-08-02 09:33:19,2.33,1.0174,121,2.27,0.9912,5,2.33,1.0174,1,2.3,1.0043,403,0
SPY190805C293,2019-08-02,2019-08-02 09:33:20,2.32,1.0131,116,2.27,0.9912,5,2.33,1.0174,1,2.295,1.0021,403,0
SPY190805C293,2019-08-02,2019-08-02 09:33:20,2.32,1.0131,109,2.27,0.9912,5,2.33,1.0174,1,2.295,1.0021,403,0
SPY190805C293,2019-08-02,2019-08-02 09:33:21,2.29,1.0,21,2.25,0.9825,20,2.33,1.0174,1,2.27,0.9912,403,0
SPY190805C293,2019-08-02,2019-08-02 09:33:22,2.26,0.9868,6,2.25,0.9825,20,2.33,1.0174,1,2.255,0.9847,403,0
SPY190805C293,2019-08-02,2019-08-02 09:33:23,2.29,1.0,54,2.25,0.9825,111,2.33,1.0174,1,2.27,0.9912,403,0
SPY190805C293,2019-08-02,2019-08-02 09:33:23,2.32,1.0131,5,2.25,0.9825,20,2.33,1.0174,1,2.285,0.9978,403,0
SPY190805C293,2019-08-02,2019-08-02 09:33:24,2.31,1.0087,5,2.26,0.9868,5,2.33,1.0174,1,2.285,0.9978,403,0
SPY190805C293,2019-08-02,2019-08-02 09:33:24,2.31,1.0087,452,2.26,0.9868,50,2.33,1.0174,1,2.285,0.9978,403,0
SPY190805C293,2019-08-02,2019-08-02 09:33:25,2.3,1.0043,6,2.26,0.9868,6,2.33,1.0174,1,2.28,0.9956,403,0
SPY190805C293,2019-08-02,2019-08-02 09:33:25,2.31,1.0087,5,2.25,0.9825,5,2.33,1.0174,1,2.28,0.9956,403,0
SPY190805C293,2019-08-02,2019-08-02 09:33:26,2.3,1.0043,6,2.24,0.9781,349,2.33,1.0174,1,2.27,0.9912,403,0
SPY190805C293,2019-08-02,2019-08-02 09:33:27,2.32,1.0131,100,2.27,0.9912,6,2.33,1.0174,1,2.295,1.0021,403,0
SPY190805C293,2019-08-02,2019-08-02 09:33:27,2.32,1.0131,100,2.26,0.9868,120,2.33,1.0174,1,2.29,1.0,403,0
SPY190805C293,2019-08-02,2019-08-02 09:33:28,2.29,1.0,6,2.26,0.9868,120,2.33,1.0174,1,2.275,0.9934,403,0
SPY190805C293,2019-08-02,2019-08-02 09:33:29,2.31,1.0087,6,2.26,0.9868,130,2.33,1.0174,1,2.285,0.9978,403,0
SPY190805C293,2019-08-02,2019-08-02 09:33:29,2.33,1.0174,5,2.24,0.9781,333,2.33,1.0174,1,2.285,0.9978,403,0
SPY190805C293,2019-08-02,2019-08-02 09:33:30,2.34,1.0218,431,2.28,0.9956,24,2.33,1.0174,1,2.31,1.0087,403,0
SPY190805C293,2019-08-02,2019-08-02 09:33:30,2.32,1.0131,21,2.28,0.9956,5,2.33,1.0174,1,2.3,1.0043,403,0
SPY190805C293,2019-08-02,2019-08-02 09:33:31,2.33,1.0174,21,2.29,1.0,20,2.33,1.0174,1,2.31,1.0087,403,0
SPY190805C293,2019-08-02,2019-08-02 09:33:32,2.32,1.0131,6,2.29,1.0,20,2.33,1.0174,1,2.305,1.0065,403,0
SPY190805C293,2019-08-02,2019-08-02 09:33:32,2.3,1.0043,21,2.27,0.9912,5,2.33,1.0174,1,2.285,0.9978,403,0
SPY190805C293,2019-08-02,2019-08-02 09:33:33,2.29,1.0,116,2.24,0.9781,300,2.33,1.0174,1,2.265,0.989,403,0
SPY190805C293,2019-08-02,2019-08-02 09:33:34,2.32,1.0131,21,2.27,0.9912,248,2.33,1.0174,1,2.295,1.0021,403,0
SPY190805C293,2019-08-02,2019-08-02 09:33:34,2.34,1.0218,5,2.25,0.9825,5,2.33,1.0174,1,2.295,1.0021,403,0
SPY190805C293,2019-08-02,2019-08-02 09:33:35,2.32,1.0131,116,2.27,0.9912,339,2.33,1.0174,1,2.295,1.0021,403,0
SPY190805C293,2019-08-02,2019-08-02 09:33:36,2.31,1.0087,6,2.29,1.0,70,2.33,1.0174,1,2.3,1.0043,403,0
SPY190805C293,2019-08-02,2019-08-02 09:33:36,2.33,1.0174,6,2.29,1.0,120,2.33,1.0174,1,2.31,1.0087,403,0
SPY190805C293,2019-08-02,2019-08-02 09:33:37,2.32,1.0131,6,2.3,1.0043,69,2.33,1.0174,1,2.31,1.0087,403,0
SPY190805C293,2019-08-02,2019-08-02 09:33:38,2.38,1.0393,360,2.31,1.0087,70,2.33,1.0174,1,2.345,1.024,403,0
SPY190805C293,2019-08-02,2019-08-02 09:33:38,2.33,1.0174,2,2.31,1.0087,118,2.33,1.0174,1,2.32,1.0131,403,0
SPY190805C293,2019-08-02,2019-08-02 09:33:39,2.33,1.0174,10,2.3,1.0043,112,2.33,1.0174,1,2.315,1.0109,403,0
SPY190805C293,2019-08-02,2019-08-02 09:33:39,2.33,1.0174,2,2.3,1.0043,88,2.33,1.0174,1,2.315,1.0109,403,0
SPY190805C293,2019-08-02,2019-08-02 09:33:40,2.31,1.0087,6,2.29,1.0,85,2.33,1.0174,1,2.3,1.0043,403,0
SPY190805C293,2019-08-02,2019-08-02 09:33:41,2.31,1.0087,6,2.29,1.0,88,2.33,1.0174,1,2.3,1.0043,403,0
SPY190805C293,2019-08-02,2019-08-02 09:33:41,2.33,1.0174,22,2.29,1.0,104,2.33,1.0174,1,2.31,1.0087,403,0
SPY190805C293,2019-08-02,2019-08-02 09:33:42,2.32,1.0131,25,2.29,1.0,50,2.33,1.0174,1,2.305,1.0065,403,0
SPY190805C293,2019-08-02,2019-08-02 09:33:43,2.31,1.0087,100,2.25,0.9825,44,2.33,1.0174,1,2.28,0.9956,403,0
SPY190805C293,2019-08-02,2019-08-02 09:33:43,2.29,1.0,21,2.26,0.9868,38,2.33,1.0174,1,2.275,0.9934,403,0
SPY190805C293,2019-08-02,2019-08-02 09:33:44,2.32,1.0131,110,2.28,0.9956,60,2.33,1.0174,1,2.3,1.0043,403,0
SPY190805C293,2019-08-02,2019-08-02 09:33:44,2.31,1.0087,6,2.28,0.9956,60,2.33,1.0174,1,2.295,1.0021,403,0
SPY190805C293,2019-08-02,2019-08-02 09:33:45,2.3,1.0043,121,2.28,0.9956,37,2.28,0.9956,5,2.29,1.0,426,23
SPY190805C293,2019-08-02,2019-08-02 09:33:47,2.29,1.0,360,2.18,0.9519,370,2.28,0.9956,1,2.235,0.9759,627,201
SPY190805C293,2019-08-02,2019-08-02 09:33:48,2.25,0.9825,6,2.2,0.9606,120,2.28,0.9956,23,2.225,0.9716,704,77
SPY190805C293,2019-08-02,2019-08-02 09:33:49,2.26,0.9868,99,2.2,0.9606,53,2.28,0.9956,23,2.23,0.9737,704,0
SPY190805C293,2019-08-02,2019-08-02 09:33:50,2.25,0.9825,21,2.2,0.9606,116,2.28,0.9956,23,2.225,0.9716,704,0
SPY190805C293,2019-08-02,2019-08-02 09:33:51,2.22,0.9694,6,2.2,0.9606,114,2.28,0.9956,23,2.21,0.965,704,0
SPY190805C293,2019-08-02,2019-08-02 09:33:52,2.22,0.9694,21,2.19,0.9563,120,2.28,0.9956,23,2.205,0.9628,704,0
SPY190805C293,2019-08-02,2019-08-02 09:33:54,2.22,0.9694,14,2.19,0.9563,20,2.28,0.9956,23,2.205,0.9628,704,0
SPY190805C293,2019-08-02,2019-08-02 09:33:54,2.25,0.9825,360,2.18,0.9519,117,2.28,0.9956,23,2.215,0.9672,704,0
SPY190805C293,2019-08-02,2019-08-02 09:33:55,2.21,0.965,118,2.16,0.9432,117,2.28,0.9956,23,2.185,0.9541,704,0
SPY190805C293,2019-08-02,2019-08-02 09:33:56,2.2,0.9606,6,2.18,0.9519,20,2.28,0.9956,23,2.19,0.9563,704,0
SPY190805C293,2019-08-02,2019-08-02 09:33:57,2.21,0.965,121,2.17,0.9475,20,2.28,0.9956,23,2.19,0.9563,704,0
SPY190805C293,2019-08-02,2019-08-02 09:33:57,2.19,0.9563,6,2.17,0.9475,20,2.28,0.9956,23,2.18,0.9519,704,0
SPY190805C293,2019-08-02,2019-08-02 09:34:00,2.22,0.9694,111,2.18,0.9519,42,2.28,0.9956,23,2.2,0.9606,704,0
SPY190805C293,2019-08-02,2019-08-02 09:34:01,2.21,0.965,6,2.17,0.9475,83,2.28,0.9956,23,2.19,0.9563,704,0
SPY190805C293,2019-08-02,2019-08-02 09:34:03,2.25,0.9825,6,2.23,0.9737,12,2.28,0.9956,23,2.24,0.9781,704,0
SPY190805C293,2019-08-02,2019-08-02 09:34:04,2.25,0.9825,117,2.21,0.965,69,2.28,0.9956,23,2.23,0.9737,704,0
SPY190805C293,2019-08-02,2019-08-02 09:34:06,2.28,0.9956,6,2.25,0.9825,13,2.28,0.9956,23,2.265,0.989,704,0
SPY190805C293,2019-08-02,2019-08-02 09:34:08,2.36,1.0305,21,2.31,1.0087,20,2.33,1.0174,2,2.335,1.0196,706,2
SPY190805C293,2019-08-02,2019-08-02 09:34:10,2.32,1.0131,54,2.27,0.9912,104,2.33,1.0174,2,2.295,1.0021,706,0
SPY190805C293,2019-08-02,2019-08-02 09:34:12,2.33,1.0174,44,2.28,0.9956,6,2.33,1.0174,2,2.305,1.0065,706,0
SPY190805C293,2019-08-02,2019-08-02 09:34:12,2.3,1.0043,5,2.26,0.9868,20,2.33,1.0174,2,2.28,0.9956,706,0
SPY190805C293,2019-08-02,2019-08-02 09:34:14,2.29,1.0,118,2.24,0.9781,15,2.33,1.0174,2,2.265,0.989,706,0
SPY190805C293,2019-08-02,2019-08-02 09:34:14,2.26,0.9868,5,2.18,0.9519,5,2.33,1.0174,2,2.22,0.9694,706,0
SPY190805C293,2019-08-02,2019-08-02 09:34:15,2.27,0.9912,116,2.19,0.9563,248,2.33,1.0174,2,2.23,0.9737,706,0
SPY190805C293,2019-08-02,2019-08-02 09:34:17,2.3,1.0043,50,2.25,0.9825,12,2.33,1.0174,2,2.275,0.9934,706,0
SPY190805C293,2019-08-02,2019-08-02 09:34:18,2.29,1.0,6,2.25,0.9825,18,2.33,1.0174,2,2.27,0.9912,706,0
SPY190805C293,2019-08-02,2019-08-02 09:34:19,2.28,0.9956,6,2.25,0.9825,30,2.33,1.0174,2,2.265,0.989,706,0
SPY190805C293,2019-08-02,2019-08-02 09:34:20,2.28,0.9956,6,2.24,0.9781,62,2.33,1.0174,2,2.26,0.9868,706,0
SPY190805C293,2019-08-02,2019-08-02 09:34:21,2.27,0.9912,121,2.22,0.9694,108,2.33,1.0174,2,2.245,0.9803,706,0
SPY190805C293,2019-08-02,2019-08-02 09:34:21,2.25,0.9825,6,2.17,0.9475,6,2.33,1.0174,2,2.21,0.965,706,0
SPY190805C293,2019-08-02,2019-08-02 09:34:22,2.23,0.9737,6,2.18,0.9519,66,2.33,1.0174,2,2.205,0.9628,706,0
SPY190805C293,2019-08-02,2019-08-02 09:34:23,2.23,0.9737,6,2.18,0.9519,66,2.33,1.0174,2,2.205,0.9628,706,0
SPY190805C293,2019-08-02,2019-08-02 09:34:23,2.24,0.9781,121,2.2,0.9606,49,2.33,1.0174,2,2.22,0.9694,706,0
SPY190805C293,2019-08-02,2019-08-02 09:34:24,2.23,0.9737,121,2.2,0.9606,46,2.2,0.9606,46,2.215,0.9672,798,92
SPY190805C293,2019-08-02,2019-08-02 09:34:25,2.21,0.965,6,2.2,0.9606,46,2.2,0.9606,46,2.205,0.9628,798,0
SPY190805C293,2019-08-02,2019-08-02 09:34:25,2.24,0.9781,21,2.21,0.965,6,2.2,0.9606,46,2.225,0.9716,798,0
SPY190805C293,2019-08-02,2019-08-02 09:34:26,2.21,0.965,6,2.19,0.9563,6,2.2,0.9606,6,2.2,0.9606,850,52
SPY190805C293,2019-08-02,2019-08-02 09:34:27,2.21,0.965,6,2.17,0.9475,120,2.2,0.9606,6,2.19,0.9563,850,0
SPY190805C293,2019-08-02,2019-08-02 09:34:27,2.22,0.9694,114,2.17,0.9475,120,2.2,0.9606,6,2.195,0.9585,850,0
SPY190805C293,2019-08-02,2019-08-02 09:34:28,2.21,0.965,21,2.2,0.9606,4,2.2,0.9606,35,2.205,0.9628,932,0
SPY190805C293,2019-08-02,2019-08-02 09:34:28,2.21,0.965,25,2.2,0.9606,4,2.2,0.9606,35,2.205,0.9628,932,82
SPY190805C293,2019-08-02,2019-08-02 09:34:29,2.25,0.9825,6,2.23,0.9737,6,2.2,0.9606,35,2.24,0.9781,932,0
SPY190805C293,2019-08-02,2019-08-02 09:34:30,2.25,0.9825,21,2.23,0.9737,6,2.2,0.9606,35,2.24,0.9781,932,0
SPY190805C293,2019-08-02,2019-08-02 09:34:31,2.23,0.9737,6,2.2,0.9606,94,2.2,0.9606,35,2.215,0.9672,932,0
SPY190805C293,2019-08-02,2019-08-02 09:34:31,2.25,0.9825,21,2.21,0.965,66,2.2,0.9606,35,2.23,0.9737,932,0
SPY190805C293,2019-08-02,2019-08-02 09:34:32,2.19,0.9563,6,2.15,0.9388,120,2.2,0.9606,4,2.17,0.9475,936,4
SPY190805C293,2019-08-02,2019-08-02 09:34:32,2.19,0.9563,6,2.16,0.9432,21,2.2,0.9606,4,2.175,0.9497,936,0
SPY190805C293,2019-08-02,2019-08-02 09:34:33,2.18,0.9519,6,2.16,0.9432,5,2.2,0.9606,4,2.17,0.9475,936,0
SPY190805C293,2019-08-02,2019-08-02 09:34:34,2.19,0.9563,21,2.17,0.9475,25,2.2,0.9606,4,2.18,0.9519,936,0
SPY190805C293,2019-08-02,2019-08-02 09:34:34,2.2,0.9606,21,2.16,0.9432,20,2.2,0.9606,4,2.18,0.9519,936,0
SPY190805C293,2019-08-02,2019-08-02 09:34:35,2.2,0.9606,6,2.17,0.9475,120,2.2,0.9606,4,2.185,0.9541,936,0
SPY190805C293,2019-08-02,2019-08-02 09:34:35,2.18,0.9519,6,2.16,0.9432,118,2.2,0.9606,4,2.17,0.9475,936,0
SPY190805C293,2019-08-02,2019-08-02 09:34:39,2.21,0.965,107,2.16,0.9432,23,2.2,0.9606,4,2.185,0.9541,936,0
SPY190805C293,2019-08-02,2019-08-02 09:34:41,2.24,0.9781,44,2.18,0.9519,81,2.2,0.9606,4,2.21,0.965,936,0
SPY190805C293,2019-08-02,2019-08-02 09:34:43,2.26,0.9868,44,2.21,0.965,15,2.2,0.9606,4,2.235,0.9759,936,0
SPY190805C293,2019-08-02,2019-08-02 09:34:44,2.22,0.9694,100,2.17,0.9475,122,2.2,0.9606,4,2.195,0.9585,936,0
SPY190805C293,2019-08-02,2019-08-02 09:34:45,2.2,0.9606,8,2.16,0.9432,116,2.2,0.9606,4,2.18,0.9519,936,0
SPY190805C293,2019-08-02,2019-08-02 09:34:46,2.2,0.9606,8,2.16,0.9432,116,2.2,0.9606,4,2.18,0.9519,936,0
SPY190805C293,2019-08-02,2019-08-02 09:34:54,2.2,0.9606,6,2.16,0.9432,22,2.2,0.9606,4,2.18,0.9519,936,0
SPY190805C293,2019-08-02,2019-08-02 09:35:01,2.22,0.9694,70,2.19,0.9563,22,2.2,0.9606,4,2.205,0.9628,936,0
SPY190805C293,2019-08-02,2019-08-02 09:35:07,2.24,0.9781,6,2.2,0.9606,6,2.23,0.9737,6,2.22,0.9694,942,6
SPY190805C293,2019-08-02,2019-08-02 09:35:15,2.15,0.9388,6,2.12,0.9257,9,2.23,0.9737,6,2.135,0.9323,942,0
SPY190805C293,2019-08-02,2019-08-02 09:35:20,2.08,0.9082,6,2.03,0.8864,22,2.23,0.9737,6,2.055,0.8973,942,0
SPY190805C293,2019-08-02,2019-08-02 09:35:21,2.07,0.9039,13,2.0,0.8733,122,2.23,0.9737,6,2.035,0.8886,942,0
SPY190805C293,2019-08-02,2019-08-02 09:35:22,2.04,0.8908,6,2.01,0.8777,6,2.23,0.9737,6,2.025,0.8842,942,0
SPY190805C293,2019-08-02,2019-08-02 09:35:23,2.03,0.8864,23,1.92,0.8384,50,2.23,0.9737,6,1.975,0.8624,942,0
SPY190805C293,2019-08-02,2019-08-02 09:35:27,2.0,0.8733,6,1.95,0.8515,6,2.23,0.9737,6,1.975,0.8624,942,0
SPY190805C293,2019-08-02,2019-08-02 09:35:37,1.96,0.8558,6,1.93,0.8427,22,2.23,0.9737,6,1.945,0.8493,942,0
SPY190805C293,2019-08-02,2019-08-02 09:35:44,1.93,0.8427,5,1.89,0.8253,22,2.23,0.9737,6,1.91,0.834,942,0
SPY190805C293,2019-08-02,2019-08-02 09:35:46,1.91,0.834,6,1.85,0.8078,6,2.23,0.9737,6,1.88,0.8209,942,0
SPY190805C293,2019-08-02,2019-08-02 09:35:47,1.9,0.8296,6,1.85,0.8078,6,2.23,0.9737,6,1.875,0.8187,942,0
SPY190805C293,2019-08-02,2019-08-02 09:35:47,1.89,0.8253,6,1.84,0.8034,17,2.23,0.9737,6,1.865,0.8144,942,0
SPY190805C293,2019-08-02,2019-08-02 09:35:48,1.88,0.8209,5,1.84,0.8034,6,2.23,0.9737,6,1.86,0.8122,942,0
SPY190805C293,2019-08-02,2019-08-02 09:35:49,1.92,0.8384,9,1.83,0.7991,22,2.23,0.9737,6,1.875,0.8187,942,0
SPY190805C293,2019-08-02,2019-08-02 09:35:50,1.87,0.8165,5,1.82,0.7947,44,2.23,0.9737,6,1.845,0.8056,942,0
SPY190805C293,2019-08-02,2019-08-02 09:35:50,1.88,0.8209,100,1.83,0.7991,79,2.23,0.9737,6,1.855,0.81,942,0
SPY190805C293,2019-08-02,2019-08-02 09:35:51,1.87,0.8165,10,1.82,0.7947,24,2.23,0.9737,6,1.845,0.8056,942,0
SPY190805C293,2019-08-02,2019-08-02 09:35:52,1.86,0.8122,100,1.84,0.8034,9,2.23,0.9737,6,1.85,0.8078,942,0
SPY190805C293,2019-08-02,2019-08-02 09:35:52,1.86,0.8122,5,1.82,0.7947,18,2.23,0.9737,6,1.84,0.8034,942,0
SPY190805C293,2019-08-02,2019-08-02 09:35:54,1.88,0.8209,18,1.83,0.7991,65,2.23,0.9737,6,1.855,0.81,942,0
SPY190805C293,2019-08-02,2019-08-02 09:35:55,1.87,0.8165,5,1.84,0.8034,11,2.23,0.9737,6,1.855,0.81,942,0
SPY190805C293,2019-08-02,2019-08-02 09:35:57,1.88,0.8209,124,1.82,0.7947,74,2.23,0.9737,6,1.85,0.8078,942,0
SPY190805C293,2019-08-02,2019-08-02 09:35:58,1.87,0.8165,5,1.82,0.7947,243,2.23,0.9737,6,1.845,0.8056,942,0
SPY190805C293,2019-08-02,2019-08-02 09:36:21,1.93,0.8427,6,1.9,0.8296,6,1.9,0.8296,6,1.915,0.8362,948,6
SPY190805C293,2019-08-02,2019-08-02 09:36:24,2.03,0.8864,360,1.95,0.8515,24,1.9,0.8296,6,1.99,0.8689,948,0
SPY190805C293,2019-08-02,2019-08-02 09:36:25,1.99,0.8689,6,1.96,0.8558,20,1.9,0.8296,6,1.975,0.8624,948,0
SPY190805C293,2019-08-02,2019-08-02 09:36:26,2.02,0.882,141,1.99,0.8689,6,1.9,0.8296,6,2.005,0.8755,948,0
SPY190805C293,2019-08-02,2019-08-02 09:36:29,2.05,0.8951,6,2.02,0.882,24,1.9,0.8296,6,2.035,0.8886,948,0
SPY190805C293,2019-08-02,2019-08-02 09:36:31,2.09,0.9126,123,2.05,0.8951,6,1.9,0.8296,6,2.07,0.9039,948,0
SPY190805C293,2019-08-02,2019-08-02 09:36:32,2.1,0.917,23,2.07,0.9039,6,1.9,0.8296,6,2.085,0.9104,948,0
SPY190805C293,2019-08-02,2019-08-02 09:36:33,2.1,0.917,6,2.07,0.9039,24,1.9,0.8296,6,2.085,0.9104,948,0
SPY190805C293,2019-08-02,2019-08-02 09:36:33,2.1,0.917,116,2.07,0.9039,6,1.9,0.8296,6,2.085,0.9104,948,0
SPY190805C293,2019-08-02,2019-08-02 09:36:34,2.12,0.9257,44,2.06,0.8995,49,1.9,0.8296,6,2.09,0.9126,948,0
SPY190805C293,2019-08-02,2019-08-02 09:36:35,2.1,0.917,23,2.06,0.8995,22,1.9,0.8296,6,2.08,0.9082,948,0
SPY190805C293,2019-08-02,2019-08-02 09:36:35,2.08,0.9082,6,2.05,0.8951,22,1.9,0.8296,6,2.065,0.9017,948,0
SPY190805C293,2019-08-02,2019-08-02 09:36:36,2.07,0.9039,6,2.02,0.882,118,1.9,0.8296,6,2.045,0.893,948,0
SPY190805C293,2019-08-02,2019-08-02 09:36:37,2.07,0.9039,6,2.04,0.8908,6,1.9,0.8296,6,2.055,0.8973,948,0
SPY190805C293,2019-08-02,2019-08-02 09:36:38,2.06,0.8995,6,2.02,0.882,6,1.9,0.8296,6,2.04,0.8908,948,0
SPY190805C293,2019-08-02,2019-08-02 09:36:39,2.02,0.882,6,2.0,0.8733,6,1.9,0.8296,6,2.01,0.8777,948,0
SPY190805C293,2019-08-02,2019-08-02 09:36:40,2.01,0.8777,44,1.98,0.8646,24,1.9,0.8296,6,1.995,0.8711,948,0
SPY190805C293,2019-08-02,2019-08-02 09:36:40,2.01,0.8777,44,1.97,0.8602,2,1.9,0.8296,6,1.99,0.8689,948,0
SPY190805C293,2019-08-02,2019-08-02 09:36:41,1.98,0.8646,23,1.95,0.8515,6,1.97,0.8602,1,1.965,0.858,950,2
SPY190805C293,2019-08-02,2019-08-02 09:36:42,1.97,0.8602,383,1.88,0.8209,360,1.97,0.8602,1,1.925,0.8406,950,0
SPY190805C293,2019-08-02,2019-08-02 09:36:42,1.98,0.8646,23,1.94,0.8471,55,1.97,0.8602,1,1.96,0.8558,950,0
SPY190805C293,2019-08-02,2019-08-02 09:36:43,1.97,0.8602,360,1.89,0.8253,26,1.97,0.8602,1,1.93,0.8427,950,0
SPY190805C293,2019-08-02,2019-08-02 09:36:44,1.95,0.8515,6,1.92,0.8384,6,1.97,0.8602,1,1.935,0.8449,950,0
SPY190805C293,2019-08-02,2019-08-02 09:36:45,1.94,0.8471,23,1.9,0.8296,24,1.97,0.8602,1,1.92,0.8384,950,0
SPY190805C293,2019-08-02,2019-08-02 09:36:46,1.91,0.834,6,1.88,0.8209,90,1.97,0.8602,1,1.895,0.8275,950,0
SPY190805C293,2019-08-02,2019-08-02 09:36:47,1.92,0.8384,6,1.88,0.8209,90,1.97,0.8602,1,1.9,0.8296,950,0
SPY190805C293,2019-08-02,2019-08-02 09:36:48,1.93,0.8427,44,1.89,0.8253,24,1.97,0.8602,1,1.91,0.834,950,0
SPY190805C293,2019-08-02,2019-08-02 09:36:48,1.92,0.8384,6,1.88,0.8209,90,1.97,0.8602,1,1.9,0.8296,950,0
SPY190805C293,2019-08-02,2019-08-02 09:36:49,1.91,0.834,29,1.89,0.8253,10,1.97,0.8602,1,1.9,0.8296,950,0
SPY190805C293,2019-08-02,2019-08-02 09:36:49,1.93,0.8427,44,1.9,0.8296,20,1.97,0.8602,1,1.915,0.8362,950,0
SPY190805C293,2019-08-02,2019-08-02 09:36:50,1.95,0.8515,6,1.91,0.834,6,1.97,0.8602,1,1.93,0.8427,950,0
SPY190805C293,2019-08-02,2019-08-02 09:36:51,1.98,0.8646,44,1.91,0.834,44,1.97,0.8602,1,1.945,0.8493,950,0
SPY190805C293,2019-08-02,2019-08-02 09:36:51,1.95,0.8515,6,1.9,0.8296,24,1.97,0.8602,1,1.925,0.8406,950,0
SPY190805C293,2019-08-02,2019-08-02 09:36:52,1.97,0.8602,44,1.93,0.8427,25,1.97,0.8602,1,1.95,0.8515,950,0
SPY190805C293,2019-08-02,2019-08-02 09:36:53,2.01,0.8777,44,1.91,0.834,360,1.97,0.8602,1,1.96,0.8558,950,0
SPY190805C293,2019-08-02,2019-08-02 09:36:54,2.04,0.8908,44,2.0,0.8733,6,1.97,0.8602,1,2.02,0.882,950,0
SPY190805C293,2019-08-02,2019-08-02 09:36:54,2.0,0.8733,6,1.96,0.8558,9,1.97,0.8602,1,1.98,0.8646,950,0
SPY190805C293,2019-08-02,2019-08-02 09:36:55,2.04,0.8908,6,2.01,0.8777,6,1.97,0.8602,1,2.025,0.8842,950,0
SPY190805C293,2019-08-02,2019-08-02 09:36:55,2.06,0.8995,360,1.97,0.8602,37,1.97,0.8602,1,2.015,0.8799,950,0
SPY190805C293,2019-08-02,2019-08-02 09:36:56,2.04,0.8908,6,1.97,0.8602,50,1.97,0.8602,1,2.005,0.8755,950,0
SPY190805C293,2019-08-02,2019-08-02 09:36:57,2.03,0.8864,360,1.96,0.8558,6,1.97,0.8602,1,1.995,0.8711,950,0
SPY190805C293,2019-08-02,2019-08-02 09:36:57,2.02,0.882,44,1.97,0.8602,6,1.97,0.8602,1,1.995,0.8711,950,0
SPY190805C293,2019-08-02,2019-08-02 09:36:58,2.02,0.882,44,1.98,0.8646,6,1.97,0.8602,1,2.0,0.8733,950,0
SPY190805C293,2019-08-02,2019-08-02 09:36:59,2.02,0.882,44,1.98,0.8646,6,1.97,0.8602,1,2.0,0.8733,950,0
SPY190805C293,2019-08-02,2019-08-02 09:37:00,2.0,0.8733,12,1.95,0.8515,5,1.97,0.8602,1,1.975,0.8624,950,0
SPY190805C293,2019-08-02,2019-08-02 09:37:00,2.02,0.882,6,1.99,0.8689,6,1.97,0.8602,1,2.005,0.8755,950,0
SPY190805C293,2019-08-02,2019-08-02 09:37:01,1.97,0.8602,6,1.93,0.8427,2,1.97,0.8602,1,1.95,0.8515,950,0
SPY190805C293,2019-08-02,2019-08-02 09:37:02,1.96,0.8558,6,1.93,0.8427,16,1.97,0.8602,1,1.945,0.8493,950,0
SPY190805C293,2019-08-02,2019-08-02 09:37:02,1.97,0.8602,6,1.92,0.8384,75,1.97,0.8602,1,1.945,0.8493,950,0
SPY190805C293,2019-08-02,2019-08-02 09:37:03,1.97,0.8602,6,1.93,0.8427,6,1.97,0.8602,1,1.95,0.8515,950,0
SPY190805C293,2019-08-02,2019-08-02 09:37:04,1.95,0.8515,6,1.94,0.8471,6,1.97,0.8602,1,1.945,0.8493,950,0
SPY190805C293,2019-08-02,2019-08-02 09:37:05,1.95,0.8515,44,1.93,0.8427,21,1.97,0.8602,1,1.94,0.8471,950,0
SPY190805C293,2019-08-02,2019-08-02 09:37:05,1.95,0.8515,6,1.93,0.8427,21,1.97,0.8602,1,1.94,0.8471,950,0
SPY190805C293,2019-08-02,2019-08-02 09:37:06,1.93,0.8427,6,1.89,0.8253,21,1.92,0.8384,1,1.91,0.834,1033,83
SPY190805C293,2019-08-02,2019-08-02 09:37:06,1.92,0.8384,18,1.89,0.8253,31,1.92,0.8384,1,1.905,0.8318,1033,0
SPY190805C293,2019-08-02,2019-08-02 09:37:07,1.95,0.8515,13,1.91,0.834,2,1.92,0.8384,1,1.93,0.8427,1033,0
SPY190805C293,2019-08-02,2019-08-02 09:37:08,1.98,0.8646,13,1.94,0.8471,24,1.92,0.8384,1,1.96,0.8558,1033,0
SPY190805C293,2019-08-02,2019-08-02 09:37:10,1.96,0.8558,6,1.93,0.8427,15,1.92,0.8384,1,1.945,0.8493,1033,0
SPY190805C293,2019-08-02,2019-08-02 09:37:10,1.98,0.8646,24,1.95,0.8515,18,1.92,0.8384,1,1.965,0.858,1033,0
SPY190805C293,2019-08-02,2019-08-02 09:37:11,1.98,0.8646,13,1.95,0.8515,6,1.92,0.8384,1,1.965,0.858,1033,0
SPY190805C293,2019-08-02,2019-08-02 09:37:12,1.98,0.8646,6,1.95,0.8515,6,1.92,0.8384,1,1.965,0.858,1033,0
SPY190805C293,2019-08-02,2019-08-02 09:37:13,2.01,0.8777,6,1.97,0.8602,5,1.92,0.8384,1,1.99,0.8689,1033,0
SPY190805C293,2019-08-02,2019-08-02 09:37:13,2.01,0.8777,13,1.95,0.8515,249,1.92,0.8384,1,1.98,0.8646,1033,0
SPY190805C293,2019-08-02,2019-08-02 09:37:14,2.0,0.8733,6,1.98,0.8646,24,1.92,0.8384,1,1.99,0.8689,1033,0
SPY190805C293,2019-08-02,2019-08-02 09:37:15,2.0,0.8733,6,1.98,0.8646,24,1.92,0.8384,1,1.99,0.8689,1033,0
SPY190805C293,2019-08-02,2019-08-02 09:37:21,2.0,0.8733,6,1.98,0.8646,102,1.92,0.8384,1,1.99,0.8689,1033,0
SPY190805C293,2019-08-02,2019-08-02 09:37:21,2.02,0.882,373,1.97,0.8602,111,1.92,0.8384,1,1.995,0.8711,1033,0
SPY190805C293,2019-08-02,2019-08-02 09:37:26,2.01,0.8777,6,1.99,0.8689,102,1.92,0.8384,1,2.0,0.8733,1033,0
SPY190805C293,2019-08-02,2019-08-02 09:37:29,2.01,0.8777,6,1.95,0.8515,6,1.92,0.8384,1,1.98,0.8646,1033,0
SPY190805C293,2019-08-02,2019-08-02 09:37:29,2.0,0.8733,6,1.94,0.8471,10,1.92,0.8384,1,1.97,0.8602,1033,0
SPY190805C293,2019-08-02,2019-08-02 09:37:30,2.0,0.8733,6,1.98,0.8646,5,1.92,0.8384,1,1.99,0.8689,1033,0
SPY190805C293,2019-08-02,2019-08-02 09:37:32,1.98,0.8646,6,1.95,0.8515,127,1.92,0.8384,1,1.965,0.858,1033,0
SPY190805C293,2019-08-02,2019-08-02 09:37:32,1.99,0.8689,6,1.97,0.8602,5,1.92,0.8384,1,1.98,0.8646,1033,0
SPY190805C293,2019-08-02,2019-08-02 09:37:33,1.98,0.8646,6,1.95,0.8515,127,1.92,0.8384,1,1.965,0.858,1033,0
SPY190805C293,2019-08-02,2019-08-02 09:37:34,1.97,0.8602,6,1.94,0.8471,24,1.92,0.8384,1,1.955,0.8537,1033,0
SPY190805C293,2019-08-02,2019-08-02 09:37:35,1.96,0.8558,6,1.93,0.8427,67,1.92,0.8384,1,1.945,0.8493,1033,0
SPY190805C293,2019-08-02,2019-08-02 09:37:35,1.95,0.8515,371,1.92,0.8384,75,1.92,0.8384,1,1.935,0.8449,1108,75
SPY190805C293,2019-08-02,2019-08-02 09:37:36,1.94,0.8471,360,1.92,0.8384,75,1.92,0.8384,1,1.93,0.8427,1108,0
SPY190805C293,2019-08-02,2019-08-02 09:37:37,1.95,0.8515,44,1.92,0.8384,109,1.92,0.8384,3,1.935,0.8449,1111,3
SPY190805C293,2019-08-02,2019-08-02 09:37:37,1.96,0.8558,360,1.93,0.8427,131,1.92,0.8384,3,1.945,0.8493,1111,0
SPY190805C293,2019-08-02,2019-08-02 09:37:39,1.97,0.8602,50,1.93,0.8427,5,1.92,0.8384,3,1.95,0.8515,1111,0
SPY190805C293,2019-08-02,2019-08-02 09:37:41,1.99,0.8689,462,1.94,0.8471,114,1.92,0.8384,3,1.965,0.858,1111,0
SPY190805C293,2019-08-02,2019-08-02 09:37:42,1.99,0.8689,6,1.95,0.8515,6,1.92,0.8384,3,1.97,0.8602,1111,0
SPY190805C293,2019-08-02,2019-08-02 09:37:42,2.0,0.8733,360,1.96,0.8558,24,1.92,0.8384,3,1.98,0.8646,1111,0
SPY190805C293,2019-08-02,2019-08-02 09:37:45,2.0,0.8733,6,1.95,0.8515,6,1.92,0.8384,3,1.975,0.8624,1111,0
SPY190805C293,2019-08-02,2019-08-02 09:37:47,1.99,0.8689,6,1.97,0.8602,19,1.92,0.8384,3,1.98,0.8646,1111,0
SPY190805C293,2019-08-02,2019-08-02 09:37:47,2.01,0.8777,6,1.99,0.8689,106,1.92,0.8384,3,2.0,0.8733,1111,0
SPY190805C293,2019-08-02,2019-08-02 09:37:48,2.05,0.8951,6,2.02,0.882,5,1.92,0.8384,3,2.035,0.8886,1111,0
SPY190805C293,2019-08-02,2019-08-02 09:37:49,2.06,0.8995,6,2.03,0.8864,24,1.92,0.8384,3,2.045,0.893,1111,0
SPY190805C293,2019-08-02,2019-08-02 09:37:49,2.03,0.8864,6,1.99,0.8689,6,1.92,0.8384,3,2.01,0.8777,1111,0
SPY190805C293,2019-08-02,2019-08-02 09:37:50,2.04,0.8908,6,2.01,0.8777,119,1.92,0.8384,3,2.025,0.8842,1111,0
SPY190805C293,2019-08-02,2019-08-02 09:37:51,2.05,0.8951,6,2.03,0.8864,6,1.92,0.8384,3,2.04,0.8908,1111,0
SPY190805C293,2019-08-02,2019-08-02 09:37:51,2.06,0.8995,360,2.02,0.882,5,1.92,0.8384,3,2.04,0.8908,1111,0
SPY190805C293,2019-08-02,2019-08-02 09:37:52,2.01,0.8777,6,1.98,0.8646,6,1.92,0.8384,3,1.995,0.8711,1111,0
SPY190805C293,2019-08-02,2019-08-02 09:37:52,2.02,0.882,360,1.99,0.8689,99,1.92,0.8384,3,2.005,0.8755,1111,0
SPY190805C293,2019-08-02,2019-08-02 09:37:53,2.02,0.882,6,1.99,0.8689,127,1.92,0.8384,3,2.005,0.8755,1111,0
SPY190805C293,2019-08-02,2019-08-02 09:37:54,2.01,0.8777,1,1.99,0.8689,5,2.01,0.8777,3,2.0,0.8733,1114,3
SPY190805C293,2019-08-02,2019-08-02 09:37:54,2.02,0.882,6,1.99,0.8689,100,1.92,0.8384,3,2.005,0.8755,1111,0
SPY190805C293,2019-08-02,2019-08-02 09:37:55,2.04,0.8908,360,2.01,0.8777,5,2.01,0.8777,3,2.025,0.8842,1114,0
SPY190805C293,2019-08-02,2019-08-02 09:37:55,2.05,0.8951,360,2.01,0.8777,5,2.01,0.8777,3,2.03,0.8864,1114,0
SPY190805C293,2019-08-02,2019-08-02 09:37:56,2.02,0.882,360,1.98,0.8646,127,2.01,0.8777,3,2.0,0.8733,1114,0
SPY190805C293,2019-08-02,2019-08-02 09:37:57,2.0,0.8733,360,1.97,0.8602,53,2.01,0.8777,3,1.985,0.8668,1114,0
SPY190805C293,2019-08-02,2019-08-02 09:37:57,2.01,0.8777,360,1.96,0.8558,124,2.01,0.8777,3,1.985,0.8668,1114,0
SPY190805C293,2019-08-02,2019-08-02 09:37:59,2.02,0.882,6,1.99,0.8689,14,2.01,0.8777,3,2.005,0.8755,1114,0
SPY190805C293,2019-08-02,2019-08-02 09:37:59,2.05,0.8951,6,2.01,0.8777,127,2.01,0.8777,3,2.03,0.8864,1114,0
SPY190805C293,2019-08-02,2019-08-02 09:38:00,2.06,0.8995,6,2.02,0.882,127,2.01,0.8777,3,2.04,0.8908,1114,0
SPY190805C293,2019-08-02,2019-08-02 09:38:01,2.07,0.9039,6,2.03,0.8864,24,2.01,0.8777,3,2.05,0.8951,1114,0
SPY190805C293,2019-08-02,2019-08-02 09:38:02,2.07,0.9039,360,2.04,0.8908,124,2.01,0.8777,3,2.055,0.8973,1114,0
SPY190805C293,2019-08-02,2019-08-02 09:38:03,2.07,0.9039,360,1.96,0.8558,360,2.01,0.8777,3,2.015,0.8799,1114,0
SPY190805C293,2019-08-02,2019-08-02 09:38:04,2.07,0.9039,75,2.04,0.8908,14,2.01,0.8777,3,2.055,0.8973,1114,0
SPY190805C293,2019-08-02,2019-08-02 09:38:04,2.08,0.9082,360,2.05,0.8951,102,2.01,0.8777,3,2.065,0.9017,1114,0
SPY190805C293,2019-08-02,2019-08-02 09:38:05,2.11,0.9213,50,2.05,0.8951,125,2.01,0.8777,3,2.08,0.9082,1114,0
SPY190805C293,2019-08-02,2019-08-02 09:38:06,2.1,0.917,360,2.07,0.9039,6,2.01,0.8777,3,2.085,0.9104,1114,0
SPY190805C293,2019-08-02,2019-08-02 09:38:06,2.12,0.9257,360,2.07,0.9039,6,2.01,0.8777,3,2.095,0.9148,1114,0
SPY190805C293,2019-08-02,2019-08-02 09:38:07,2.12,0.9257,360,2.05,0.8951,125,2.01,0.8777,3,2.085,0.9104,1114,0
SPY190805C293,2019-08-02,2019-08-02 09:38:08,2.1,0.917,6,2.08,0.9082,6,2.1,0.917,6,2.09,0.9126,1120,6
SPY190805C293,2019-08-02,2019-08-02 09:38:10,2.1,0.917,360,2.03,0.8864,44,2.08,0.9082,5,2.065,0.9017,1138,18
SPY190805C293,2019-08-02,2019-08-02 09:38:11,2.09,0.9126,6,2.03,0.8864,44,2.08,0.9082,5,2.06,0.8995,1138,0
SPY190805C293,2019-08-02,2019-08-02 09:38:11,2.11,0.9213,383,2.06,0.8995,125,2.08,0.9082,5,2.085,0.9104,1138,0
SPY190805C293,2019-08-02,2019-08-02 09:38:12,2.11,0.9213,23,2.07,0.9039,6,2.08,0.9082,5,2.09,0.9126,1138,0
SPY190805C293,2019-08-02,2019-08-02 09:38:13,2.07,0.9039,6,2.03,0.8864,6,2.08,0.9082,5,2.05,0.8951,1138,0
SPY190805C293,2019-08-02,2019-08-02 09:38:14,2.06,0.8995,50,2.01,0.8777,97,2.03,0.8864,5,2.035,0.8886,1143,5
SPY190805C293,2019-08-02,2019-08-02 09:38:16,2.05,0.8951,6,2.0,0.8733,44,2.03,0.8864,5,2.025,0.8842,1143,0
SPY190805C293,2019-08-02,2019-08-02 09:38:17,2.09,0.9126,360,2.02,0.882,5,2.03,0.8864,5,2.055,0.8973,1143,0
SPY190805C293,2019-08-02,2019-08-02 09:38:18,2.07,0.9039,6,2.02,0.882,6,2.03,0.8864,5,2.045,0.893,1143,0
SPY190805C293,2019-08-02,2019-08-02 09:38:18,2.07,0.9039,6,2.03,0.8864,100,2.03,0.8864,5,2.05,0.8951,1143,0
SPY190805C293,2019-08-02,2019-08-02 09:38:19,2.09,0.9126,360,2.04,0.8908,100,2.03,0.8864,5,2.065,0.9017,1143,0
SPY190805C293,2019-08-02,2019-08-02 09:38:20,2.09,0.9126,6,2.04,0.8908,6,2.03,0.8864,5,2.065,0.9017,1143,0
SPY190805C293,2019-08-02,2019-08-02 09:38:21,2.07,0.9039,360,2.03,0.8864,100,2.03,0.8864,5,2.05,0.8951,1143,0
SPY190805C293,2019-08-02,2019-08-02 09:38:22,2.1,0.917,360,2.04,0.8908,5,2.03,0.8864,5,2.07,0.9039,1143,0
SPY190805C293,2019-08-02,2019-08-02 09:38:22,2.07,0.9039,21,2.04,0.8908,5,2.03,0.8864,5,2.055,0.8973,1143,0
SPY190805C293,2019-08-02,2019-08-02 09:38:23,2.1,0.917,360,2.07,0.9039,6,2.03,0.8864,5,2.085,0.9104,1143,0
SPY190805C293,2019-08-02,2019-08-02 09:38:25,2.13,0.9301,44,2.1,0.917,6,2.03,0.8864,5,2.115,0.9235,1143,0
SPY190805C293,2019-08-02,2019-08-02 09:38:29,2.11,0.9213,6,2.06,0.8995,6,2.03,0.8864,5,2.085,0.9104,1143,0
SPY190805C293,2019-08-02,2019-08-02 09:38:35,2.19,0.9563,360,2.17,0.9475,6,2.12,0.9257,5,2.18,0.9519,1148,5
SPY190805C293,2019-08-02,2019-08-02 09:38:36,2.19,0.9563,6,2.17,0.9475,6,2.12,0.9257,5,2.18,0.9519,1148,0
SPY190805C293,2019-08-02,2019-08-02 09:38:37,2.2,0.9606,6,2.17,0.9475,10,2.12,0.9257,5,2.185,0.9541,1148,0
SPY190805C293,2019-08-02,2019-08-02 09:38:39,2.19,0.9563,6,2.16,0.9432,6,2.12,0.9257,5,2.175,0.9497,1148,0
SPY190805C293,2019-08-02,2019-08-02 09:38:39,2.2,0.9606,360,2.15,0.9388,100,2.12,0.9257,5,2.175,0.9497,1148,0
SPY190805C293,2019-08-02,2019-08-02 09:38:40,2.18,0.9519,50,2.14,0.9344,5,2.12,0.9257,5,2.16,0.9432,1148,0
SPY190805C293,2019-08-02,2019-08-02 09:38:41,2.19,0.9563,360,2.15,0.9388,5,2.12,0.9257,5,2.17,0.9475,1148,0
SPY190805C293,2019-08-02,2019-08-02 09:38:49,2.19,0.9563,360,2.17,0.9475,5,2.19,0.9563,1,2.18,0.9519,1161,13
SPY190805C293,2019-08-02,2019-08-02 09:38:50,2.19,0.9563,383,2.16,0.9432,6,2.19,0.9563,1,2.175,0.9497,1161,0
SPY190805C293,2019-08-02,2019-08-02 09:38:51,2.19,0.9563,383,2.15,0.9388,5,2.19,0.9563,1,2.17,0.9475,1161,0
SPY190805C293,2019-08-02,2019-08-02 09:38:52,2.2,0.9606,383,2.15,0.9388,120,2.19,0.9563,1,2.175,0.9497,1161,0
SPY190805C293,2019-08-02,2019-08-02 09:38:53,2.17,0.9475,6,2.15,0.9388,6,2.19,0.9563,1,2.16,0.9432,1161,0
SPY190805C293,2019-08-02,2019-08-02 09:38:56,2.2,0.9606,23,2.17,0.9475,6,2.19,0.9563,1,2.185,0.9541,1161,0
SPY190805C293,2019-08-02,2019-08-02 09:38:57,2.19,0.9563,6,2.1,0.917,115,2.19,0.9563,1,2.145,0.9366,1161,0
SPY190805C293,2019-08-02,2019-08-02 09:38:58,2.19,0.9563,6,2.16,0.9432,9,2.19,0.9563,1,2.175,0.9497,1161,0
SPY190805C293,2019-08-02,2019-08-02 09:38:58,2.2,0.9606,410,2.16,0.9432,68,2.19,0.9563,1,2.18,0.9519,1161,0
SPY190805C293,2019-08-02,2019-08-02 09:38:59,2.19,0.9563,6,2.17,0.9475,10,2.19,0.9563,1,2.18,0.9519,1161,0
SPY190805C293,2019-08-02,2019-08-02 09:39:00,2.21,0.965,6,2.19,0.9563,20,2.19,0.9563,1,2.2,0.9606,1161,0
SPY190805C293,2019-08-02,2019-08-02 09:39:01,2.24,0.9781,388,2.21,0.965,20,2.19,0.9563,1,2.225,0.9716,1161,0
SPY190805C293,2019-08-02,2019-08-02 09:39:02,2.24,0.9781,50,2.21,0.965,55,2.19,0.9563,1,2.225,0.9716,1161,0
SPY190805C293,2019-08-02,2019-08-02 09:39:03,2.26,0.9868,25,2.24,0.9781,6,2.19,0.9563,1,2.25,0.9825,1161,0
SPY190805C293,2019-08-02,2019-08-02 09:39:06,2.27,0.9912,481,2.23,0.9737,20,2.19,0.9563,1,2.25,0.9825,1161,0
SPY190805C293,2019-08-02,2019-08-02 09:39:07,2.28,0.9956,6,2.24,0.9781,100,2.19,0.9563,1,2.26,0.9868,1161,0
SPY190805C293,2019-08-02,2019-08-02 09:39:08,2.3,1.0043,6,2.28,0.9956,14,2.19,0.9563,1,2.29,1.0,1161,0
SPY190805C293,2019-08-02,2019-08-02 09:39:09,2.27,0.9912,6,2.25,0.9825,24,2.19,0.9563,1,2.26,0.9868,1161,0
SPY190805C293,2019-08-02,2019-08-02 09:39:10,2.27,0.9912,360,2.2,0.9606,5,2.19,0.9563,1,2.235,0.9759,1161,0
SPY190805C293,2019-08-02,2019-08-02 09:39:11,2.24,0.9781,6,2.21,0.965,112,2.19,0.9563,1,2.225,0.9716,1161,0
SPY190805C293,2019-08-02,2019-08-02 09:39:12,2.26,0.9868,23,2.22,0.9694,100,2.19,0.9563,1,2.24,0.9781,1161,0
SPY190805C293,2019-08-02,2019-08-02 09:39:12,2.24,0.9781,6,2.23,0.9737,18,2.19,0.9563,1,2.235,0.9759,1161,0
SPY190805C293,2019-08-02,2019-08-02 09:39:13,2.29,1.0,470,2.23,0.9737,117,2.25,0.9825,6,2.26,0.9868,1167,6
SPY190805C293,2019-08-02,2019-08-02 09:39:13,2.26,0.9868,6,2.23,0.9737,100,2.19,0.9563,1,2.245,0.9803,1161,0
SPY190805C293,2019-08-02,2019-08-02 09:39:14,2.29,1.0,481,2.24,0.9781,4,2.25,0.9825,6,2.265,0.989,1167,0
SPY190805C293,2019-08-02,2019-08-02 09:39:15,2.28,0.9956,23,2.24,0.9781,111,2.25,0.9825,6,2.26,0.9868,1167,0
SPY190805C293,2019-08-02,2019-08-02 09:39:16,2.29,1.0,23,2.26,0.9868,100,2.25,0.9825,6,2.275,0.9934,1167,0
SPY190805C293,2019-08-02,2019-08-02 09:39:17,2.28,0.9956,6,2.25,0.9825,55,2.25,0.9825,6,2.265,0.989,1167,0
SPY190805C293,2019-08-02,2019-08-02 09:39:18,2.31,1.0087,123,2.26,0.9868,93,2.25,0.9825,6,2.285,0.9978,1167,0
SPY190805C293,2019-08-02,2019-08-02 09:39:18,2.33,1.0174,376,2.28,0.9956,25,2.25,0.9825,6,2.305,1.0065,1167,0
SPY190805C293,2019-08-02,2019-08-02 09:39:19,2.3,1.0043,23,2.26,0.9868,24,2.25,0.9825,6,2.28,0.9956,1167,0
SPY190805C293,2019-08-02,2019-08-02 09:39:19,2.33,1.0174,5,2.28,0.9956,56,2.25,0.9825,6,2.305,1.0065,1167,0
SPY190805C293,2019-08-02,2019-08-02 09:39:20,2.31,1.0087,6,2.28,0.9956,62,2.25,0.9825,6,2.295,1.0021,1167,0
SPY190805C293,2019-08-02,2019-08-02 09:39:21,2.31,1.0087,23,2.28,0.9956,100,2.25,0.9825,6,2.295,1.0021,1167,0
SPY190805C293,2019-08-02,2019-08-02 09:39:22,2.31,1.0087,6,2.28,0.9956,100,2.25,0.9825,6,2.295,1.0021,1167,0
SPY190805C293,2019-08-02,2019-08-02 09:39:23,2.33,1.0174,481,2.29,1.0,20,2.25,0.9825,6,2.31,1.0087,1167,0
SPY190805C293,2019-08-02,2019-08-02 09:39:23,2.31,1.0087,23,2.29,1.0,20,2.25,0.9825,6,2.3,1.0043,1167,0
SPY190805C293,2019-08-02,2019-08-02 09:39:25,2.32,1.0131,23,2.3,1.0043,20,2.25,0.9825,6,2.31,1.0087,1167,0
SPY190805C293,2019-08-02,2019-08-02 09:39:26,2.32,1.0131,6,2.3,1.0043,12,2.25,0.9825,6,2.31,1.0087,1167,0
SPY190805C293,2019-08-02,2019-08-02 09:39:27,2.32,1.0131,6,2.3,1.0043,26,2.25,0.9825,6,2.31,1.0087,1167,0
SPY190805C293,2019-08-02,2019-08-02 09:39:27,2.36,1.0305,1,2.31,1.0087,20,2.25,0.9825,6,2.335,1.0196,1167,0
SPY190805C293,2019-08-02,2019-08-02 09:39:28,2.37,1.0349,6,2.34,1.0218,100,2.25,0.9825,6,2.355,1.0283,1167,0
SPY190805C293,2019-08-02,2019-08-02 09:39:29,2.37,1.0349,20,2.35,1.0262,6,2.25,0.9825,6,2.36,1.0305,1167,0
SPY190805C293,2019-08-02,2019-08-02 09:39:30,2.37,1.0349,6,2.35,1.0262,100,2.25,0.9825,6,2.36,1.0305,1167,0
SPY190805C293,2019-08-02,2019-08-02 09:39:30,2.37,1.0349,6,2.35,1.0262,57,2.25,0.9825,6,2.36,1.0305,1167,0
SPY190805C293,2019-08-02,2019-08-02 09:39:31,2.37,1.0349,479,2.32,1.0131,80,2.25,0.9825,6,2.345,1.024,1167,0
SPY190805C293,2019-08-02,2019-08-02 09:39:32,2.37,1.0349,20,2.34,1.0218,20,2.25,0.9825,6,2.355,1.0283,1167,0
SPY190805C293,2019-08-02,2019-08-02 09:39:33,2.4,1.048,6,2.36,1.0305,6,2.25,0.9825,6,2.38,1.0393,1167,0
SPY190805C293,2019-08-02,2019-08-02 09:39:34,2.44,1.0655,6,2.4,1.048,6,2.25,0.9825,6,2.42,1.0567,1167,0
SPY190805C293,2019-08-02,2019-08-02 09:39:36,2.45,1.0698,360,2.41,1.0524,6,2.25,0.9825,6,2.43,1.0611,1167,0
SPY190805C293,2019-08-02,2019-08-02 09:39:37,2.47,1.0786,380,2.43,1.0611,56,2.25,0.9825,6,2.45,1.0698,1167,0
SPY190805C293,2019-08-02,2019-08-02 09:39:39,2.44,1.0655,360,2.41,1.0524,6,2.25,0.9825,6,2.425,1.0589,1167,0
SPY190805C293,2019-08-02,2019-08-02 09:39:40,2.42,1.0567,6,2.41,1.0524,6,2.25,0.9825,6,2.415,1.0545,1167,0
SPY190805C293,2019-08-02,2019-08-02 09:39:42,2.42,1.0567,15,2.38,1.0393,20,2.25,0.9825,6,2.4,1.048,1167,0
SPY190805C293,2019-08-02,2019-08-02 09:39:43,2.37,1.0349,17,2.33,1.0174,20,2.25,0.9825,6,2.35,1.0262,1167,0
SPY190805C293,2019-08-02,2019-08-02 09:39:43,2.39,1.0436,474,2.34,1.0218,20,2.25,0.9825,6,2.365,1.0327,1167,0
SPY190805C293,2019-08-02,2019-08-02 09:39:44,2.35,1.0262,6,2.33,1.0174,20,2.25,0.9825,6,2.34,1.0218,1167,0
SPY190805C293,2019-08-02,2019-08-02 09:39:45,2.37,1.0349,39,2.34,1.0218,15,2.25,0.9825,6,2.355,1.0283,1167,0
SPY190805C293,2019-08-02,2019-08-02 09:39:45,2.38,1.0393,20,2.35,1.0262,20,2.25,0.9825,6,2.365,1.0327,1167,0
SPY190805C293,2019-08-02,2019-08-02 09:39:46,2.38,1.0393,20,2.35,1.0262,100,2.25,0.9825,6,2.365,1.0327,1167,0
SPY190805C293,2019-08-02,2019-08-02 09:39:47,2.42,1.0567,360,2.38,1.0393,18,2.25,0.9825,6,2.4,1.048,1167,0
SPY190805C293,2019-08-02,2019-08-02 09:39:48,2.42,1.0567,380,2.39,1.0436,20,2.25,0.9825,6,2.405,1.0502,1167,0
SPY190805C293,2019-08-02,2019-08-02 09:39:49,2.43,1.0611,20,2.4,1.048,26,2.25,0.9825,6,2.415,1.0545,1167,0
SPY190805C293,2019-08-02,2019-08-02 09:39:50,2.4,1.048,6,2.38,1.0393,6,2.25,0.9825,6,2.39,1.0436,1167,0
SPY190805C293,2019-08-02,2019-08-02 09:39:51,2.39,1.0436,19,2.35,1.0262,112,2.25,0.9825,6,2.37,1.0349,1167,0
SPY190805C293,2019-08-02,2019-08-02 09:39:52,2.39,1.0436,120,2.34,1.0218,26,2.25,0.9825,6,2.365,1.0327,1167,0
SPY190805C293,2019-08-02,2019-08-02 09:39:53,2.39,1.0436,65,2.35,1.0262,100,2.25,0.9825,6,2.37,1.0349,1167,0
SPY190805C293,2019-08-02,2019-08-02 09:39:55,2.39,1.0436,6,2.37,1.0349,10,2.25,0.9825,6,2.38,1.0393,1167,0
SPY190805C293,2019-08-02,2019-08-02 09:39:55,2.4,1.048,364,2.37,1.0349,5,2.25,0.9825,6,2.385,1.0414,1167,0
SPY190805C293,2019-08-02,2019-08-02 09:39:56,2.38,1.0393,6,2.36,1.0305,6,2.25,0.9825,6,2.37,1.0349,1167,0
SPY190805C293,2019-08-02,2019-08-02 09:39:57,2.37,1.0349,360,2.26,0.9868,360,2.36,1.0305,1,2.315,1.0109,1168,1
SPY190805C293,2019-08-02,2019-08-02 09:39:58,2.34,1.0218,20,2.3,1.0043,19,2.36,1.0305,1,2.32,1.0131,1168,0
SPY190805C293,2019-08-02,2019-08-02 09:39:58,2.35,1.0262,20,2.32,1.0131,44,2.36,1.0305,1,2.335,1.0196,1168,0
SPY190805C293,2019-08-02,2019-08-02 09:39:59,2.32,1.0131,120,2.26,0.9868,110,2.36,1.0305,1,2.29,1.0,1168,0
SPY190805C293,2019-08-02,2019-08-02 09:39:59,2.37,1.0349,20,2.28,0.9956,114,2.36,1.0305,1,2.325,1.0152,1168,0
SPY190805C293,2019-08-02,2019-08-02 09:40:00,2.29,1.0,20,2.26,0.9868,100,2.36,1.0305,1,2.275,0.9934,1168,0
SPY190805C293,2019-08-02,2019-08-02 09:40:01,2.29,1.0,20,2.25,0.9825,123,2.36,1.0305,1,2.27,0.9912,1168,0
SPY190805C293,2019-08-02,2019-08-02 09:40:01,2.3,1.0043,20,2.25,0.9825,67,2.36,1.0305,1,2.275,0.9934,1168,0
SPY190805C293,2019-08-02,2019-08-02 09:40:02,2.27,0.9912,6,2.24,0.9781,180,2.36,1.0305,1,2.255,0.9847,1168,0
SPY190805C293,2019-08-02,2019-08-02 09:40:03,2.27,0.9912,6,2.25,0.9825,20,2.36,1.0305,1,2.26,0.9868,1168,0
SPY190805C293,2019-08-02,2019-08-02 09:40:04,2.26,0.9868,6,2.23,0.9737,20,2.36,1.0305,1,2.245,0.9803,1168,0
SPY190805C293,2019-08-02,2019-08-02 09:40:05,2.26,0.9868,6,2.22,0.9694,20,2.36,1.0305,1,2.24,0.9781,1168,0
SPY190805C293,2019-08-02,2019-08-02 09:40:06,2.26,0.9868,20,2.23,0.9737,20,2.36,1.0305,1,2.245,0.9803,1168,0
SPY190805C293,2019-08-02,2019-08-02 09:40:07,2.29,1.0,20,2.25,0.9825,85,2.36,1.0305,1,2.27,0.9912,1168,0
SPY190805C293,2019-08-02,2019-08-02 09:40:07,2.26,0.9868,6,2.25,0.9825,20,2.36,1.0305,1,2.255,0.9847,1168,0
SPY190805C293,2019-08-02,2019-08-02 09:40:08,2.27,0.9912,6,2.25,0.9825,56,2.36,1.0305,1,2.26,0.9868,1168,0
SPY190805C293,2019-08-02,2019-08-02 09:40:09,2.26,0.9868,6,2.23,0.9737,100,2.36,1.0305,1,2.245,0.9803,1168,0
SPY190805C293,2019-08-02,2019-08-02 09:40:10,2.24,0.9781,6,2.21,0.965,6,2.36,1.0305,1,2.225,0.9716,1168,0
SPY190805C293,2019-08-02,2019-08-02 09:40:10,2.22,0.9694,9,2.16,0.9432,30,2.36,1.0305,1,2.19,0.9563,1168,0
SPY190805C293,2019-08-02,2019-08-02 09:40:11,2.21,0.965,1,2.17,0.9475,6,2.36,1.0305,1,2.19,0.9563,1168,0
SPY190805C293,2019-08-02,2019-08-02 09:40:12,2.2,0.9606,6,2.17,0.9475,20,2.36,1.0305,1,2.185,0.9541,1168,0
SPY190805C293,2019-08-02,2019-08-02 09:40:13,2.16,0.9432,6,2.15,0.9388,20,2.36,1.0305,1,2.155,0.941,1168,0
SPY190805C293,2019-08-02,2019-08-02 09:40:13,2.19,0.9563,6,2.16,0.9432,20,2.36,1.0305,1,2.175,0.9497,1168,0
SPY190805C293,2019-08-02,2019-08-02 09:40:14,2.18,0.9519,22,2.15,0.9388,19,2.36,1.0305,1,2.165,0.9454,1168,0
SPY190805C293,2019-08-02,2019-08-02 09:40:15,2.2,0.9606,12,2.17,0.9475,11,2.36,1.0305,1,2.185,0.9541,1168,0
SPY190805C293,2019-08-02,2019-08-02 09:40:15,2.21,0.965,65,2.18,0.9519,11,2.36,1.0305,1,2.195,0.9585,1168,0
SPY190805C293,2019-08-02,2019-08-02 09:40:16,2.24,0.9781,112,2.2,0.9606,11,2.36,1.0305,1,2.22,0.9694,1168,0
SPY190805C293,2019-08-02,2019-08-02 09:40:16,2.22,0.9694,70,2.18,0.9519,11,2.36,1.0305,1,2.2,0.9606,1168,0
SPY190805C293,2019-08-02,2019-08-02 09:40:17,2.21,0.965,6,2.19,0.9563,6,2.36,1.0305,1,2.2,0.9606,1168,0
SPY190805C293,2019-08-02,2019-08-02 09:40:18,2.22,0.9694,23,2.19,0.9563,6,2.36,1.0305,1,2.205,0.9628,1168,0
SPY190805C293,2019-08-02,2019-08-02 09:40:18,2.23,0.9737,71,2.2,0.9606,28,2.36,1.0305,1,2.215,0.9672,1168,0
SPY190805C293,2019-08-02,2019-08-02 09:40:19,2.23,0.9737,6,2.21,0.965,6,2.36,1.0305,1,2.22,0.9694,1168,0
SPY190805C293,2019-08-02,2019-08-02 09:40:20,2.24,0.9781,111,2.19,0.9563,116,2.36,1.0305,1,2.215,0.9672,1168,0
SPY190805C293,2019-08-02,2019-08-02 09:40:20,2.24,0.9781,119,2.19,0.9563,20,2.36,1.0305,1,2.215,0.9672,1168,0
SPY190805C293,2019-08-02,2019-08-02 09:40:21,2.2,0.9606,6,2.17,0.9475,21,2.36,1.0305,1,2.185,0.9541,1168,0
SPY190805C293,2019-08-02,2019-08-02 09:40:22,2.21,0.965,84,2.18,0.9519,20,2.36,1.0305,1,2.195,0.9585,1168,0
SPY190805C293,2019-08-02,2019-08-02 09:40:22,2.22,0.9694,20,2.19,0.9563,46,2.36,1.0305,1,2.205,0.9628,1168,0
SPY190805C293,2019-08-02,2019-08-02 09:40:23,2.21,0.965,20,2.19,0.9563,20,2.36,1.0305,1,2.2,0.9606,1168,0
SPY190805C293,2019-08-02,2019-08-02 09:40:24,2.23,0.9737,120,2.17,0.9475,143,2.36,1.0305,1,2.2,0.9606,1168,0
SPY190805C293,2019-08-02,2019-08-02 09:40:25,2.21,0.965,23,2.19,0.9563,30,2.36,1.0305,1,2.2,0.9606,1168,0
SPY190805C293,2019-08-02,2019-08-02 09:40:26,2.21,0.965,6,2.18,0.9519,51,2.36,1.0305,1,2.195,0.9585,1168,0
SPY190805C293,2019-08-02,2019-08-02 09:40:26,2.21,0.965,6,2.18,0.9519,20,2.36,1.0305,1,2.195,0.9585,1168,0
SPY190805C293,2019-08-02,2019-08-02 09:40:27,2.21,0.965,73,2.18,0.9519,51,2.36,1.0305,1,2.195,0.9585,1168,0
SPY190805C293,2019-08-02,2019-08-02 09:40:28,2.22,0.9694,87,2.19,0.9563,15,2.36,1.0305,1,2.205,0.9628,1168,0
SPY190805C293,2019-08-02,2019-08-02 09:40:29,2.2,0.9606,20,2.16,0.9432,66,2.36,1.0305,1,2.18,0.9519,1168,0
SPY190805C293,2019-08-02,2019-08-02 09:40:29,2.21,0.965,5,2.17,0.9475,20,2.36,1.0305,1,2.19,0.9563,1168,0
SPY190805C293,2019-08-02,2019-08-02 09:40:30,2.19,0.9563,20,2.16,0.9432,20,2.36,1.0305,1,2.175,0.9497,1168,0
SPY190805C293,2019-08-02,2019-08-02 09:40:31,2.17,0.9475,21,2.14,0.9344,9,2.36,1.0305,1,2.155,0.941,1168,0
SPY190805C293,2019-08-02,2019-08-02 09:40:31,2.18,0.9519,6,2.15,0.9388,100,2.36,1.0305,1,2.165,0.9454,1168,0
SPY190805C293,2019-08-02,2019-08-02 09:40:32,2.17,0.9475,119,2.12,0.9257,100,2.36,1.0305,1,2.145,0.9366,1168,0
SPY190805C293,2019-08-02,2019-08-02 09:40:32,2.16,0.9432,15,2.09,0.9126,383,2.36,1.0305,1,2.125,0.9279,1168,0
SPY190805C293,2019-08-02,2019-08-02 09:40:33,2.16,0.9432,119,2.1,0.917,129,2.36,1.0305,1,2.13,0.9301,1168,0
SPY190805C293,2019-08-02,2019-08-02 09:40:34,2.14,0.9344,6,2.12,0.9257,6,2.36,1.0305,1,2.13,0.9301,1168,0
SPY190805C293,2019-08-02,2019-08-02 09:40:34,2.14,0.9344,6,2.12,0.9257,27,2.36,1.0305,1,2.13,0.9301,1168,0
SPY190805C293,2019-08-02,2019-08-02 09:40:35,2.14,0.9344,21,2.11,0.9213,20,2.36,1.0305,1,2.125,0.9279,1168,0
SPY190805C293,2019-08-02,2019-08-02 09:40:36,2.15,0.9388,26,2.11,0.9213,31,2.36,1.0305,1,2.13,0.9301,1168,0
SPY190805C293,2019-08-02,2019-08-02 09:40:36,2.14,0.9344,120,2.07,0.9039,113,2.36,1.0305,1,2.105,0.9192,1168,0
SPY190805C293,2019-08-02,2019-08-02 09:40:37,2.12,0.9257,67,2.06,0.8995,44,2.36,1.0305,1,2.09,0.9126,1168,0
SPY190805C293,2019-08-02,2019-08-02 09:40:38,2.12,0.9257,21,2.08,0.9082,15,2.36,1.0305,1,2.1,0.917,1168,0
SPY190805C293,2019-08-02,2019-08-02 09:40:39,2.12,0.9257,6,2.1,0.917,6,2.36,1.0305,1,2.11,0.9213,1168,0
SPY190805C293,2019-08-02,2019-08-02 09:40:40,2.14,0.9344,6,2.11,0.9213,20,2.36,1.0305,1,2.125,0.9279,1168,0
SPY190805C293,2019-08-02,2019-08-02 09:40:41,2.16,0.9432,119,2.12,0.9257,20,2.36,1.0305,1,2.14,0.9344,1168,0
SPY190805C293,2019-08-02,2019-08-02 09:40:42,2.16,0.9432,119,2.11,0.9213,14,2.36,1.0305,1,2.135,0.9323,1168,0
SPY190805C293,2019-08-02,2019-08-02 09:40:43,2.15,0.9388,16,2.1,0.917,114,2.36,1.0305,1,2.125,0.9279,1168,0
SPY190805C293,2019-08-02,2019-08-02 09:40:43,2.11,0.9213,6,2.1,0.917,114,2.36,1.0305,1,2.105,0.9192,1168,0
SPY190805C293,2019-08-02,2019-08-02 09:40:44,2.11,0.9213,6,2.09,0.9126,6,2.36,1.0305,1,2.1,0.917,1168,0
SPY190805C293,2019-08-02,2019-08-02 09:40:45,2.13,0.9301,6,2.1,0.917,6,2.36,1.0305,1,2.115,0.9235,1168,0
SPY190805C293,2019-08-02,2019-08-02 09:40:45,2.14,0.9344,6,2.11,0.9213,22,2.14,0.9344,16,2.125,0.9279,1184,16
SPY190805C293,2019-08-02,2019-08-02 09:40:46,2.15,0.9388,6,2.12,0.9257,22,2.14,0.9344,16,2.135,0.9323,1184,0
SPY190805C293,2019-08-02,2019-08-02 09:40:47,2.17,0.9475,111,2.14,0.9344,16,2.14,0.9344,16,2.155,0.941,1184,0
SPY190805C293,2019-08-02,2019-08-02 09:40:48,2.15,0.9388,6,2.13,0.9301,16,2.14,0.9344,16,2.14,0.9344,1184,0
SPY190805C293,2019-08-02,2019-08-02 09:40:49,2.11,0.9213,6,2.08,0.9082,6,2.14,0.9344,16,2.095,0.9148,1184,0
SPY190805C293,2019-08-02,2019-08-02 09:40:49,2.13,0.9301,6,2.11,0.9213,4,2.14,0.9344,16,2.12,0.9257,1184,0
SPY190805C293,2019-08-02,2019-08-02 09:40:50,2.11,0.9213,6,2.08,0.9082,68,2.14,0.9344,16,2.095,0.9148,1184,0
SPY190805C293,2019-08-02,2019-08-02 09:40:51,2.11,0.9213,6,2.08,0.9082,22,2.14,0.9344,16,2.095,0.9148,1184,0
SPY190805C293,2019-08-02,2019-08-02 09:40:51,2.11,0.9213,6,2.1,0.917,6,2.14,0.9344,16,2.105,0.9192,1184,0
SPY190805C293,2019-08-02,2019-08-02 09:40:52,2.1,0.917,472,2.04,0.8908,124,2.14,0.9344,16,2.07,0.9039,1184,0
SPY190805C293,2019-08-02,2019-08-02 09:40:53,2.09,0.9126,16,2.05,0.8951,24,2.14,0.9344,16,2.07,0.9039,1184,0
SPY190805C293,2019-08-02,2019-08-02 09:40:54,2.07,0.9039,13,2.04,0.8908,28,2.14,0.9344,16,2.055,0.8973,1184,0
SPY190805C293,2019-08-02,2019-08-02 09:40:55,2.07,0.9039,13,2.04,0.8908,38,2.14,0.9344,16,2.055,0.8973,1184,0
SPY190805C293,2019-08-02,2019-08-02 09:40:56,2.07,0.9039,13,2.04,0.8908,38,2.14,0.9344,16,2.055,0.8973,1184,0
SPY190805C293,2019-08-02,2019-08-02 09:40:56,2.06,0.8995,13,2.03,0.8864,86,2.14,0.9344,16,2.045,0.893,1184,0
SPY190805C293,2019-08-02,2019-08-02 09:40:57,2.07,0.9039,17,2.04,0.8908,6,2.14,0.9344,16,2.055,0.8973,1184,0
SPY190805C293,2019-08-02,2019-08-02 09:40:58,2.06,0.8995,16,2.02,0.882,6,2.14,0.9344,16,2.04,0.8908,1184,0
SPY190805C293,2019-08-02,2019-08-02 09:40:58,2.06,0.8995,6,2.04,0.8908,46,2.14,0.9344,16,2.05,0.8951,1184,0
SPY190805C293,2019-08-02,2019-08-02 09:40:59,2.05,0.8951,6,2.03,0.8864,6,2.14,0.9344,16,2.04,0.8908,1184,0
SPY190805C293,2019-08-02,2019-08-02 09:41:00,2.1,0.917,6,2.07,0.9039,6,2.14,0.9344,16,2.085,0.9104,1184,0
SPY190805C293,2019-08-02,2019-08-02 09:41:01,2.09,0.9126,6,2.06,0.8995,6,2.14,0.9344,16,2.075,0.9061,1184,0
SPY190805C293,2019-08-02,2019-08-02 09:41:02,2.11,0.9213,102,2.09,0.9126,6,2.14,0.9344,16,2.1,0.917,1184,0
SPY190805C293,2019-08-02,2019-08-02 09:41:02,2.1,0.917,6,2.07,0.9039,1,2.14,0.9344,16,2.085,0.9104,1184,0
SPY190805C293,2019-08-02,2019-08-02 09:41:03,2.1,0.917,6,2.07,0.9039,89,2.14,0.9344,16,2.085,0.9104,1184,0
SPY190805C293,2019-08-02,2019-08-02 09:41:04,2.11,0.9213,40,2.08,0.9082,16,2.14,0.9344,16,2.095,0.9148,1184,0
SPY190805C293,2019-08-02,2019-08-02 09:41:04,2.09,0.9126,6,2.08,0.9082,6,2.14,0.9344,16,2.085,0.9104,1184,0
SPY190805C293,2019-08-02,2019-08-02 09:41:05,2.11,0.9213,6,2.08,0.9082,13,2.14,0.9344,16,2.095,0.9148,1184,0
SPY190805C293,2019-08-02,2019-08-02 09:41:05,2.11,0.9213,6,2.08,0.9082,6,2.14,0.9344,16,2.095,0.9148,1184,0
SPY190805C293,2019-08-02,2019-08-02 09:41:06,2.11,0.9213,6,2.08,0.9082,6,2.14,0.9344,16,2.095,0.9148,1184,0
SPY190805C293,2019-08-02,2019-08-02 09:41:07,2.12,0.9257,13,2.1,0.917,6,2.14,0.9344,16,2.11,0.9213,1184,0
SPY190805C293,2019-08-02,2019-08-02 09:41:08,2.12,0.9257,79,2.08,0.9082,100,2.14,0.9344,16,2.1,0.917,1184,0
SPY190805C293,2019-08-02,2019-08-02 09:41:09,2.11,0.9213,8,2.07,0.9039,126,2.14,0.9344,16,2.09,0.9126,1184,0
SPY190805C293,2019-08-02,2019-08-02 09:41:09,2.11,0.9213,6,2.08,0.9082,22,2.14,0.9344,16,2.095,0.9148,1184,0
SPY190805C293,2019-08-02,2019-08-02 09:41:10,2.1,0.917,6,2.07,0.9039,22,2.14,0.9344,16,2.085,0.9104,1184,0
SPY190805C293,2019-08-02,2019-08-02 09:41:11,2.09,0.9126,8,2.05,0.8951,44,2.14,0.9344,16,2.07,0.9039,1184,0
SPY190805C293,2019-08-02,2019-08-02 09:41:11,2.08,0.9082,6,2.06,0.8995,14,2.14,0.9344,16,2.07,0.9039,1184,0
SPY190805C293,2019-08-02,2019-08-02 09:41:12,2.07,0.9039,6,2.04,0.8908,14,2.14,0.9344,16,2.055,0.8973,1184,0
SPY190805C293,2019-08-02,2019-08-02 09:41:13,2.07,0.9039,8,2.04,0.8908,20,2.14,0.9344,16,2.055,0.8973,1184,0
SPY190805C293,2019-08-02,2019-08-02 09:41:13,2.08,0.9082,6,2.05,0.8951,6,2.14,0.9344,16,2.065,0.9017,1184,0
SPY190805C293,2019-08-02,2019-08-02 09:41:14,2.09,0.9126,6,2.07,0.9039,6,2.14,0.9344,16,2.08,0.9082,1184,0
SPY190805C293,2019-08-02,2019-08-02 09:41:16,2.11,0.9213,88,2.08,0.9082,20,2.14,0.9344,16,2.095,0.9148,1184,0
SPY190805C293,2019-08-02,2019-08-02 09:41:18,2.1,0.917,72,2.05,0.8951,20,2.14,0.9344,16,2.075,0.9061,1184,0
SPY190805C293,2019-08-02,2019-08-02 09:41:19,2.09,0.9126,15,2.06,0.8995,20,2.14,0.9344,16,2.075,0.9061,1184,0
SPY190805C293,2019-08-02,2019-08-02 09:41:21,2.09,0.9126,6,2.06,0.8995,47,2.14,0.9344,16,2.075,0.9061,1184,0
SPY190805C293,2019-08-02,2019-08-02 09:41:22,2.12,0.9257,50,2.07,0.9039,100,2.14,0.9344,16,2.095,0.9148,1184,0
SPY190805C293,2019-08-02,2019-08-02 09:41:23,2.13,0.9301,6,2.1,0.917,6,2.14,0.9344,16,2.115,0.9235,1184,0
SPY190805C293,2019-08-02,2019-08-02 09:41:25,2.14,0.9344,6,2.1,0.917,20,2.14,0.9344,16,2.12,0.9257,1184,0
SPY190805C293,2019-08-02,2019-08-02 09:41:27,2.14,0.9344,12,2.09,0.9126,20,2.14,0.9344,16,2.115,0.9235,1184,0
SPY190805C293,2019-08-02,2019-08-02 09:41:29,2.13,0.9301,6,2.11,0.9213,6,2.14,0.9344,16,2.12,0.9257,1184,0
SPY190805C293,2019-08-02,2019-08-02 09:41:29,2.13,0.9301,6,2.1,0.917,5,2.14,0.9344,16,2.115,0.9235,1184,0
SPY190805C293,2019-08-02,2019-08-02 09:41:30,2.13,0.9301,6,2.1,0.917,11,2.14,0.9344,16,2.115,0.9235,1184,0
SPY190805C293,2019-08-02,2019-08-02 09:41:31,2.12,0.9257,58,2.1,0.917,5,2.14,0.9344,16,2.11,0.9213,1184,0
SPY190805C293,2019-08-02,2019-08-02 09:41:32,2.13,0.9301,116,2.1,0.917,11,2.14,0.9344,16,2.115,0.9235,1184,0
SPY190805C293,2019-08-02,2019-08-02 09:41:33,2.14,0.9344,19,2.1,0.917,11,2.14,0.9344,16,2.12,0.9257,1184,0
SPY190805C293,2019-08-02,2019-08-02 09:41:34,2.15,0.9388,59,2.12,0.9257,20,2.14,0.9344,16,2.135,0.9323,1184,0
SPY190805C293,2019-08-02,2019-08-02 09:41:34,2.14,0.9344,6,2.1,0.917,20,2.14,0.9344,16,2.12,0.9257,1184,0
SPY190805C293,2019-08-02,2019-08-02 09:41:36,2.17,0.9475,82,2.15,0.9388,15,2.14,0.9344,16,2.16,0.9432,1184,0
SPY190805C293,2019-08-02,2019-08-02 09:41:36,2.17,0.9475,6,2.14,0.9344,6,2.14,0.9344,16,2.155,0.941,1184,0
SPY190805C293,2019-08-02,2019-08-02 09:41:37,2.15,0.9388,16,2.11,0.9213,20,2.14,0.9344,16,2.13,0.9301,1184,0
SPY190805C293,2019-08-02,2019-08-02 09:41:38,2.14,0.9344,6,2.12,0.9257,6,2.14,0.9344,16,2.13,0.9301,1184,0
SPY190805C293,2019-08-02,2019-08-02 09:41:38,2.14,0.9344,5,2.1,0.917,129,2.14,0.9344,16,2.12,0.9257,1184,0
SPY190805C293,2019-08-02,2019-08-02 09:41:40,2.17,0.9475,6,2.15,0.9388,6,2.14,0.9344,16,2.16,0.9432,1184,0
SPY190805C293,2019-08-02,2019-08-02 09:41:41,2.13,0.9301,6,2.1,0.917,5,2.14,0.9344,16,2.115,0.9235,1184,0
SPY190805C293,2019-08-02,2019-08-02 09:41:41,2.14,0.9344,6,2.12,0.9257,20,2.14,0.9344,16,2.13,0.9301,1184,0
SPY190805C293,2019-08-02,2019-08-02 09:41:42,2.12,0.9257,6,2.1,0.917,5,2.14,0.9344,16,2.11,0.9213,1184,0
SPY190805C293,2019-08-02,2019-08-02 09:41:44,2.13,0.9301,22,2.1,0.917,20,2.14,0.9344,16,2.115,0.9235,1184,0
SPY190805C293,2019-08-02,2019-08-02 09:41:45,2.12,0.9257,6,2.1,0.917,20,2.14,0.9344,16,2.11,0.9213,1184,0
SPY190805C293,2019-08-02,2019-08-02 09:41:46,2.12,0.9257,6,2.1,0.917,11,2.14,0.9344,16,2.11,0.9213,1184,0
SPY190805C293,2019-08-02,2019-08-02 09:41:48,2.14,0.9344,6,2.11,0.9213,6,2.14,0.9344,16,2.125,0.9279,1184,0
SPY190805C293,2019-08-02,2019-08-02 09:41:49,2.18,0.9519,6,2.13,0.9301,29,2.14,0.9344,16,2.155,0.941,1184,0
SPY190805C293,2019-08-02,2019-08-02 09:41:50,2.2,0.9606,6,2.15,0.9388,39,2.19,0.9563,30,2.175,0.9497,1214,30
SPY190805C293,2019-08-02,2019-08-02 09:41:51,2.19,0.9563,6,2.16,0.9432,6,2.19,0.9563,30,2.175,0.9497,1214,0
SPY190805C293,2019-08-02,2019-08-02 09:41:52,2.2,0.9606,6,2.17,0.9475,6,2.19,0.9563,30,2.185,0.9541,1214,0
SPY190805C293,2019-08-02,2019-08-02 09:41:52,2.2,0.9606,7,2.15,0.9388,6,2.19,0.9563,30,2.175,0.9497,1214,0
SPY190805C293,2019-08-02,2019-08-02 09:41:53,2.19,0.9563,6,2.16,0.9432,6,2.19,0.9563,30,2.175,0.9497,1214,0
SPY190805C293,2019-08-02,2019-08-02 09:41:54,2.2,0.9606,56,2.16,0.9432,63,2.19,0.9563,30,2.18,0.9519,1214,0
SPY190805C293,2019-08-02,2019-08-02 09:41:54,2.22,0.9694,50,2.18,0.9519,6,2.19,0.9563,30,2.2,0.9606,1214,0
SPY190805C293,2019-08-02,2019-08-02 09:41:55,2.23,0.9737,6,2.2,0.9606,6,2.19,0.9563,30,2.215,0.9672,1214,0
SPY190805C293,2019-08-02,2019-08-02 09:41:56,2.23,0.9737,6,2.2,0.9606,6,2.19,0.9563,30,2.215,0.9672,1214,0
SPY190805C293,2019-08-02,2019-08-02 09:41:57,2.21,0.965,6,2.17,0.9475,122,2.19,0.9563,30,2.19,0.9563,1214,0
SPY190805C293,2019-08-02,2019-08-02 09:41:58,2.21,0.965,50,2.17,0.9475,20,2.19,0.9563,30,2.19,0.9563,1214,0
SPY190805C293,2019-08-02,2019-08-02 09:41:58,2.22,0.9694,387,2.18,0.9519,22,2.19,0.9563,30,2.2,0.9606,1214,0
SPY190805C293,2019-08-02,2019-08-02 09:41:59,2.21,0.965,22,2.17,0.9475,22,2.19,0.9563,30,2.19,0.9563,1214,0
SPY190805C293,2019-08-02,2019-08-02 09:42:00,2.24,0.9781,50,2.18,0.9519,121,2.19,0.9563,30,2.21,0.965,1214,0
SPY190805C293,2019-08-02,2019-08-02 09:42:01,2.23,0.9737,6,2.17,0.9475,22,2.2,0.9606,12,2.2,0.9606,1226,12
SPY190805C293,2019-08-02,2019-08-02 09:42:02,2.21,0.965,360,2.21,0.965,6,2.2,0.9606,12,2.21,0.965,1226,0
SPY190805C293,2019-08-02,2019-08-02 09:42:03,2.11,0.9213,50,2.1,0.917,5,2.1,0.917,5,2.105,0.9192,1231,5
SPY190805C293,2019-08-02,2019-08-02 09:42:03,2.12,0.9257,44,2.1,0.917,5,2.2,0.9606,12,2.11,0.9213,1226,0
SPY190805C293,2019-08-02,2019-08-02 09:42:04,2.18,0.9519,6,2.0,0.8733,1,2.1,0.917,5,2.09,0.9126,1231,0
SPY190805C293,2019-08-02,2019-08-02 09:42:05,2.04,0.8908,2,2.0,0.8733,378,2.1,0.917,5,2.02,0.882,1231,0
SPY190805C293,2019-08-02,2019-08-02 09:42:05,2.05,0.8951,44,2.0,0.8733,1,2.1,0.917,5,2.025,0.8842,1231,0
SPY190805C293,2019-08-02,2019-08-02 09:42:06,2.05,0.8951,22,1.99,0.8689,106,2.0,0.8733,1,2.02,0.882,1232,0
SPY190805C293,2019-08-02,2019-08-02 09:42:06,2.04,0.8908,360,1.92,0.8384,459,2.0,0.8733,1,1.98,0.8646,1232,1
SPY190805C293,2019-08-02,2019-08-02 09:42:07,2.07,0.9039,6,2.01,0.8777,100,2.0,0.8733,1,2.04,0.8908,1232,0
SPY190805C293,2019-08-02,2019-08-02 09:42:08,2.05,0.8951,6,2.0,0.8733,6,2.0,0.8733,1,2.025,0.8842,1232,0
SPY190805C293,2019-08-02,2019-08-02 09:42:08,2.04,0.8908,10,2.02,0.882,6,2.0,0.8733,1,2.03,0.8864,1232,0
SPY190805C293,2019-08-02,2019-08-02 09:42:09,2.05,0.8951,6,2.01,0.8777,6,2.0,0.8733,1,2.03,0.8864,1232,0
SPY190805C293,2019-08-02,2019-08-02 09:42:10,2.04,0.8908,22,1.96,0.8558,18,2.0,0.8733,1,2.0,0.8733,1232,0
SPY190805C293,2019-08-02,2019-08-02 09:42:11,2.01,0.8777,6,1.98,0.8646,6,2.0,0.8733,1,1.995,0.8711,1232,0
SPY190805C293,2019-08-02,2019-08-02 09:42:11,2.0,0.8733,22,1.96,0.8558,6,2.0,0.8733,1,1.98,0.8646,1232,0
SPY190805C293,2019-08-02,2019-08-02 09:42:12,1.95,0.8515,6,1.91,0.834,6,2.0,0.8733,1,1.93,0.8427,1232,0
SPY190805C293,2019-08-02,2019-08-02 09:42:12,1.98,0.8646,6,1.93,0.8427,106,2.0,0.8733,1,1.955,0.8537,1232,0
SPY190805C293,2019-08-02,2019-08-02 09:42:13,1.98,0.8646,6,1.93,0.8427,6,2.0,0.8733,1,1.955,0.8537,1232,0
SPY190805C293,2019-08-02,2019-08-02 09:42:14,2.02,0.882,6,1.98,0.8646,60,2.0,0.8733,1,2.0,0.8733,1232,0
SPY190805C293,2019-08-02,2019-08-02 09:42:14,1.99,0.8689,6,1.94,0.8471,6,2.0,0.8733,1,1.965,0.858,1232,0
SPY190805C293,2019-08-02,2019-08-02 09:42:15,2.02,0.882,468,1.96,0.8558,106,2.0,0.8733,1,1.99,0.8689,1232,0
SPY190805C293,2019-08-02,2019-08-02 09:42:16,2.02,0.882,476,1.96,0.8558,116,2.0,0.8733,1,1.99,0.8689,1232,0
SPY190805C293,2019-08-02,2019-08-02 09:42:16,2.01,0.8777,6,1.97,0.8602,132,2.0,0.8733,1,1.99,0.8689,1232,0
SPY190805C293,2019-08-02,2019-08-02 09:42:17,2.01,0.8777,6,1.97,0.8602,100,2.0,0.8733,1,1.99,0.8689,1232,0
SPY190805C293,2019-08-02,2019-08-02 09:42:17,2.01,0.8777,7,1.97,0.8602,75,2.0,0.8733,1,1.99,0.8689,1232,0
SPY190805C293,2019-08-02,2019-08-02 09:42:18,2.05,0.8951,6,2.02,0.882,6,2.0,0.8733,1,2.035,0.8886,1232,0
SPY190805C293,2019-08-02,2019-08-02 09:42:19,2.05,0.8951,6,2.02,0.882,6,2.0,0.8733,1,2.035,0.8886,1232,0
SPY190805C293,2019-08-02,2019-08-02 09:42:20,2.08,0.9082,360,2.0,0.8733,100,2.0,0.8733,1,2.04,0.8908,1232,0
SPY190805C293,2019-08-02,2019-08-02 09:42:20,2.04,0.8908,6,2.01,0.8777,12,2.0,0.8733,1,2.025,0.8842,1232,0
SPY190805C293,2019-08-02,2019-08-02 09:42:21,2.06,0.8995,20,2.01,0.8777,6,2.0,0.8733,1,2.035,0.8886,1232,0
SPY190805C293,2019-08-02,2019-08-02 09:42:22,2.05,0.8951,20,2.01,0.8777,116,2.0,0.8733,1,2.03,0.8864,1232,0
SPY190805C293,2019-08-02,2019-08-02 09:42:22,2.06,0.8995,72,2.03,0.8864,22,2.0,0.8733,1,2.045,0.893,1232,0
SPY190805C293,2019-08-02,2019-08-02 09:42:23,2.05,0.8951,20,2.02,0.882,6,2.0,0.8733,1,2.035,0.8886,1232,0
SPY190805C293,2019-08-02,2019-08-02 09:42:23,2.04,0.8908,6,2.01,0.8777,116,2.0,0.8733,1,2.025,0.8842,1232,0
SPY190805C293,2019-08-02,2019-08-02 09:42:24,2.05,0.8951,98,2.01,0.8777,22,2.0,0.8733,1,2.03,0.8864,1232,0
SPY190805C293,2019-08-02,2019-08-02 09:42:25,2.04,0.8908,20,2.02,0.882,6,2.0,0.8733,1,2.03,0.8864,1232,0
SPY190805C293,2019-08-02,2019-08-02 09:42:25,2.06,0.8995,100,2.02,0.882,22,2.0,0.8733,1,2.04,0.8908,1232,0
SPY190805C293,2019-08-02,2019-08-02 09:42:26,2.06,0.8995,100,2.04,0.8908,22,2.0,0.8733,1,2.05,0.8951,1232,0
SPY190805C293,2019-08-02,2019-08-02 09:42:27,2.1,0.917,6,2.07,0.9039,6,2.0,0.8733,1,2.085,0.9104,1232,0
SPY190805C293,2019-08-02,2019-08-02 09:42:27,2.09,0.9126,6,2.05,0.8951,6,2.0,0.8733,1,2.07,0.9039,1232,0
SPY190805C293,2019-08-02,2019-08-02 09:42:28,2.09,0.9126,20,2.06,0.8995,22,2.0,0.8733,1,2.075,0.9061,1232,0
SPY190805C293,2019-08-02,2019-08-02 09:42:29,2.1,0.917,20,2.07,0.9039,21,2.0,0.8733,1,2.085,0.9104,1232,0
SPY190805C293,2019-08-02,2019-08-02 09:42:29,2.1,0.917,126,2.07,0.9039,21,2.0,0.8733,1,2.085,0.9104,1232,0
SPY190805C293,2019-08-02,2019-08-02 09:42:30,2.08,0.9082,122,2.03,0.8864,124,2.0,0.8733,1,2.055,0.8973,1232,0
SPY190805C293,2019-08-02,2019-08-02 09:42:30,2.08,0.9082,11,2.05,0.8951,22,2.0,0.8733,1,2.065,0.9017,1232,0
SPY190805C293,2019-08-02,2019-08-02 09:42:31,2.08,0.9082,11,2.05,0.8951,22,2.0,0.8733,1,2.065,0.9017,1232,0
SPY190805C293,2019-08-02,2019-08-02 09:42:32,2.08,0.9082,11,2.05,0.8951,21,2.0,0.8733,1,2.065,0.9017,1232,0
SPY190805C293,2019-08-02,2019-08-02 09:42:32,2.08,0.9082,11,2.05,0.8951,22,2.0,0.8733,1,2.065,0.9017,1232,0
SPY190805C293,2019-08-02,2019-08-02 09:42:33,2.07,0.9039,31,2.03,0.8864,10,2.0,0.8733,1,2.05,0.8951,1232,0
SPY190805C293,2019-08-02,2019-08-02 09:42:34,2.07,0.9039,19,2.03,0.8864,54,2.0,0.8733,1,2.05,0.8951,1232,0
SPY190805C293,2019-08-02,2019-08-02 09:42:34,2.06,0.8995,22,2.02,0.882,134,2.0,0.8733,1,2.04,0.8908,1232,0
SPY190805C293,2019-08-02,2019-08-02 09:42:35,2.07,0.9039,44,2.04,0.8908,22,2.0,0.8733,1,2.055,0.8973,1232,0
SPY190805C293,2019-08-02,2019-08-02 09:42:36,2.07,0.9039,57,2.04,0.8908,6,2.0,0.8733,1,2.055,0.8973,1232,0
SPY190805C293,2019-08-02,2019-08-02 09:42:37,2.12,0.9257,360,2.06,0.8995,6,2.0,0.8733,1,2.09,0.9126,1232,0
SPY190805C293,2019-08-02,2019-08-02 09:42:37,2.07,0.9039,63,2.05,0.8951,6,2.0,0.8733,1,2.06,0.8995,1232,0
SPY190805C293,2019-08-02,2019-08-02 09:42:38,2.1,0.917,28,2.08,0.9082,6,2.0,0.8733,1,2.09,0.9126,1232,0
SPY190805C293,2019-08-02,2019-08-02 09:42:38,2.1,0.917,100,2.08,0.9082,6,2.0,0.8733,1,2.09,0.9126,1232,0
SPY190805C293,2019-08-02,2019-08-02 09:42:39,2.09,0.9126,16,2.04,0.8908,142,2.0,0.8733,1,2.065,0.9017,1232,0
SPY190805C293,2019-08-02,2019-08-02 09:42:39,2.12,0.9257,44,2.04,0.8908,44,2.0,0.8733,1,2.08,0.9082,1232,0
SPY190805C293,2019-08-02,2019-08-02 09:42:40,2.11,0.9213,76,2.04,0.8908,372,2.0,0.8733,1,2.075,0.9061,1232,0
SPY190805C293,2019-08-02,2019-08-02 09:42:41,2.12,0.9257,44,2.06,0.8995,37,2.0,0.8733,1,2.09,0.9126,1232,0
SPY190805C293,2019-08-02,2019-08-02 09:42:41,2.11,0.9213,64,2.05,0.8951,6,2.0,0.8733,1,2.08,0.9082,1232,0
SPY190805C293,2019-08-02,2019-08-02 09:42:42,2.1,0.917,6,2.06,0.8995,64,2.0,0.8733,1,2.08,0.9082,1232,0
SPY190805C293,2019-08-02,2019-08-02 09:42:43,2.1,0.917,59,2.06,0.8995,69,2.0,0.8733,1,2.08,0.9082,1232,0
SPY190805C293,2019-08-02,2019-08-02 09:42:43,2.11,0.9213,116,2.06,0.8995,132,2.0,0.8733,1,2.085,0.9104,1232,0
SPY190805C293,2019-08-02,2019-08-02 09:42:44,2.12,0.9257,6,2.08,0.9082,122,2.0,0.8733,1,2.1,0.917,1232,0
SPY190805C293,2019-08-02,2019-08-02 09:42:44,2.14,0.9344,5,2.05,0.8951,360,2.0,0.8733,1,2.095,0.9148,1232,0
SPY190805C293,2019-08-02,2019-08-02 09:42:45,2.11,0.9213,6,2.09,0.9126,22,2.0,0.8733,1,2.1,0.917,1232,0
SPY190805C293,2019-08-02,2019-08-02 09:42:46,2.1,0.917,6,2.07,0.9039,124,2.0,0.8733,1,2.085,0.9104,1232,0
SPY190805C293,2019-08-02,2019-08-02 09:42:46,2.12,0.9257,18,2.09,0.9126,22,2.0,0.8733,1,2.105,0.9192,1232,0
SPY190805C293,2019-08-02,2019-08-02 09:42:47,2.09,0.9126,6,2.07,0.9039,124,2.0,0.8733,1,2.08,0.9082,1232,0
SPY190805C293,2019-08-02,2019-08-02 09:42:47,2.09,0.9126,6,2.04,0.8908,97,2.0,0.8733,1,2.065,0.9017,1232,0
SPY190805C293,2019-08-02,2019-08-02 09:42:48,2.06,0.8995,6,2.04,0.8908,22,2.0,0.8733,1,2.05,0.8951,1232,0
SPY190805C293,2019-08-02,2019-08-02 09:42:49,2.06,0.8995,41,2.02,0.882,124,2.0,0.8733,1,2.04,0.8908,1232,0
SPY190805C293,2019-08-02,2019-08-02 09:42:50,2.03,0.8864,16,1.99,0.8689,106,2.0,0.8733,1,2.01,0.8777,1232,0
SPY190805C293,2019-08-02,2019-08-02 09:42:50,2.03,0.8864,16,2.0,0.8733,22,2.0,0.8733,1,2.015,0.8799,1232,0
SPY190805C293,2019-08-02,2019-08-02 09:42:51,2.03,0.8864,100,1.98,0.8646,110,2.0,0.8733,1,2.005,0.8755,1232,0
SPY190805C293,2019-08-02,2019-08-02 09:42:52,2.02,0.882,6,1.99,0.8689,32,2.0,0.8733,1,2.005,0.8755,1232,0
SPY190805C293,2019-08-02,2019-08-02 09:42:53,2.01,0.8777,54,1.95,0.8515,116,2.0,0.8733,1,1.98,0.8646,1232,0
SPY190805C293,2019-08-02,2019-08-02 09:42:53,2.02,0.882,72,1.97,0.8602,115,2.0,0.8733,1,1.995,0.8711,1232,0
SPY190805C293,2019-08-02,2019-08-02 09:42:54,2.04,0.8908,360,1.97,0.8602,67,2.0,0.8733,1,2.005,0.8755,1232,0
SPY190805C293,2019-08-02,2019-08-02 09:42:55,2.03,0.8864,71,1.99,0.8689,22,2.0,0.8733,1,2.01,0.8777,1232,0
SPY190805C293,2019-08-02,2019-08-02 09:42:56,2.02,0.882,16,1.96,0.8558,22,2.0,0.8733,1,1.99,0.8689,1232,0
SPY190805C293,2019-08-02,2019-08-02 09:42:56,2.03,0.8864,78,1.99,0.8689,32,2.0,0.8733,1,2.01,0.8777,1232,0
SPY190805C293,2019-08-02,2019-08-02 09:42:57,2.0,0.8733,100,1.97,0.8602,22,2.0,0.8733,1,1.985,0.8668,1232,0
SPY190805C293,2019-08-02,2019-08-02 09:42:58,2.01,0.8777,16,1.98,0.8646,22,2.0,0.8733,1,1.995,0.8711,1232,0
SPY190805C293,2019-08-02,2019-08-02 09:42:59,2.04,0.8908,116,2.0,0.8733,32,2.01,0.8777,1,2.02,0.882,1233,1
SPY190805C293,2019-08-02,2019-08-02 09:42:59,2.04,0.8908,116,2.01,0.8777,22,2.0,0.8733,1,2.025,0.8842,1232,0
SPY190805C293,2019-08-02,2019-08-02 09:43:00,2.04,0.8908,116,2.0,0.8733,32,2.01,0.8777,1,2.02,0.882,1233,0
SPY190805C293,2019-08-02,2019-08-02 09:43:01,2.03,0.8864,5,1.99,0.8689,65,2.01,0.8777,1,2.01,0.8777,1233,0
SPY190805C293,2019-08-02,2019-08-02 09:43:01,2.03,0.8864,63,2.01,0.8777,7,2.01,0.8777,1,2.02,0.882,1233,0
SPY190805C293,2019-08-02,2019-08-02 09:43:02,2.04,0.8908,6,2.0,0.8733,44,2.01,0.8777,1,2.02,0.882,1233,0
SPY190805C293,2019-08-02,2019-08-02 09:43:03,2.04,0.8908,6,2.03,0.8864,22,2.01,0.8777,1,2.035,0.8886,1233,0
SPY190805C293,2019-08-02,2019-08-02 09:43:04,2.07,0.9039,92,2.04,0.8908,22,2.01,0.8777,1,2.055,0.8973,1233,0
SPY190805C293,2019-08-02,2019-08-02 09:43:05,2.05,0.8951,6,2.02,0.882,32,2.01,0.8777,1,2.035,0.8886,1233,0
SPY190805C293,2019-08-02,2019-08-02 09:43:05,2.05,0.8951,6,2.02,0.882,22,2.01,0.8777,1,2.035,0.8886,1233,0
SPY190805C293,2019-08-02,2019-08-02 09:43:06,2.07,0.9039,112,2.02,0.882,89,2.01,0.8777,1,2.045,0.893,1233,0
SPY190805C293,2019-08-02,2019-08-02 09:43:06,2.07,0.9039,112,2.02,0.882,99,2.01,0.8777,1,2.045,0.893,1233,0
SPY190805C293,2019-08-02,2019-08-02 09:43:07,2.06,0.8995,6,2.03,0.8864,4,2.01,0.8777,1,2.045,0.893,1233,0
SPY190805C293,2019-08-02,2019-08-02 09:43:08,2.05,0.8951,116,2.01,0.8777,5,2.01,0.8777,1,2.03,0.8864,1233,0
SPY190805C293,2019-08-02,2019-08-02 09:43:09,2.07,0.9039,116,2.04,0.8908,22,2.01,0.8777,1,2.055,0.8973,1233,0
SPY190805C293,2019-08-02,2019-08-02 09:43:09,2.06,0.8995,5,2.04,0.8908,22,2.01,0.8777,1,2.05,0.8951,1233,0
SPY190805C293,2019-08-02,2019-08-02 09:43:10,2.07,0.9039,116,2.05,0.8951,6,2.01,0.8777,1,2.06,0.8995,1233,0
SPY190805C293,2019-08-02,2019-08-02 09:43:11,2.1,0.917,16,2.03,0.8864,44,2.01,0.8777,1,2.065,0.9017,1233,0
SPY190805C293,2019-08-02,2019-08-02 09:43:11,2.1,0.917,44,2.05,0.8951,4,2.01,0.8777,1,2.075,0.9061,1233,0
SPY190805C293,2019-08-02,2019-08-02 09:43:12,2.1,0.917,122,2.08,0.9082,6,2.01,0.8777,1,2.09,0.9126,1233,0
SPY190805C293,2019-08-02,2019-08-02 09:43:12,2.08,0.9082,6,2.06,0.8995,22,2.01,0.8777,1,2.07,0.9039,1233,0
SPY190805C293,2019-08-02,2019-08-02 09:43:13,2.1,0.917,118,2.08,0.9082,6,2.01,0.8777,1,2.09,0.9126,1233,0
SPY190805C293,2019-08-02,2019-08-02 09:43:14,2.1,0.917,368,2.04,0.8908,22,2.01,0.8777,1,2.07,0.9039,1233,0
SPY190805C293,2019-08-02,2019-08-02 09:43:15,2.08,0.9082,6,2.02,0.882,6,2.01,0.8777,1,2.05,0.8951,1233,0
SPY190805C293,2019-08-02,2019-08-02 09:43:15,2.08,0.9082,78,2.05,0.8951,22,2.01,0.8777,1,2.065,0.9017,1233,0
SPY190805C293,2019-08-02,2019-08-02 09:43:16,2.07,0.9039,6,2.05,0.8951,6,2.01,0.8777,1,2.06,0.8995,1233,0
SPY190805C293,2019-08-02,2019-08-02 09:43:17,2.09,0.9126,53,2.06,0.8995,22,2.01,0.8777,1,2.075,0.9061,1233,0
SPY190805C293,2019-08-02,2019-08-02 09:43:17,2.09,0.9126,58,2.06,0.8995,22,2.01,0.8777,1,2.075,0.9061,1233,0
SPY190805C293,2019-08-02,2019-08-02 09:43:18,2.07,0.9039,16,2.04,0.8908,48,2.01,0.8777,1,2.055,0.8973,1233,0
SPY190805C293,2019-08-02,2019-08-02 09:43:19,2.08,0.9082,6,2.05,0.8951,22,2.01,0.8777,1,2.065,0.9017,1233,0
SPY190805C293,2019-08-02,2019-08-02 09:43:19,2.08,0.9082,45,2.05,0.8951,22,2.01,0.8777,1,2.065,0.9017,1233,0
SPY190805C293,2019-08-02,2019-08-02 09:43:20,2.09,0.9126,108,2.06,0.8995,16,2.01,0.8777,1,2.075,0.9061,1233,0
SPY190805C293,2019-08-02,2019-08-02 09:43:20,2.08,0.9082,45,2.05,0.8951,22,2.01,0.8777,1,2.065,0.9017,1233,0
SPY190805C293,2019-08-02,2019-08-02 09:43:21,2.08,0.9082,47,2.05,0.8951,22,2.01,0.8777,1,2.065,0.9017,1233,0
SPY190805C293,2019-08-02,2019-08-02 09:43:22,2.1,0.917,47,2.07,0.9039,22,2.01,0.8777,1,2.085,0.9104,1233,0
SPY190805C293,2019-08-02,2019-08-02 09:43:22,2.09,0.9126,6,2.07,0.9039,18,2.01,0.8777,1,2.08,0.9082,1233,0
SPY190805C293,2019-08-02,2019-08-02 09:43:23,2.1,0.917,6,2.07,0.9039,22,2.01,0.8777,1,2.085,0.9104,1233,0
SPY190805C293,2019-08-02,2019-08-02 09:43:23,2.12,0.9257,84,2.09,0.9126,22,2.01,0.8777,1,2.105,0.9192,1233,0
SPY190805C293,2019-08-02,2019-08-02 09:43:24,2.12,0.9257,60,2.09,0.9126,22,2.01,0.8777,1,2.105,0.9192,1233,0
SPY190805C293,2019-08-02,2019-08-02 09:43:25,2.11,0.9213,48,2.09,0.9126,22,2.01,0.8777,1,2.1,0.917,1233,0
SPY190805C293,2019-08-02,2019-08-02 09:43:25,2.1,0.917,6,2.08,0.9082,28,2.01,0.8777,1,2.09,0.9126,1233,0
SPY190805C293,2019-08-02,2019-08-02 09:43:26,2.11,0.9213,17,2.08,0.9082,22,2.01,0.8777,1,2.095,0.9148,1233,0
SPY190805C293,2019-08-02,2019-08-02 09:43:27,2.11,0.9213,116,2.07,0.9039,79,2.01,0.8777,1,2.09,0.9126,1233,0
SPY190805C293,2019-08-02,2019-08-02 09:43:27,2.11,0.9213,59,2.09,0.9126,22,2.01,0.8777,1,2.1,0.917,1233,0
SPY190805C293,2019-08-02,2019-08-02 09:43:28,2.1,0.917,6,2.08,0.9082,6,2.01,0.8777,1,2.09,0.9126,1233,0
SPY190805C293,2019-08-02,2019-08-02 09:43:29,2.08,0.9082,6,2.06,0.8995,6,2.01,0.8777,1,2.07,0.9039,1233,0
SPY190805C293,2019-08-02,2019-08-02 09:43:29,2.1,0.917,51,2.07,0.9039,6,2.01,0.8777,1,2.085,0.9104,1233,0
SPY190805C293,2019-08-02,2019-08-02 09:43:30,2.07,0.9039,6,2.04,0.8908,22,2.01,0.8777,1,2.055,0.8973,1233,0
SPY190805C293,2019-08-02,2019-08-02 09:43:31,2.08,0.9082,16,2.05,0.8951,22,2.01,0.8777,1,2.065,0.9017,1233,0
SPY190805C293,2019-08-02,2019-08-02 09:43:31,2.09,0.9126,110,2.05,0.8951,22,2.01,0.8777,1,2.07,0.9039,1233,0
SPY190805C293,2019-08-02,2019-08-02 09:43:32,2.08,0.9082,6,2.05,0.8951,89,2.01,0.8777,1,2.065,0.9017,1233,0
SPY190805C293,2019-08-02,2019-08-02 09:43:32,2.08,0.9082,16,2.05,0.8951,22,2.01,0.8777,1,2.065,0.9017,1233,0
SPY190805C293,2019-08-02,2019-08-02 09:43:33,2.07,0.9039,6,2.03,0.8864,133,2.01,0.8777,1,2.05,0.8951,1233,0
SPY190805C293,2019-08-02,2019-08-02 09:43:33,2.06,0.8995,6,2.03,0.8864,122,2.01,0.8777,1,2.045,0.893,1233,0
SPY190805C293,2019-08-02,2019-08-02 09:43:34,2.05,0.8951,16,2.02,0.882,124,2.01,0.8777,1,2.035,0.8886,1233,0
SPY190805C293,2019-08-02,2019-08-02 09:43:35,2.04,0.8908,6,2.02,0.882,68,2.01,0.8777,1,2.03,0.8864,1233,0
SPY190805C293,2019-08-02,2019-08-02 09:43:35,2.05,0.8951,88,2.02,0.882,53,2.01,0.8777,1,2.035,0.8886,1233,0
SPY190805C293,2019-08-02,2019-08-02 09:43:36,2.04,0.8908,6,2.01,0.8777,132,2.01,0.8777,1,2.025,0.8842,1233,0
SPY190805C293,2019-08-02,2019-08-02 09:43:37,2.05,0.8951,72,2.03,0.8864,22,2.01,0.8777,1,2.04,0.8908,1233,0
SPY190805C293,2019-08-02,2019-08-02 09:43:37,2.04,0.8908,6,2.01,0.8777,132,2.01,0.8777,1,2.025,0.8842,1233,0
SPY190805C293,2019-08-02,2019-08-02 09:43:38,2.06,0.8995,102,2.03,0.8864,22,2.01,0.8777,1,2.045,0.893,1233,0
SPY190805C293,2019-08-02,2019-08-02 09:43:39,2.03,0.8864,6,2.01,0.8777,22,2.01,0.8777,1,2.02,0.882,1233,0
SPY190805C293,2019-08-02,2019-08-02 09:43:39,2.05,0.8951,116,2.0,0.8733,122,2.01,0.8777,1,2.025,0.8842,1233,0
SPY190805C293,2019-08-02,2019-08-02 09:43:40,2.03,0.8864,6,1.98,0.8646,6,2.01,0.8777,1,2.005,0.8755,1233,0
SPY190805C293,2019-08-02,2019-08-02 09:43:40,2.03,0.8864,6,2.01,0.8777,6,2.01,0.8777,1,2.02,0.882,1233,0
SPY190805C293,2019-08-02,2019-08-02 09:43:41,2.0,0.8733,16,1.96,0.8558,22,2.01,0.8777,1,1.98,0.8646,1233,0
SPY190805C293,2019-08-02,2019-08-02 09:43:42,2.01,0.8777,6,1.97,0.8602,22,2.01,0.8777,1,1.99,0.8689,1233,0
SPY190805C293,2019-08-02,2019-08-02 09:43:43,2.04,0.8908,16,1.98,0.8646,6,2.01,0.8777,1,2.01,0.8777,1233,0
SPY190805C293,2019-08-02,2019-08-02 09:43:44,2.04,0.8908,6,1.99,0.8689,6,2.01,0.8777,1,2.015,0.8799,1233,0
SPY190805C293,2019-08-02,2019-08-02 09:43:44,2.04,0.8908,6,2.0,0.8733,22,2.01,0.8777,1,2.02,0.882,1233,0
SPY190805C293,2019-08-02,2019-08-02 09:43:45,2.04,0.8908,5,2.0,0.8733,66,2.01,0.8777,1,2.02,0.882,1233,0
SPY190805C293,2019-08-02,2019-08-02 09:43:46,2.05,0.8951,6,2.02,0.882,22,2.01,0.8777,1,2.035,0.8886,1233,0
SPY190805C293,2019-08-02,2019-08-02 09:43:47,2.04,0.8908,6,2.01,0.8777,65,2.01,0.8777,1,2.025,0.8842,1233,0
SPY190805C293,2019-08-02,2019-08-02 09:43:47,2.04,0.8908,16,2.0,0.8733,8,2.01,0.8777,1,2.02,0.882,1233,0
SPY190805C293,2019-08-02,2019-08-02 09:43:48,2.03,0.8864,6,2.0,0.8733,113,2.01,0.8777,1,2.015,0.8799,1233,0
SPY190805C293,2019-08-02,2019-08-02 09:43:48,2.04,0.8908,16,2.0,0.8733,83,2.01,0.8777,1,2.02,0.882,1233,0
SPY190805C293,2019-08-02,2019-08-02 09:43:49,2.03,0.8864,6,2.0,0.8733,83,2.01,0.8777,1,2.015,0.8799,1233,0
SPY190805C293,2019-08-02,2019-08-02 09:43:50,2.03,0.8864,6,2.0,0.8733,83,2.01,0.8777,1,2.015,0.8799,1233,0
SPY190805C293,2019-08-02,2019-08-02 09:43:50,2.03,0.8864,6,2.0,0.8733,44,2.01,0.8777,1,2.015,0.8799,1233,0
SPY190805C293,2019-08-02,2019-08-02 09:43:51,2.03,0.8864,6,2.0,0.8733,100,2.01,0.8777,1,2.015,0.8799,1233,0
SPY190805C293,2019-08-02,2019-08-02 09:43:51,2.04,0.8908,6,2.0,0.8733,100,2.01,0.8777,1,2.02,0.882,1233,0
SPY190805C293,2019-08-02,2019-08-02 09:43:52,2.04,0.8908,6,2.01,0.8777,100,2.01,0.8777,1,2.025,0.8842,1233,0
SPY190805C293,2019-08-02,2019-08-02 09:43:53,2.04,0.8908,59,2.0,0.8733,100,2.01,0.8777,1,2.02,0.882,1233,0
SPY190805C293,2019-08-02,2019-08-02 09:43:53,2.02,0.882,6,2.0,0.8733,6,2.01,0.8777,1,2.01,0.8777,1233,0
SPY190805C293,2019-08-02,2019-08-02 09:43:54,2.03,0.8864,2,2.0,0.8733,59,2.01,0.8777,1,2.015,0.8799,1233,0
SPY190805C293,2019-08-02,2019-08-02 09:43:54,2.03,0.8864,6,2.01,0.8777,22,2.01,0.8777,1,2.02,0.882,1233,0
SPY190805C293,2019-08-02,2019-08-02 09:43:55,2.04,0.8908,10,2.01,0.8777,100,2.01,0.8777,1,2.025,0.8842,1233,0
SPY190805C293,2019-08-02,2019-08-02 09:43:56,2.04,0.8908,10,2.01,0.8777,6,2.01,0.8777,1,2.025,0.8842,1233,0
SPY190805C293,2019-08-02,2019-08-02 09:43:57,2.03,0.8864,6,1.99,0.8689,6,2.01,0.8777,1,2.01,0.8777,1233,0
SPY190805C293,2019-08-02,2019-08-02 09:43:58,2.01,0.8777,6,1.99,0.8689,21,2.01,0.8777,1,2.0,0.8733,1233,0
SPY190805C293,2019-08-02,2019-08-02 09:43:59,1.98,0.8646,6,1.96,0.8558,6,2.01,0.8777,1,1.97,0.8602,1233,0
SPY190805C293,2019-08-02,2019-08-02 09:44:00,1.97,0.8602,8,1.94,0.8471,6,2.01,0.8777,1,1.955,0.8537,1233,0
SPY190805C293,2019-08-02,2019-08-02 09:44:01,2.0,0.8733,77,1.97,0.8602,6,2.01,0.8777,1,1.985,0.8668,1233,0
SPY190805C293,2019-08-02,2019-08-02 09:44:01,1.99,0.8689,16,1.98,0.8646,6,2.01,0.8777,1,1.985,0.8668,1233,0
SPY190805C293,2019-08-02,2019-08-02 09:44:02,2.0,0.8733,68,1.97,0.8602,71,2.01,0.8777,1,1.985,0.8668,1233,0
SPY190805C293,2019-08-02,2019-08-02 09:44:03,2.0,0.8733,26,1.97,0.8602,32,2.01,0.8777,1,1.985,0.8668,1233,0
SPY190805C293,2019-08-02,2019-08-02 09:44:03,2.01,0.8777,104,1.98,0.8646,22,2.01,0.8777,1,1.995,0.8711,1233,0
SPY190805C293,2019-08-02,2019-08-02 09:44:04,2.01,0.8777,94,1.98,0.8646,22,2.01,0.8777,1,1.995,0.8711,1233,0
SPY190805C293,2019-08-02,2019-08-02 09:44:05,2.02,0.882,119,1.99,0.8689,22,2.01,0.8777,1,2.005,0.8755,1233,0
SPY190805C293,2019-08-02,2019-08-02 09:44:05,2.03,0.8864,44,1.98,0.8646,22,2.01,0.8777,1,2.005,0.8755,1233,0
SPY190805C293,2019-08-02,2019-08-02 09:44:06,2.04,0.8908,115,2.01,0.8777,22,2.01,0.8777,1,2.025,0.8842,1233,0
SPY190805C293,2019-08-02,2019-08-02 09:44:07,2.04,0.8908,11,2.01,0.8777,28,2.01,0.8777,1,2.025,0.8842,1233,0
SPY190805C293,2019-08-02,2019-08-02 09:44:07,2.03,0.8864,6,2.01,0.8777,22,2.01,0.8777,1,2.02,0.882,1233,0
SPY190805C293,2019-08-02,2019-08-02 09:44:08,2.04,0.8908,11,2.01,0.8777,28,2.01,0.8777,1,2.025,0.8842,1233,0
SPY190805C293,2019-08-02,2019-08-02 09:44:09,2.02,0.882,19,2.0,0.8733,17,2.01,0.8777,1,2.01,0.8777,1233,0
SPY190805C293,2019-08-02,2019-08-02 09:44:09,2.03,0.8864,9,2.01,0.8777,32,2.01,0.8777,1,2.02,0.882,1233,0
SPY190805C293,2019-08-02,2019-08-02 09:44:10,2.03,0.8864,10,2.0,0.8733,16,2.01,0.8777,1,2.015,0.8799,1233,0
SPY190805C293,2019-08-02,2019-08-02 09:44:11,2.02,0.882,11,2.0,0.8733,22,2.01,0.8777,1,2.01,0.8777,1233,0
SPY190805C293,2019-08-02,2019-08-02 09:44:12,2.02,0.882,6,2.0,0.8733,22,2.01,0.8777,1,2.01,0.8777,1233,0
SPY190805C293,2019-08-02,2019-08-02 09:44:12,2.02,0.882,9,2.0,0.8733,22,2.01,0.8777,1,2.01,0.8777,1233,0
SPY190805C293,2019-08-02,2019-08-02 09:44:13,2.01,0.8777,11,1.98,0.8646,101,2.01,0.8777,1,1.995,0.8711,1233,0
SPY190805C293,2019-08-02,2019-08-02 09:44:13,2.01,0.8777,6,1.98,0.8646,101,2.01,0.8777,1,1.995,0.8711,1233,0
SPY190805C293,2019-08-02,2019-08-02 09:44:14,2.04,0.8908,109,2.01,0.8777,22,2.01,0.8777,1,2.025,0.8842,1233,0
SPY190805C293,2019-08-02,2019-08-02 09:44:15,2.03,0.8864,6,2.01,0.8777,22,2.01,0.8777,1,2.02,0.882,1233,0
SPY190805C293,2019-08-02,2019-08-02 09:44:15,2.03,0.8864,6,2.0,0.8733,22,2.01,0.8777,1,2.015,0.8799,1233,0
SPY190805C293,2019-08-02,2019-08-02 09:44:16,2.05,0.8951,9,2.01,0.8777,5,2.01,0.8777,1,2.03,0.8864,1233,0
SPY190805C293,2019-08-02,2019-08-02 09:44:17,2.03,0.8864,6,2.01,0.8777,67,2.01,0.8777,1,2.02,0.882,1233,0
SPY190805C293,2019-08-02,2019-08-02 09:44:17,2.04,0.8908,73,1.99,0.8689,122,2.01,0.8777,1,2.015,0.8799,1233,0
SPY190805C293,2019-08-02,2019-08-02 09:44:18,2.04,0.8908,84,2.01,0.8777,22,2.01,0.8777,1,2.025,0.8842,1233,0
SPY190805C293,2019-08-02,2019-08-02 09:44:18,2.04,0.8908,95,2.01,0.8777,22,2.01,0.8777,1,2.025,0.8842,1233,0
SPY190805C293,2019-08-02,2019-08-02 09:44:19,2.02,0.882,88,1.98,0.8646,118,2.01,0.8777,1,2.0,0.8733,1233,0
SPY190805C293,2019-08-02,2019-08-02 09:44:20,2.01,0.8777,6,1.99,0.8689,18,2.01,0.8777,1,2.0,0.8733,1233,0
SPY190805C293,2019-08-02,2019-08-02 09:44:20,2.02,0.882,92,2.0,0.8733,18,2.01,0.8777,1,2.01,0.8777,1233,0
SPY190805C293,2019-08-02,2019-08-02 09:44:21,2.03,0.8864,109,2.0,0.8733,21,2.01,0.8777,1,2.015,0.8799,1233,0
SPY190805C293,2019-08-02,2019-08-02 09:44:22,2.02,0.882,16,1.98,0.8646,78,2.01,0.8777,1,2.0,0.8733,1233,0
SPY190805C293,2019-08-02,2019-08-02 09:44:22,2.02,0.882,100,1.98,0.8646,5,2.01,0.8777,1,2.0,0.8733,1233,0
SPY190805C293,2019-08-02,2019-08-02 09:44:23,2.02,0.882,10,2.0,0.8733,22,2.01,0.8777,1,2.01,0.8777,1233,0
SPY190805C293,2019-08-02,2019-08-02 09:44:24,2.01,0.8777,6,1.98,0.8646,122,2.01,0.8777,1,1.995,0.8711,1233,0
SPY190805C293,2019-08-02,2019-08-02 09:44:24,2.02,0.882,10,1.99,0.8689,51,2.01,0.8777,1,2.005,0.8755,1233,0
SPY190805C293,2019-08-02,2019-08-02 09:44:25,2.02,0.882,50,1.99,0.8689,22,2.01,0.8777,1,2.005,0.8755,1233,0
SPY190805C293,2019-08-02,2019-08-02 09:44:26,2.01,0.8777,10,1.99,0.8689,28,2.01,0.8777,1,2.0,0.8733,1233,0
SPY190805C293,2019-08-02,2019-08-02 09:44:26,2.01,0.8777,6,1.99,0.8689,22,2.01,0.8777,1,2.0,0.8733,1233,0
SPY190805C293,2019-08-02,2019-08-02 09:44:27,2.01,0.8777,10,1.98,0.8646,56,2.01,0.8777,1,1.995,0.8711,1233,0
SPY190805C293,2019-08-02,2019-08-02 09:44:27,2.0,0.8733,6,1.99,0.8689,74,2.01,0.8777,1,1.995,0.8711,1233,0
SPY190805C293,2019-08-02,2019-08-02 09:44:28,2.03,0.8864,6,2.0,0.8733,100,2.01,0.8777,1,2.015,0.8799,1233,0
SPY190805C293,2019-08-02,2019-08-02 09:44:29,2.02,0.882,6,2.0,0.8733,122,2.01,0.8777,1,2.01,0.8777,1233,0
SPY190805C293,2019-08-02,2019-08-02 09:44:29,2.04,0.8908,48,2.0,0.8733,122,2.01,0.8777,1,2.02,0.882,1233,0
SPY190805C293,2019-08-02,2019-08-02 09:44:30,2.0,0.8733,6,1.98,0.8646,50,2.01,0.8777,1,1.99,0.8689,1233,0
SPY190805C293,2019-08-02,2019-08-02 09:44:30,2.01,0.8777,6,2.0,0.8733,6,2.01,0.8777,1,2.005,0.8755,1233,0
SPY190805C293,2019-08-02,2019-08-02 09:44:31,2.01,0.8777,365,1.91,0.834,382,1.99,0.8689,22,1.96,0.8558,1255,22
SPY190805C293,2019-08-02,2019-08-02 09:44:32,2.0,0.8733,10,1.93,0.8427,44,1.99,0.8689,22,1.965,0.858,1255,0
SPY190805C293,2019-08-02,2019-08-02 09:44:33,1.98,0.8646,6,1.95,0.8515,125,1.99,0.8689,22,1.965,0.858,1255,0
SPY190805C293,2019-08-02,2019-08-02 09:44:34,1.97,0.8602,6,1.96,0.8558,5,1.99,0.8689,22,1.965,0.858,1255,0
SPY190805C293,2019-08-02,2019-08-02 09:44:34,1.98,0.8646,6,1.96,0.8558,5,1.99,0.8689,22,1.97,0.8602,1255,0
SPY190805C293,2019-08-02,2019-08-02 09:44:35,1.98,0.8646,6,1.96,0.8558,112,1.99,0.8689,22,1.97,0.8602,1255,0
SPY190805C293,2019-08-02,2019-08-02 09:44:36,1.97,0.8602,6,1.95,0.8515,79,1.99,0.8689,22,1.96,0.8558,1255,0
SPY190805C293,2019-08-02,2019-08-02 09:44:37,1.98,0.8646,14,1.95,0.8515,100,1.99,0.8689,22,1.965,0.858,1255,0
SPY190805C293,2019-08-02,2019-08-02 09:44:38,1.98,0.8646,375,1.91,0.834,100,1.99,0.8689,22,1.945,0.8493,1255,0
SPY190805C293,2019-08-02,2019-08-02 09:44:39,1.98,0.8646,6,1.95,0.8515,93,1.99,0.8689,22,1.965,0.858,1255,0
SPY190805C293,2019-08-02,2019-08-02 09:44:40,1.98,0.8646,6,1.94,0.8471,115,1.99,0.8689,22,1.96,0.8558,1255,0
SPY190805C293,2019-08-02,2019-08-02 09:44:41,2.0,0.8733,6,1.98,0.8646,6,1.99,0.8689,22,1.99,0.8689,1255,0
SPY190805C293,2019-08-02,2019-08-02 09:44:41,2.01,0.8777,124,1.97,0.8602,124,1.99,0.8689,22,1.99,0.8689,1255,0
SPY190805C293,2019-08-02,2019-08-02 09:44:42,2.02,0.882,6,2.0,0.8733,6,1.99,0.8689,22,2.01,0.8777,1255,0
SPY190805C293,2019-08-02,2019-08-02 09:44:43,2.03,0.8864,100,1.97,0.8602,5,2.03,0.8864,1,2.0,0.8733,1256,1
SPY190805C293,2019-08-02,2019-08-02 09:44:43,2.03,0.8864,475,1.98,0.8646,5,1.99,0.8689,22,2.005,0.8755,1255,0
SPY190805C293,2019-08-02,2019-08-02 09:44:44,2.02,0.882,6,2.0,0.8733,18,2.03,0.8864,1,2.01,0.8777,1256,0
SPY190805C293,2019-08-02,2019-08-02 09:44:44,2.03,0.8864,165,2.0,0.8733,18,2.03,0.8864,1,2.015,0.8799,1256,0
SPY190805C293,2019-08-02,2019-08-02 09:44:45,2.03,0.8864,155,2.0,0.8733,20,2.03,0.8864,1,2.015,0.8799,1256,0
SPY190805C293,2019-08-02,2019-08-02 09:44:46,2.03,0.8864,122,1.99,0.8689,125,2.03,0.8864,1,2.01,0.8777,1256,0
SPY190805C293,2019-08-02,2019-08-02 09:44:46,2.03,0.8864,105,2.0,0.8733,26,2.03,0.8864,1,2.015,0.8799,1256,0
SPY190805C293,2019-08-02,2019-08-02 09:44:47,2.03,0.8864,117,1.99,0.8689,96,2.03,0.8864,1,2.01,0.8777,1256,0
SPY190805C293,2019-08-02,2019-08-02 09:44:47,2.03,0.8864,6,2.01,0.8777,22,2.03,0.8864,1,2.02,0.882,1256,0
SPY190805C293,2019-08-02,2019-08-02 09:44:48,2.02,0.882,6,2.0,0.8733,24,2.03,0.8864,1,2.01,0.8777,1256,0
SPY190805C293,2019-08-02,2019-08-02 09:44:49,2.02,0.882,6,1.97,0.8602,100,2.03,0.8864,1,1.995,0.8711,1256,0
SPY190805C293,2019-08-02,2019-08-02 09:44:50,2.01,0.8777,60,1.98,0.8646,22,2.03,0.8864,1,1.995,0.8711,1256,0
SPY190805C293,2019-08-02,2019-08-02 09:44:51,1.99,0.8689,59,1.96,0.8558,68,2.03,0.8864,1,1.975,0.8624,1256,0
SPY190805C293,2019-08-02,2019-08-02 09:44:51,1.99,0.8689,72,1.96,0.8558,68,2.03,0.8864,1,1.975,0.8624,1256,0
SPY190805C293,2019-08-02,2019-08-02 09:44:52,1.99,0.8689,70,1.96,0.8558,68,2.03,0.8864,1,1.975,0.8624,1256,0
SPY190805C293,2019-08-02,2019-08-02 09:44:53,2.0,0.8733,36,1.97,0.8602,81,2.03,0.8864,1,1.985,0.8668,1256,0
SPY190805C293,2019-08-02,2019-08-02 09:44:54,2.03,0.8864,50,2.0,0.8733,22,2.03,0.8864,1,2.015,0.8799,1256,0
SPY190805C293,2019-08-02,2019-08-02 09:44:55,2.03,0.8864,51,2.0,0.8733,89,2.03,0.8864,1,2.015,0.8799,1256,0
SPY190805C293,2019-08-02,2019-08-02 09:44:56,2.02,0.882,9,1.99,0.8689,60,2.03,0.8864,1,2.005,0.8755,1256,0
SPY190805C293,2019-08-02,2019-08-02 09:44:57,2.01,0.8777,360,1.98,0.8646,122,2.03,0.8864,1,1.995,0.8711,1256,0
SPY190805C293,2019-08-02,2019-08-02 09:44:58,1.99,0.8689,6,1.97,0.8602,73,2.03,0.8864,1,1.98,0.8646,1256,0
SPY190805C293,2019-08-02,2019-08-02 09:44:58,1.99,0.8689,6,1.97,0.8602,72,2.03,0.8864,1,1.98,0.8646,1256,0
SPY190805C293,2019-08-02,2019-08-02 09:44:59,1.99,0.8689,6,1.97,0.8602,72,2.03,0.8864,1,1.98,0.8646,1256,0
SPY190805C293,2019-08-02,2019-08-02 09:45:00,2.0,0.8733,6,1.98,0.8646,6,2.03,0.8864,1,1.99,0.8689,1256,0
SPY190805C293,2019-08-02,2019-08-02 09:45:00,2.0,0.8733,6,1.99,0.8689,17,2.03,0.8864,1,1.995,0.8711,1256,0
SPY190805C293,2019-08-02,2019-08-02 09:45:01,2.0,0.8733,6,1.98,0.8646,17,2.03,0.8864,1,1.99,0.8689,1256,0
SPY190805C293,2019-08-02,2019-08-02 09:45:02,2.0,0.8733,367,1.97,0.8602,115,2.03,0.8864,1,1.985,0.8668,1256,0
SPY190805C293,2019-08-02,2019-08-02 09:45:03,2.02,0.882,6,1.98,0.8646,22,2.03,0.8864,1,2.0,0.8733,1256,0
SPY190805C293,2019-08-02,2019-08-02 09:45:04,1.97,0.8602,6,1.96,0.8558,1,2.03,0.8864,1,1.965,0.858,1256,0
SPY190805C293,2019-08-02,2019-08-02 09:45:05,1.98,0.8646,6,1.97,0.8602,24,2.03,0.8864,1,1.975,0.8624,1256,0
SPY190805C293,2019-08-02,2019-08-02 09:45:06,1.99,0.8689,71,1.96,0.8558,60,2.03,0.8864,1,1.975,0.8624,1256,0
SPY190805C293,2019-08-02,2019-08-02 09:45:07,2.0,0.8733,367,1.96,0.8558,100,2.03,0.8864,1,1.98,0.8646,1256,0
SPY190805C293,2019-08-02,2019-08-02 09:45:07,1.98,0.8646,6,1.96,0.8558,18,2.03,0.8864,1,1.97,0.8602,1256,0
SPY190805C293,2019-08-02,2019-08-02 09:45:08,1.97,0.8602,6,1.95,0.8515,7,1.96,0.8558,1,1.96,0.8558,1257,1
SPY190805C293,2019-08-02,2019-08-02 09:45:08,1.98,0.8646,6,1.96,0.8558,18,2.03,0.8864,1,1.97,0.8602,1256,0
SPY190805C293,2019-08-02,2019-08-02 09:45:10,1.96,0.8558,6,1.94,0.8471,11,1.96,0.8558,1,1.95,0.8515,1257,0
SPY190805C293,2019-08-02,2019-08-02 09:45:11,1.97,0.8602,472,1.93,0.8427,87,1.96,0.8558,1,1.95,0.8515,1257,0
SPY190805C293,2019-08-02,2019-08-02 09:45:12,1.96,0.8558,19,1.92,0.8384,50,1.96,0.8558,1,1.94,0.8471,1257,0
SPY190805C293,2019-08-02,2019-08-02 09:45:12,1.96,0.8558,15,1.93,0.8427,87,1.96,0.8558,1,1.945,0.8493,1257,0
SPY190805C293,2019-08-02,2019-08-02 09:45:13,1.93,0.8427,17,1.91,0.834,58,1.96,0.8558,1,1.92,0.8384,1257,0
SPY190805C293,2019-08-02,2019-08-02 09:45:13,1.93,0.8427,6,1.92,0.8384,17,1.96,0.8558,1,1.925,0.8406,1257,0
SPY190805C293,2019-08-02,2019-08-02 09:45:14,1.92,0.8384,17,1.91,0.834,58,1.96,0.8558,1,1.915,0.8362,1257,0
SPY190805C293,2019-08-02,2019-08-02 09:45:15,1.92,0.8384,6,1.91,0.834,58,1.96,0.8558,1,1.915,0.8362,1257,0
SPY190805C293,2019-08-02,2019-08-02 09:45:15,1.93,0.8427,90,1.91,0.834,58,1.96,0.8558,1,1.92,0.8384,1257,0
SPY190805C293,2019-08-02,2019-08-02 09:45:16,1.93,0.8427,90,1.91,0.834,58,1.96,0.8558,1,1.92,0.8384,1257,0
SPY190805C293,2019-08-02,2019-08-02 09:45:16,1.94,0.8471,6,1.92,0.8384,6,1.96,0.8558,1,1.93,0.8427,1257,0
