symbol,Date,quote_time,ask_price,norm_ask_price,ask_size,bid_price,norm_bid_price,bid_size,last_trade_price,norm_last_trade_price,last_trade_size,mark_price,norm_mark_price,volume,Volume
IWM190906C151,2019-09-05,2019-09-05 09:30:01,0.47,1.0,24,0.19,0.4042,24,0.38,0.8085,3,0.33,0.7021,26,26
IWM190906C151,2019-09-05,2019-09-05 09:30:01,0.47,1.0,24,0.19,0.4042,24,0.38,0.8085,3,0.33,0.7021,26,0
IWM190906C151,2019-09-05,2019-09-05 09:30:02,0.47,1.0,24,0.19,0.4042,24,0.38,0.8085,3,0.33,0.7021,26,0
IWM190906C151,2019-09-05,2019-09-05 09:30:03,0.45,0.9574,24,0.17,0.3617,24,0.38,0.8085,3,0.31,0.6595,26,0
IWM190906C151,2019-09-05,2019-09-05 09:30:03,0.47,1.0,24,0.19,0.4042,24,0.38,0.8085,3,0.33,0.7021,26,0
IWM190906C151,2019-09-05,2019-09-05 09:30:04,0.45,0.9574,46,0.19,0.4042,60,0.38,0.8085,3,0.32,0.6808,26,0
IWM190906C151,2019-09-05,2019-09-05 09:30:04,0.44,0.9361,10,0.19,0.4042,10,0.38,0.8085,3,0.315,0.6702,26,0
IWM190906C151,2019-09-05,2019-09-05 09:30:05,0.45,0.9574,46,0.19,0.4042,60,0.38,0.8085,3,0.32,0.6808,26,0
IWM190906C151,2019-09-05,2019-09-05 09:30:05,0.54,1.1489,250,0.09,0.1914,250,0.38,0.8085,3,0.315,0.6702,26,0
IWM190906C151,2019-09-05,2019-09-05 09:30:06,0.54,1.1489,250,0.09,0.1914,250,0.38,0.8085,3,0.315,0.6702,26,0
IWM190906C151,2019-09-05,2019-09-05 09:30:06,0.54,1.1489,375,0.09,0.1914,250,0.38,0.8085,3,0.315,0.6702,26,0
IWM190906C151,2019-09-05,2019-09-05 09:30:07,0.54,1.1489,250,0.08,0.1702,350,0.38,0.8085,3,0.31,0.6595,26,0
IWM190906C151,2019-09-05,2019-09-05 09:30:07,0.54,1.1489,468,0.09,0.1914,20,0.38,0.8085,3,0.315,0.6702,26,0
IWM190906C151,2019-09-05,2019-09-05 09:30:08,0.54,1.1489,343,0.08,0.1702,350,0.38,0.8085,3,0.31,0.6595,26,0
IWM190906C151,2019-09-05,2019-09-05 09:30:08,0.51,1.0851,125,0.15,0.3191,10,0.38,0.8085,3,0.33,0.7021,26,0
IWM190906C151,2019-09-05,2019-09-05 09:30:09,0.33,0.7021,118,0.27,0.5744,118,0.38,0.8085,3,0.3,0.6382,26,0
IWM190906C151,2019-09-05,2019-09-05 09:30:10,0.33,0.7021,118,0.27,0.5744,118,0.38,0.8085,3,0.3,0.6382,26,0
IWM190906C151,2019-09-05,2019-09-05 09:30:11,0.33,0.7021,118,0.26,0.5531,123,0.38,0.8085,3,0.295,0.6276,26,0
IWM190906C151,2019-09-05,2019-09-05 09:30:11,0.32,0.6808,123,0.25,0.5319,126,0.38,0.8085,3,0.285,0.6063,26,0
IWM190906C151,2019-09-05,2019-09-05 09:30:12,0.31,0.6595,36,0.25,0.5319,126,0.38,0.8085,3,0.28,0.5957,26,0
IWM190906C151,2019-09-05,2019-09-05 09:30:13,0.31,0.6595,36,0.26,0.5531,123,0.38,0.8085,3,0.285,0.6063,26,0
IWM190906C151,2019-09-05,2019-09-05 09:30:13,0.31,0.6595,36,0.25,0.5319,123,0.38,0.8085,3,0.28,0.5957,26,0
IWM190906C151,2019-09-05,2019-09-05 09:30:14,0.31,0.6595,36,0.25,0.5319,239,0.38,0.8085,3,0.28,0.5957,26,0
IWM190906C151,2019-09-05,2019-09-05 09:30:14,0.32,0.6808,36,0.26,0.5531,123,0.38,0.8085,3,0.29,0.617,26,0
IWM190906C151,2019-09-05,2019-09-05 09:30:15,0.32,0.6808,36,0.26,0.5531,239,0.38,0.8085,3,0.29,0.617,26,0
IWM190906C151,2019-09-05,2019-09-05 09:30:16,0.34,0.7234,22,0.28,0.5957,123,0.38,0.8085,3,0.31,0.6595,26,0
IWM190906C151,2019-09-05,2019-09-05 09:30:16,0.34,0.7234,27,0.28,0.5957,123,0.38,0.8085,3,0.31,0.6595,26,0
IWM190906C151,2019-09-05,2019-09-05 09:30:17,0.34,0.7234,205,0.27,0.5744,133,0.38,0.8085,3,0.305,0.6489,26,0
IWM190906C151,2019-09-05,2019-09-05 09:30:17,0.34,0.7234,22,0.27,0.5744,133,0.38,0.8085,3,0.305,0.6489,26,0
IWM190906C151,2019-09-05,2019-09-05 09:30:18,0.34,0.7234,205,0.27,0.5744,133,0.38,0.8085,3,0.305,0.6489,26,0
IWM190906C151,2019-09-05,2019-09-05 09:30:19,0.34,0.7234,272,0.28,0.5957,36,0.38,0.8085,3,0.31,0.6595,26,0
IWM190906C151,2019-09-05,2019-09-05 09:30:19,0.34,0.7234,205,0.27,0.5744,133,0.38,0.8085,3,0.305,0.6489,26,0
IWM190906C151,2019-09-05,2019-09-05 09:30:20,0.34,0.7234,207,0.27,0.5744,159,0.38,0.8085,3,0.305,0.6489,26,0
IWM190906C151,2019-09-05,2019-09-05 09:30:21,0.34,0.7234,207,0.27,0.5744,169,0.38,0.8085,3,0.305,0.6489,26,0
IWM190906C151,2019-09-05,2019-09-05 09:30:22,0.34,0.7234,207,0.27,0.5744,169,0.38,0.8085,3,0.305,0.6489,26,0
IWM190906C151,2019-09-05,2019-09-05 09:30:23,0.34,0.7234,207,0.27,0.5744,169,0.38,0.8085,3,0.305,0.6489,26,0
IWM190906C151,2019-09-05,2019-09-05 09:30:24,0.34,0.7234,254,0.27,0.5744,255,0.38,0.8085,3,0.305,0.6489,26,0
IWM190906C151,2019-09-05,2019-09-05 09:30:25,0.34,0.7234,21,0.28,0.5957,252,0.38,0.8085,3,0.31,0.6595,26,0
IWM190906C151,2019-09-05,2019-09-05 09:30:25,0.34,0.7234,21,0.28,0.5957,204,0.38,0.8085,3,0.31,0.6595,26,0
IWM190906C151,2019-09-05,2019-09-05 09:30:26,0.35,0.7446,364,0.28,0.5957,252,0.38,0.8085,3,0.315,0.6702,26,0
IWM190906C151,2019-09-05,2019-09-05 09:30:26,0.34,0.7234,1,0.28,0.5957,252,0.38,0.8085,3,0.31,0.6595,26,0
IWM190906C151,2019-09-05,2019-09-05 09:30:27,0.35,0.7446,354,0.29,0.617,1,0.38,0.8085,3,0.32,0.6808,26,0
IWM190906C151,2019-09-05,2019-09-05 09:30:27,0.35,0.7446,339,0.28,0.5957,291,0.38,0.8085,3,0.315,0.6702,26,0
IWM190906C151,2019-09-05,2019-09-05 09:30:28,0.34,0.7234,150,0.29,0.617,150,0.38,0.8085,3,0.315,0.6702,26,0
IWM190906C151,2019-09-05,2019-09-05 09:30:28,0.34,0.7234,1,0.29,0.617,151,0.38,0.8085,3,0.315,0.6702,26,0
IWM190906C151,2019-09-05,2019-09-05 09:30:29,0.34,0.7234,150,0.29,0.617,150,0.38,0.8085,3,0.315,0.6702,26,0
IWM190906C151,2019-09-05,2019-09-05 09:30:29,0.34,0.7234,204,0.3,0.6382,100,0.38,0.8085,3,0.32,0.6808,26,0
IWM190906C151,2019-09-05,2019-09-05 09:30:30,0.34,0.7234,204,0.3,0.6382,10,0.38,0.8085,3,0.32,0.6808,26,0
IWM190906C151,2019-09-05,2019-09-05 09:30:31,0.34,0.7234,204,0.3,0.6382,10,0.38,0.8085,3,0.32,0.6808,26,0
IWM190906C151,2019-09-05,2019-09-05 09:30:31,0.34,0.7234,204,0.29,0.617,155,0.38,0.8085,3,0.315,0.6702,26,0
IWM190906C151,2019-09-05,2019-09-05 09:30:32,0.34,0.7234,249,0.29,0.617,155,0.38,0.8085,3,0.315,0.6702,26,0
IWM190906C151,2019-09-05,2019-09-05 09:30:32,0.34,0.7234,240,0.29,0.617,165,0.38,0.8085,3,0.315,0.6702,26,0
IWM190906C151,2019-09-05,2019-09-05 09:30:33,0.34,0.7234,182,0.29,0.617,32,0.38,0.8085,3,0.315,0.6702,26,0
IWM190906C151,2019-09-05,2019-09-05 09:30:33,0.32,0.6808,175,0.27,0.5744,1,0.38,0.8085,3,0.295,0.6276,26,0
IWM190906C151,2019-09-05,2019-09-05 09:30:34,0.31,0.6595,165,0.27,0.5744,49,0.38,0.8085,3,0.29,0.617,26,0
IWM190906C151,2019-09-05,2019-09-05 09:30:34,0.31,0.6595,1,0.27,0.5744,165,0.38,0.8085,3,0.29,0.617,26,0
IWM190906C151,2019-09-05,2019-09-05 09:30:35,0.31,0.6595,218,0.27,0.5744,112,0.38,0.8085,3,0.29,0.617,26,0
IWM190906C151,2019-09-05,2019-09-05 09:30:36,0.31,0.6595,264,0.27,0.5744,112,0.38,0.8085,3,0.29,0.617,26,0
IWM190906C151,2019-09-05,2019-09-05 09:30:36,0.31,0.6595,337,0.27,0.5744,122,0.38,0.8085,3,0.29,0.617,26,0
IWM190906C151,2019-09-05,2019-09-05 09:30:37,0.3,0.6382,100,0.27,0.5744,77,0.38,0.8085,3,0.285,0.6063,26,0
IWM190906C151,2019-09-05,2019-09-05 09:30:37,0.3,0.6382,151,0.26,0.5531,165,0.38,0.8085,3,0.28,0.5957,26,0
IWM190906C151,2019-09-05,2019-09-05 09:30:38,0.3,0.6382,151,0.26,0.5531,165,0.38,0.8085,3,0.28,0.5957,26,0
IWM190906C151,2019-09-05,2019-09-05 09:30:39,0.3,0.6382,151,0.26,0.5531,165,0.38,0.8085,3,0.28,0.5957,26,0
IWM190906C151,2019-09-05,2019-09-05 09:30:40,0.3,0.6382,151,0.26,0.5531,275,0.38,0.8085,3,0.28,0.5957,26,0
IWM190906C151,2019-09-05,2019-09-05 09:30:41,0.3,0.6382,116,0.26,0.5531,265,0.38,0.8085,3,0.28,0.5957,26,0
IWM190906C151,2019-09-05,2019-09-05 09:30:41,0.3,0.6382,151,0.26,0.5531,350,0.38,0.8085,3,0.28,0.5957,26,0
IWM190906C151,2019-09-05,2019-09-05 09:30:42,0.3,0.6382,45,0.26,0.5531,350,0.38,0.8085,3,0.28,0.5957,26,0
IWM190906C151,2019-09-05,2019-09-05 09:30:42,0.31,0.6595,110,0.27,0.5744,165,0.38,0.8085,3,0.29,0.617,26,0
IWM190906C151,2019-09-05,2019-09-05 09:30:43,0.31,0.6595,165,0.27,0.5744,271,0.38,0.8085,3,0.29,0.617,26,0
IWM190906C151,2019-09-05,2019-09-05 09:30:44,0.31,0.6595,50,0.27,0.5744,470,0.38,0.8085,3,0.29,0.617,26,0
IWM190906C151,2019-09-05,2019-09-05 09:30:44,0.31,0.6595,50,0.28,0.5957,279,0.38,0.8085,3,0.295,0.6276,26,0
IWM190906C151,2019-09-05,2019-09-05 09:30:45,0.32,0.6808,100,0.28,0.5957,279,0.38,0.8085,3,0.3,0.6382,26,0
IWM190906C151,2019-09-05,2019-09-05 09:30:46,0.33,0.7021,191,0.28,0.5957,279,0.38,0.8085,3,0.305,0.6489,26,0
IWM190906C151,2019-09-05,2019-09-05 09:30:47,0.33,0.7021,191,0.28,0.5957,275,0.38,0.8085,3,0.305,0.6489,26,0
IWM190906C151,2019-09-05,2019-09-05 09:30:47,0.33,0.7021,191,0.28,0.5957,197,0.38,0.8085,3,0.305,0.6489,26,0
IWM190906C151,2019-09-05,2019-09-05 09:30:48,0.33,0.7021,191,0.29,0.617,163,0.38,0.8085,3,0.31,0.6595,26,0
IWM190906C151,2019-09-05,2019-09-05 09:30:48,0.33,0.7021,191,0.28,0.5957,259,0.38,0.8085,3,0.305,0.6489,26,0
IWM190906C151,2019-09-05,2019-09-05 09:30:49,0.33,0.7021,191,0.29,0.617,163,0.38,0.8085,3,0.31,0.6595,26,0
IWM190906C151,2019-09-05,2019-09-05 09:30:50,0.33,0.7021,191,0.29,0.617,163,0.38,0.8085,3,0.31,0.6595,26,0
IWM190906C151,2019-09-05,2019-09-05 09:30:51,0.33,0.7021,191,0.29,0.617,163,0.38,0.8085,3,0.31,0.6595,26,0
IWM190906C151,2019-09-05,2019-09-05 09:30:52,0.33,0.7021,191,0.29,0.617,163,0.38,0.8085,3,0.31,0.6595,26,0
IWM190906C151,2019-09-05,2019-09-05 09:30:53,0.33,0.7021,205,0.28,0.5957,259,0.38,0.8085,3,0.305,0.6489,26,0
IWM190906C151,2019-09-05,2019-09-05 09:30:53,0.33,0.7021,195,0.28,0.5957,259,0.38,0.8085,3,0.305,0.6489,26,0
IWM190906C151,2019-09-05,2019-09-05 09:30:54,0.33,0.7021,195,0.28,0.5957,259,0.38,0.8085,3,0.305,0.6489,26,0
IWM190906C151,2019-09-05,2019-09-05 09:30:55,0.33,0.7021,195,0.28,0.5957,259,0.38,0.8085,3,0.305,0.6489,26,0
IWM190906C151,2019-09-05,2019-09-05 09:30:56,0.33,0.7021,195,0.29,0.617,132,0.38,0.8085,3,0.31,0.6595,26,0
IWM190906C151,2019-09-05,2019-09-05 09:30:56,0.33,0.7021,195,0.29,0.617,124,0.38,0.8085,3,0.31,0.6595,26,0
IWM190906C151,2019-09-05,2019-09-05 09:30:57,0.33,0.7021,195,0.29,0.617,132,0.38,0.8085,3,0.31,0.6595,26,0
IWM190906C151,2019-09-05,2019-09-05 09:30:58,0.33,0.7021,195,0.29,0.617,132,0.38,0.8085,3,0.31,0.6595,26,0
IWM190906C151,2019-09-05,2019-09-05 09:30:59,0.33,0.7021,195,0.29,0.617,247,0.38,0.8085,3,0.31,0.6595,26,0
IWM190906C151,2019-09-05,2019-09-05 09:30:59,0.33,0.7021,195,0.29,0.617,132,0.38,0.8085,3,0.31,0.6595,26,0
IWM190906C151,2019-09-05,2019-09-05 09:31:00,0.33,0.7021,138,0.3,0.6382,119,0.3,0.6382,9,0.315,0.6702,35,9
IWM190906C151,2019-09-05,2019-09-05 09:31:00,0.33,0.7021,138,0.3,0.6382,20,0.3,0.6382,9,0.315,0.6702,35,0
IWM190906C151,2019-09-05,2019-09-05 09:31:01,0.33,0.7021,138,0.3,0.6382,20,0.3,0.6382,9,0.315,0.6702,35,0
IWM190906C151,2019-09-05,2019-09-05 09:31:02,0.34,0.7234,36,0.3,0.6382,20,0.3,0.6382,9,0.32,0.6808,35,0
IWM190906C151,2019-09-05,2019-09-05 09:31:02,0.33,0.7021,138,0.3,0.6382,20,0.3,0.6382,9,0.315,0.6702,35,0
IWM190906C151,2019-09-05,2019-09-05 09:31:03,0.34,0.7234,1,0.3,0.6382,20,0.3,0.6382,9,0.32,0.6808,35,0
IWM190906C151,2019-09-05,2019-09-05 09:31:03,0.35,0.7446,177,0.3,0.6382,347,0.3,0.6382,9,0.325,0.6914,35,0
IWM190906C151,2019-09-05,2019-09-05 09:31:04,0.35,0.7446,152,0.3,0.6382,245,0.3,0.6382,9,0.325,0.6914,35,0
IWM190906C151,2019-09-05,2019-09-05 09:31:05,0.35,0.7446,152,0.3,0.6382,275,0.3,0.6382,9,0.325,0.6914,35,0
IWM190906C151,2019-09-05,2019-09-05 09:31:05,0.35,0.7446,152,0.31,0.6595,9,0.3,0.6382,9,0.33,0.7021,35,0
IWM190906C151,2019-09-05,2019-09-05 09:31:06,0.35,0.7446,152,0.3,0.6382,294,0.3,0.6382,9,0.325,0.6914,35,0
IWM190906C151,2019-09-05,2019-09-05 09:31:07,0.35,0.7446,100,0.3,0.6382,325,0.3,0.6382,9,0.325,0.6914,35,0
IWM190906C151,2019-09-05,2019-09-05 09:31:07,0.35,0.7446,39,0.3,0.6382,294,0.3,0.6382,9,0.325,0.6914,35,0
IWM190906C151,2019-09-05,2019-09-05 09:31:08,0.35,0.7446,100,0.31,0.6595,283,0.3,0.6382,9,0.33,0.7021,35,0
IWM190906C151,2019-09-05,2019-09-05 09:31:08,0.35,0.7446,100,0.31,0.6595,110,0.3,0.6382,9,0.33,0.7021,35,0
IWM190906C151,2019-09-05,2019-09-05 09:31:09,0.36,0.7659,185,0.31,0.6595,273,0.3,0.6382,9,0.335,0.7127,35,0
IWM190906C151,2019-09-05,2019-09-05 09:31:09,0.35,0.7446,100,0.31,0.6595,273,0.3,0.6382,9,0.33,0.7021,35,0
IWM190906C151,2019-09-05,2019-09-05 09:31:10,0.35,0.7446,157,0.31,0.6595,47,0.3,0.6382,9,0.33,0.7021,35,0
IWM190906C151,2019-09-05,2019-09-05 09:31:10,0.35,0.7446,157,0.31,0.6595,54,0.3,0.6382,9,0.33,0.7021,35,0
IWM190906C151,2019-09-05,2019-09-05 09:31:11,0.35,0.7446,157,0.31,0.6595,54,0.3,0.6382,9,0.33,0.7021,35,0
IWM190906C151,2019-09-05,2019-09-05 09:31:11,0.35,0.7446,157,0.31,0.6595,123,0.3,0.6382,9,0.33,0.7021,35,0
IWM190906C151,2019-09-05,2019-09-05 09:31:12,0.35,0.7446,157,0.31,0.6595,212,0.3,0.6382,9,0.33,0.7021,35,0
IWM190906C151,2019-09-05,2019-09-05 09:31:12,0.35,0.7446,157,0.31,0.6595,140,0.3,0.6382,9,0.33,0.7021,35,0
IWM190906C151,2019-09-05,2019-09-05 09:31:13,0.35,0.7446,150,0.31,0.6595,212,0.3,0.6382,9,0.33,0.7021,35,0
IWM190906C151,2019-09-05,2019-09-05 09:31:13,0.35,0.7446,150,0.31,0.6595,277,0.3,0.6382,9,0.33,0.7021,35,0
IWM190906C151,2019-09-05,2019-09-05 09:31:14,0.35,0.7446,150,0.31,0.6595,277,0.3,0.6382,9,0.33,0.7021,35,0
IWM190906C151,2019-09-05,2019-09-05 09:31:15,0.35,0.7446,150,0.32,0.6808,168,0.3,0.6382,9,0.335,0.7127,35,0
IWM190906C151,2019-09-05,2019-09-05 09:31:15,0.35,0.7446,150,0.32,0.6808,10,0.3,0.6382,9,0.335,0.7127,35,0
IWM190906C151,2019-09-05,2019-09-05 09:31:16,0.35,0.7446,150,0.32,0.6808,55,0.3,0.6382,9,0.335,0.7127,35,0
IWM190906C151,2019-09-05,2019-09-05 09:31:16,0.35,0.7446,150,0.32,0.6808,47,0.3,0.6382,9,0.335,0.7127,35,0
IWM190906C151,2019-09-05,2019-09-05 09:31:17,0.35,0.7446,150,0.32,0.6808,47,0.3,0.6382,9,0.335,0.7127,35,0
IWM190906C151,2019-09-05,2019-09-05 09:31:17,0.35,0.7446,150,0.32,0.6808,22,0.3,0.6382,9,0.335,0.7127,35,0
IWM190906C151,2019-09-05,2019-09-05 09:31:18,0.35,0.7446,150,0.32,0.6808,38,0.3,0.6382,9,0.335,0.7127,35,0
IWM190906C151,2019-09-05,2019-09-05 09:31:18,0.35,0.7446,150,0.32,0.6808,60,0.3,0.6382,9,0.335,0.7127,35,0
IWM190906C151,2019-09-05,2019-09-05 09:31:19,0.35,0.7446,150,0.32,0.6808,22,0.3,0.6382,9,0.335,0.7127,35,0
IWM190906C151,2019-09-05,2019-09-05 09:31:20,0.35,0.7446,150,0.31,0.6595,231,0.3,0.6382,9,0.33,0.7021,35,0
IWM190906C151,2019-09-05,2019-09-05 09:31:21,0.35,0.7446,150,0.31,0.6595,203,0.3,0.6382,9,0.33,0.7021,35,0
IWM190906C151,2019-09-05,2019-09-05 09:31:21,0.35,0.7446,150,0.31,0.6595,193,0.3,0.6382,9,0.33,0.7021,35,0
IWM190906C151,2019-09-05,2019-09-05 09:31:22,0.35,0.7446,150,0.31,0.6595,203,0.3,0.6382,9,0.33,0.7021,35,0
IWM190906C151,2019-09-05,2019-09-05 09:31:23,0.35,0.7446,150,0.31,0.6595,193,0.3,0.6382,9,0.33,0.7021,35,0
IWM190906C151,2019-09-05,2019-09-05 09:31:23,0.35,0.7446,150,0.31,0.6595,203,0.3,0.6382,9,0.33,0.7021,35,0
IWM190906C151,2019-09-05,2019-09-05 09:31:24,0.35,0.7446,150,0.31,0.6595,193,0.3,0.6382,9,0.33,0.7021,35,0
IWM190906C151,2019-09-05,2019-09-05 09:31:25,0.35,0.7446,150,0.31,0.6595,193,0.3,0.6382,9,0.33,0.7021,35,0
IWM190906C151,2019-09-05,2019-09-05 09:31:25,0.35,0.7446,150,0.31,0.6595,152,0.3,0.6382,9,0.33,0.7021,35,0
IWM190906C151,2019-09-05,2019-09-05 09:31:26,0.35,0.7446,150,0.31,0.6595,234,0.3,0.6382,9,0.33,0.7021,35,0
IWM190906C151,2019-09-05,2019-09-05 09:31:26,0.35,0.7446,150,0.32,0.6808,77,0.3,0.6382,9,0.335,0.7127,35,0
IWM190906C151,2019-09-05,2019-09-05 09:31:27,0.35,0.7446,150,0.32,0.6808,42,0.3,0.6382,9,0.335,0.7127,35,0
IWM190906C151,2019-09-05,2019-09-05 09:31:28,0.35,0.7446,150,0.31,0.6595,233,0.3,0.6382,9,0.33,0.7021,35,0
IWM190906C151,2019-09-05,2019-09-05 09:31:28,0.35,0.7446,150,0.31,0.6595,150,0.3,0.6382,9,0.33,0.7021,35,0
IWM190906C151,2019-09-05,2019-09-05 09:31:29,0.35,0.7446,150,0.31,0.6595,233,0.3,0.6382,9,0.33,0.7021,35,0
IWM190906C151,2019-09-05,2019-09-05 09:31:30,0.35,0.7446,150,0.31,0.6595,233,0.3,0.6382,9,0.33,0.7021,35,0
IWM190906C151,2019-09-05,2019-09-05 09:31:30,0.35,0.7446,150,0.31,0.6595,223,0.3,0.6382,9,0.33,0.7021,35,0
IWM190906C151,2019-09-05,2019-09-05 09:31:31,0.35,0.7446,150,0.31,0.6595,223,0.3,0.6382,9,0.33,0.7021,35,0
IWM190906C151,2019-09-05,2019-09-05 09:31:32,0.35,0.7446,150,0.31,0.6595,181,0.3,0.6382,9,0.33,0.7021,35,0
IWM190906C151,2019-09-05,2019-09-05 09:31:33,0.35,0.7446,100,0.31,0.6595,245,0.3,0.6382,9,0.33,0.7021,35,0
IWM190906C151,2019-09-05,2019-09-05 09:31:33,0.35,0.7446,150,0.31,0.6595,181,0.3,0.6382,9,0.33,0.7021,35,0
IWM190906C151,2019-09-05,2019-09-05 09:31:34,0.35,0.7446,100,0.31,0.6595,245,0.3,0.6382,9,0.33,0.7021,35,0
IWM190906C151,2019-09-05,2019-09-05 09:31:34,0.35,0.7446,150,0.31,0.6595,305,0.3,0.6382,9,0.33,0.7021,35,0
IWM190906C151,2019-09-05,2019-09-05 09:31:35,0.35,0.7446,150,0.31,0.6595,305,0.3,0.6382,9,0.33,0.7021,35,0
IWM190906C151,2019-09-05,2019-09-05 09:31:36,0.35,0.7446,150,0.31,0.6595,305,0.3,0.6382,9,0.33,0.7021,35,0
IWM190906C151,2019-09-05,2019-09-05 09:31:37,0.35,0.7446,150,0.31,0.6595,305,0.3,0.6382,9,0.33,0.7021,35,0
IWM190906C151,2019-09-05,2019-09-05 09:31:37,0.35,0.7446,150,0.31,0.6595,315,0.3,0.6382,9,0.33,0.7021,35,0
IWM190906C151,2019-09-05,2019-09-05 09:31:38,0.35,0.7446,150,0.31,0.6595,305,0.3,0.6382,9,0.33,0.7021,35,0
IWM190906C151,2019-09-05,2019-09-05 09:31:38,0.35,0.7446,150,0.31,0.6595,315,0.3,0.6382,9,0.33,0.7021,35,0
IWM190906C151,2019-09-05,2019-09-05 09:31:39,0.35,0.7446,150,0.31,0.6595,89,0.3,0.6382,9,0.33,0.7021,35,0
IWM190906C151,2019-09-05,2019-09-05 09:31:40,0.35,0.7446,150,0.31,0.6595,263,0.3,0.6382,9,0.33,0.7021,35,0
IWM190906C151,2019-09-05,2019-09-05 09:31:40,0.36,0.7659,150,0.31,0.6595,263,0.3,0.6382,9,0.335,0.7127,35,0
IWM190906C151,2019-09-05,2019-09-05 09:31:41,0.36,0.7659,150,0.32,0.6808,10,0.3,0.6382,9,0.34,0.7234,35,0
IWM190906C151,2019-09-05,2019-09-05 09:31:41,0.36,0.7659,150,0.31,0.6595,150,0.3,0.6382,9,0.335,0.7127,35,0
IWM190906C151,2019-09-05,2019-09-05 09:31:42,0.35,0.7446,150,0.31,0.6595,48,0.3,0.6382,9,0.33,0.7021,35,0
IWM190906C151,2019-09-05,2019-09-05 09:31:43,0.34,0.7234,150,0.3,0.6382,263,0.3,0.6382,9,0.32,0.6808,35,0
IWM190906C151,2019-09-05,2019-09-05 09:31:43,0.35,0.7446,53,0.3,0.6382,390,0.3,0.6382,9,0.325,0.6914,35,0
IWM190906C151,2019-09-05,2019-09-05 09:31:44,0.35,0.7446,27,0.31,0.6595,408,0.3,0.6382,9,0.33,0.7021,35,0
IWM190906C151,2019-09-05,2019-09-05 09:31:44,0.35,0.7446,150,0.31,0.6595,240,0.3,0.6382,9,0.33,0.7021,35,0
IWM190906C151,2019-09-05,2019-09-05 09:31:45,0.36,0.7659,150,0.32,0.6808,274,0.3,0.6382,9,0.34,0.7234,35,0
IWM190906C151,2019-09-05,2019-09-05 09:31:45,0.36,0.7659,150,0.32,0.6808,150,0.3,0.6382,9,0.34,0.7234,35,0
IWM190906C151,2019-09-05,2019-09-05 09:31:46,0.36,0.7659,150,0.32,0.6808,274,0.3,0.6382,9,0.34,0.7234,35,0
IWM190906C151,2019-09-05,2019-09-05 09:31:47,0.35,0.7446,150,0.31,0.6595,245,0.3,0.6382,9,0.33,0.7021,35,0
IWM190906C151,2019-09-05,2019-09-05 09:31:47,0.36,0.7659,150,0.31,0.6595,245,0.3,0.6382,9,0.335,0.7127,35,0
IWM190906C151,2019-09-05,2019-09-05 09:31:48,0.35,0.7446,150,0.31,0.6595,219,0.3,0.6382,9,0.33,0.7021,35,0
IWM190906C151,2019-09-05,2019-09-05 09:31:49,0.35,0.7446,150,0.3,0.6382,150,0.3,0.6382,9,0.325,0.6914,35,0
IWM190906C151,2019-09-05,2019-09-05 09:31:49,0.35,0.7446,150,0.31,0.6595,186,0.3,0.6382,9,0.33,0.7021,35,0
IWM190906C151,2019-09-05,2019-09-05 09:31:50,0.34,0.7234,150,0.3,0.6382,240,0.3,0.6382,9,0.32,0.6808,35,0
IWM190906C151,2019-09-05,2019-09-05 09:31:51,0.34,0.7234,150,0.3,0.6382,240,0.3,0.6382,9,0.32,0.6808,35,0
IWM190906C151,2019-09-05,2019-09-05 09:31:52,0.34,0.7234,110,0.31,0.6595,110,0.3,0.6382,9,0.325,0.6914,35,0
IWM190906C151,2019-09-05,2019-09-05 09:31:52,0.34,0.7234,150,0.3,0.6382,240,0.3,0.6382,9,0.32,0.6808,35,0
IWM190906C151,2019-09-05,2019-09-05 09:31:53,0.34,0.7234,95,0.31,0.6595,210,0.3,0.6382,9,0.325,0.6914,35,0
IWM190906C151,2019-09-05,2019-09-05 09:31:53,0.34,0.7234,71,0.31,0.6595,250,0.3,0.6382,9,0.325,0.6914,35,0
IWM190906C151,2019-09-05,2019-09-05 09:31:54,0.34,0.7234,71,0.31,0.6595,250,0.3,0.6382,9,0.325,0.6914,35,0
IWM190906C151,2019-09-05,2019-09-05 09:31:54,0.34,0.7234,71,0.32,0.6808,246,0.3,0.6382,9,0.33,0.7021,35,0
IWM190906C151,2019-09-05,2019-09-05 09:31:55,0.34,0.7234,71,0.32,0.6808,246,0.3,0.6382,9,0.33,0.7021,35,0
IWM190906C151,2019-09-05,2019-09-05 09:31:56,0.34,0.7234,71,0.32,0.6808,246,0.3,0.6382,9,0.33,0.7021,35,0
IWM190906C151,2019-09-05,2019-09-05 09:31:57,0.34,0.7234,71,0.32,0.6808,246,0.3,0.6382,9,0.33,0.7021,35,0
IWM190906C151,2019-09-05,2019-09-05 09:31:57,0.35,0.7446,82,0.32,0.6808,246,0.3,0.6382,9,0.335,0.7127,35,0
IWM190906C151,2019-09-05,2019-09-05 09:31:58,0.36,0.7659,150,0.32,0.6808,246,0.3,0.6382,9,0.34,0.7234,35,0
IWM190906C151,2019-09-05,2019-09-05 09:31:59,0.36,0.7659,150,0.32,0.6808,246,0.3,0.6382,9,0.34,0.7234,35,0
IWM190906C151,2019-09-05,2019-09-05 09:31:59,0.36,0.7659,150,0.32,0.6808,204,0.3,0.6382,9,0.34,0.7234,35,0
IWM190906C151,2019-09-05,2019-09-05 09:32:00,0.36,0.7659,150,0.32,0.6808,78,0.3,0.6382,9,0.34,0.7234,35,0
IWM190906C151,2019-09-05,2019-09-05 09:32:00,0.36,0.7659,150,0.32,0.6808,25,0.3,0.6382,9,0.34,0.7234,35,0
IWM190906C151,2019-09-05,2019-09-05 09:32:01,0.36,0.7659,150,0.32,0.6808,110,0.3,0.6382,9,0.34,0.7234,35,0
IWM190906C151,2019-09-05,2019-09-05 09:32:02,0.36,0.7659,150,0.32,0.6808,150,0.3,0.6382,9,0.34,0.7234,35,0
IWM190906C151,2019-09-05,2019-09-05 09:32:03,0.36,0.7659,150,0.32,0.6808,26,0.3,0.6382,9,0.34,0.7234,35,0
IWM190906C151,2019-09-05,2019-09-05 09:32:03,0.35,0.7446,150,0.31,0.6595,150,0.3,0.6382,9,0.33,0.7021,35,0
IWM190906C151,2019-09-05,2019-09-05 09:32:04,0.35,0.7446,150,0.31,0.6595,150,0.3,0.6382,9,0.33,0.7021,35,0
IWM190906C151,2019-09-05,2019-09-05 09:32:05,0.35,0.7446,150,0.31,0.6595,150,0.3,0.6382,9,0.33,0.7021,35,0
IWM190906C151,2019-09-05,2019-09-05 09:32:05,0.35,0.7446,150,0.31,0.6595,236,0.3,0.6382,9,0.33,0.7021,35,0
IWM190906C151,2019-09-05,2019-09-05 09:32:06,0.35,0.7446,150,0.31,0.6595,150,0.3,0.6382,9,0.33,0.7021,35,0
IWM190906C151,2019-09-05,2019-09-05 09:32:07,0.35,0.7446,150,0.31,0.6595,258,0.3,0.6382,9,0.33,0.7021,35,0
IWM190906C151,2019-09-05,2019-09-05 09:32:08,0.35,0.7446,150,0.32,0.6808,150,0.3,0.6382,9,0.335,0.7127,35,0
IWM190906C151,2019-09-05,2019-09-05 09:32:09,0.35,0.7446,150,0.32,0.6808,150,0.3,0.6382,9,0.335,0.7127,35,0
IWM190906C151,2019-09-05,2019-09-05 09:32:10,0.35,0.7446,150,0.32,0.6808,150,0.3,0.6382,9,0.335,0.7127,35,0
IWM190906C151,2019-09-05,2019-09-05 09:32:11,0.35,0.7446,150,0.32,0.6808,150,0.3,0.6382,9,0.335,0.7127,35,0
IWM190906C151,2019-09-05,2019-09-05 09:32:12,0.35,0.7446,150,0.32,0.6808,17,0.3,0.6382,9,0.335,0.7127,35,0
IWM190906C151,2019-09-05,2019-09-05 09:32:12,0.35,0.7446,150,0.31,0.6595,150,0.3,0.6382,9,0.33,0.7021,35,0
IWM190906C151,2019-09-05,2019-09-05 09:32:13,0.35,0.7446,150,0.31,0.6595,196,0.3,0.6382,9,0.33,0.7021,35,0
IWM190906C151,2019-09-05,2019-09-05 09:32:13,0.35,0.7446,150,0.31,0.6595,150,0.3,0.6382,9,0.33,0.7021,35,0
IWM190906C151,2019-09-05,2019-09-05 09:32:14,0.35,0.7446,150,0.32,0.6808,107,0.3,0.6382,9,0.335,0.7127,35,0
IWM190906C151,2019-09-05,2019-09-05 09:32:14,0.35,0.7446,150,0.31,0.6595,195,0.3,0.6382,9,0.33,0.7021,35,0
IWM190906C151,2019-09-05,2019-09-05 09:32:15,0.35,0.7446,150,0.32,0.6808,107,0.3,0.6382,9,0.335,0.7127,35,0
IWM190906C151,2019-09-05,2019-09-05 09:32:16,0.35,0.7446,150,0.32,0.6808,107,0.3,0.6382,9,0.335,0.7127,35,0
IWM190906C151,2019-09-05,2019-09-05 09:32:17,0.34,0.7234,1,0.32,0.6808,192,0.3,0.6382,9,0.33,0.7021,35,0
IWM190906C151,2019-09-05,2019-09-05 09:32:17,0.35,0.7446,150,0.32,0.6808,107,0.3,0.6382,9,0.335,0.7127,35,0
IWM190906C151,2019-09-05,2019-09-05 09:32:18,0.34,0.7234,1,0.32,0.6808,192,0.3,0.6382,9,0.33,0.7021,35,0
IWM190906C151,2019-09-05,2019-09-05 09:32:18,0.34,0.7234,23,0.32,0.6808,107,0.3,0.6382,9,0.33,0.7021,35,0
IWM190906C151,2019-09-05,2019-09-05 09:32:19,0.34,0.7234,1,0.32,0.6808,107,0.3,0.6382,9,0.33,0.7021,35,0
IWM190906C151,2019-09-05,2019-09-05 09:32:19,0.34,0.7234,1,0.32,0.6808,234,0.3,0.6382,9,0.33,0.7021,35,0
IWM190906C151,2019-09-05,2019-09-05 09:32:20,0.34,0.7234,1,0.32,0.6808,165,0.3,0.6382,9,0.33,0.7021,35,0
IWM190906C151,2019-09-05,2019-09-05 09:32:20,0.34,0.7234,1,0.32,0.6808,234,0.3,0.6382,9,0.33,0.7021,35,0
IWM190906C151,2019-09-05,2019-09-05 09:32:21,0.34,0.7234,1,0.32,0.6808,147,0.3,0.6382,9,0.33,0.7021,35,0
IWM190906C151,2019-09-05,2019-09-05 09:32:21,0.34,0.7234,1,0.32,0.6808,232,0.3,0.6382,9,0.33,0.7021,35,0
IWM190906C151,2019-09-05,2019-09-05 09:32:22,0.34,0.7234,1,0.32,0.6808,232,0.3,0.6382,9,0.33,0.7021,35,0
IWM190906C151,2019-09-05,2019-09-05 09:32:23,0.34,0.7234,1,0.32,0.6808,232,0.3,0.6382,9,0.33,0.7021,35,0
IWM190906C151,2019-09-05,2019-09-05 09:32:24,0.34,0.7234,1,0.33,0.7021,315,0.3,0.6382,9,0.335,0.7127,35,0
IWM190906C151,2019-09-05,2019-09-05 09:32:24,0.34,0.7234,1,0.32,0.6808,241,0.3,0.6382,9,0.33,0.7021,35,0
IWM190906C151,2019-09-05,2019-09-05 09:32:25,0.34,0.7234,1,0.33,0.7021,57,0.3,0.6382,9,0.335,0.7127,35,0
IWM190906C151,2019-09-05,2019-09-05 09:32:25,0.34,0.7234,1,0.33,0.7021,23,0.3,0.6382,9,0.335,0.7127,35,0
IWM190906C151,2019-09-05,2019-09-05 09:32:26,0.34,0.7234,1,0.33,0.7021,330,0.3,0.6382,9,0.335,0.7127,35,0
IWM190906C151,2019-09-05,2019-09-05 09:32:26,0.34,0.7234,1,0.33,0.7021,117,0.3,0.6382,9,0.335,0.7127,35,0
IWM190906C151,2019-09-05,2019-09-05 09:32:27,0.34,0.7234,1,0.33,0.7021,392,0.3,0.6382,9,0.335,0.7127,35,0
IWM190906C151,2019-09-05,2019-09-05 09:32:27,0.34,0.7234,1,0.33,0.7021,377,0.3,0.6382,9,0.335,0.7127,35,0
IWM190906C151,2019-09-05,2019-09-05 09:32:28,0.34,0.7234,1,0.33,0.7021,366,0.3,0.6382,9,0.335,0.7127,35,0
IWM190906C151,2019-09-05,2019-09-05 09:32:28,0.34,0.7234,1,0.33,0.7021,377,0.3,0.6382,9,0.335,0.7127,35,0
IWM190906C151,2019-09-05,2019-09-05 09:32:29,0.34,0.7234,1,0.33,0.7021,366,0.3,0.6382,9,0.335,0.7127,35,0
IWM190906C151,2019-09-05,2019-09-05 09:32:29,0.37,0.7872,150,0.34,0.7234,150,0.34,0.7234,1,0.355,0.7553,36,1
IWM190906C151,2019-09-05,2019-09-05 09:32:30,0.37,0.7872,150,0.34,0.7234,150,0.34,0.7234,1,0.355,0.7553,36,0
IWM190906C151,2019-09-05,2019-09-05 09:32:31,0.37,0.7872,150,0.34,0.7234,171,0.34,0.7234,1,0.355,0.7553,36,0
IWM190906C151,2019-09-05,2019-09-05 09:32:32,0.37,0.7872,150,0.34,0.7234,203,0.34,0.7234,1,0.355,0.7553,36,0
IWM190906C151,2019-09-05,2019-09-05 09:32:33,0.37,0.7872,150,0.35,0.7446,11,0.34,0.7234,1,0.36,0.7659,36,0
IWM190906C151,2019-09-05,2019-09-05 09:32:33,0.37,0.7872,150,0.35,0.7446,126,0.34,0.7234,1,0.36,0.7659,36,0
IWM190906C151,2019-09-05,2019-09-05 09:32:34,0.37,0.7872,150,0.35,0.7446,10,0.34,0.7234,1,0.36,0.7659,36,0
IWM190906C151,2019-09-05,2019-09-05 09:32:35,0.37,0.7872,150,0.35,0.7446,10,0.34,0.7234,1,0.36,0.7659,36,0
IWM190906C151,2019-09-05,2019-09-05 09:32:36,0.37,0.7872,150,0.35,0.7446,38,0.34,0.7234,1,0.36,0.7659,36,0
IWM190906C151,2019-09-05,2019-09-05 09:32:36,0.38,0.8085,150,0.35,0.7446,22,0.34,0.7234,1,0.365,0.7765,36,0
IWM190906C151,2019-09-05,2019-09-05 09:32:37,0.38,0.8085,150,0.35,0.7446,10,0.34,0.7234,1,0.365,0.7765,36,0
IWM190906C151,2019-09-05,2019-09-05 09:32:37,0.38,0.8085,150,0.34,0.7234,189,0.34,0.7234,1,0.36,0.7659,36,0
IWM190906C151,2019-09-05,2019-09-05 09:32:38,0.38,0.8085,150,0.34,0.7234,189,0.34,0.7234,1,0.36,0.7659,36,0
IWM190906C151,2019-09-05,2019-09-05 09:32:39,0.38,0.8085,150,0.34,0.7234,189,0.34,0.7234,1,0.36,0.7659,36,0
IWM190906C151,2019-09-05,2019-09-05 09:32:40,0.38,0.8085,150,0.34,0.7234,189,0.34,0.7234,1,0.36,0.7659,36,0
IWM190906C151,2019-09-05,2019-09-05 09:32:41,0.38,0.8085,150,0.34,0.7234,240,0.34,0.7234,1,0.36,0.7659,36,0
IWM190906C151,2019-09-05,2019-09-05 09:32:42,0.38,0.8085,150,0.35,0.7446,150,0.34,0.7234,1,0.365,0.7765,36,0
IWM190906C151,2019-09-05,2019-09-05 09:32:43,0.38,0.8085,150,0.35,0.7446,150,0.34,0.7234,1,0.365,0.7765,36,0
IWM190906C151,2019-09-05,2019-09-05 09:32:44,0.38,0.8085,150,0.35,0.7446,186,0.34,0.7234,1,0.365,0.7765,36,0
IWM190906C151,2019-09-05,2019-09-05 09:32:44,0.38,0.8085,150,0.35,0.7446,150,0.34,0.7234,1,0.365,0.7765,36,0
IWM190906C151,2019-09-05,2019-09-05 09:32:45,0.38,0.8085,150,0.35,0.7446,150,0.34,0.7234,1,0.365,0.7765,36,0
IWM190906C151,2019-09-05,2019-09-05 09:32:45,0.38,0.8085,150,0.35,0.7446,206,0.34,0.7234,1,0.365,0.7765,36,0
IWM190906C151,2019-09-05,2019-09-05 09:32:46,0.38,0.8085,150,0.35,0.7446,150,0.34,0.7234,1,0.365,0.7765,36,0
IWM190906C151,2019-09-05,2019-09-05 09:32:47,0.38,0.8085,150,0.35,0.7446,150,0.34,0.7234,1,0.365,0.7765,36,0
IWM190906C151,2019-09-05,2019-09-05 09:32:47,0.38,0.8085,150,0.35,0.7446,140,0.34,0.7234,1,0.365,0.7765,36,0
IWM190906C151,2019-09-05,2019-09-05 09:32:48,0.38,0.8085,150,0.35,0.7446,140,0.34,0.7234,1,0.365,0.7765,36,0
IWM190906C151,2019-09-05,2019-09-05 09:32:48,0.38,0.8085,150,0.35,0.7446,208,0.34,0.7234,1,0.365,0.7765,36,0
IWM190906C151,2019-09-05,2019-09-05 09:32:49,0.38,0.8085,150,0.35,0.7446,208,0.34,0.7234,1,0.365,0.7765,36,0
IWM190906C151,2019-09-05,2019-09-05 09:32:50,0.38,0.8085,150,0.35,0.7446,208,0.34,0.7234,1,0.365,0.7765,36,0
IWM190906C151,2019-09-05,2019-09-05 09:32:50,0.38,0.8085,150,0.35,0.7446,218,0.34,0.7234,1,0.365,0.7765,36,0
IWM190906C151,2019-09-05,2019-09-05 09:32:51,0.38,0.8085,150,0.35,0.7446,191,0.34,0.7234,1,0.365,0.7765,36,0
IWM190906C151,2019-09-05,2019-09-05 09:32:51,0.38,0.8085,150,0.35,0.7446,218,0.34,0.7234,1,0.365,0.7765,36,0
IWM190906C151,2019-09-05,2019-09-05 09:32:52,0.38,0.8085,150,0.35,0.7446,191,0.34,0.7234,1,0.365,0.7765,36,0
IWM190906C151,2019-09-05,2019-09-05 09:32:52,0.38,0.8085,150,0.35,0.7446,201,0.34,0.7234,1,0.365,0.7765,36,0
IWM190906C151,2019-09-05,2019-09-05 09:32:53,0.38,0.8085,150,0.35,0.7446,214,0.34,0.7234,1,0.365,0.7765,36,0
IWM190906C151,2019-09-05,2019-09-05 09:32:53,0.38,0.8085,150,0.35,0.7446,224,0.34,0.7234,1,0.365,0.7765,36,0
IWM190906C151,2019-09-05,2019-09-05 09:32:54,0.38,0.8085,150,0.35,0.7446,224,0.34,0.7234,1,0.365,0.7765,36,0
IWM190906C151,2019-09-05,2019-09-05 09:32:55,0.38,0.8085,150,0.36,0.7659,17,0.34,0.7234,1,0.37,0.7872,36,0
IWM190906C151,2019-09-05,2019-09-05 09:32:55,0.38,0.8085,150,0.35,0.7446,224,0.34,0.7234,1,0.365,0.7765,36,0
IWM190906C151,2019-09-05,2019-09-05 09:32:56,0.38,0.8085,150,0.36,0.7659,66,0.34,0.7234,1,0.37,0.7872,36,0
IWM190906C151,2019-09-05,2019-09-05 09:32:56,0.38,0.8085,150,0.36,0.7659,17,0.34,0.7234,1,0.37,0.7872,36,0
IWM190906C151,2019-09-05,2019-09-05 09:32:57,0.38,0.8085,106,0.36,0.7659,124,0.34,0.7234,1,0.37,0.7872,36,0
IWM190906C151,2019-09-05,2019-09-05 09:32:58,0.38,0.8085,106,0.36,0.7659,76,0.34,0.7234,1,0.37,0.7872,36,0
IWM190906C151,2019-09-05,2019-09-05 09:32:59,0.38,0.8085,106,0.36,0.7659,76,0.34,0.7234,1,0.37,0.7872,36,0
IWM190906C151,2019-09-05,2019-09-05 09:33:00,0.38,0.8085,109,0.36,0.7659,12,0.34,0.7234,1,0.37,0.7872,36,0
IWM190906C151,2019-09-05,2019-09-05 09:33:00,0.38,0.8085,56,0.36,0.7659,103,0.34,0.7234,1,0.37,0.7872,36,0
IWM190906C151,2019-09-05,2019-09-05 09:33:01,0.39,0.8297,120,0.36,0.7659,109,0.34,0.7234,1,0.375,0.7978,36,0
IWM190906C151,2019-09-05,2019-09-05 09:33:02,0.39,0.8297,51,0.34,0.7234,98,0.34,0.7234,1,0.365,0.7765,36,0
IWM190906C151,2019-09-05,2019-09-05 09:33:02,0.39,0.8297,120,0.36,0.7659,110,0.34,0.7234,1,0.375,0.7978,36,0
IWM190906C151,2019-09-05,2019-09-05 09:33:03,0.39,0.8297,89,0.34,0.7234,113,0.34,0.7234,1,0.365,0.7765,36,0
IWM190906C151,2019-09-05,2019-09-05 09:33:04,0.39,0.8297,89,0.34,0.7234,113,0.34,0.7234,1,0.365,0.7765,36,0
IWM190906C151,2019-09-05,2019-09-05 09:33:04,0.39,0.8297,89,0.35,0.7446,9,0.34,0.7234,1,0.37,0.7872,36,0
IWM190906C151,2019-09-05,2019-09-05 09:33:05,0.39,0.8297,39,0.34,0.7234,155,0.34,0.7234,1,0.365,0.7765,36,0
IWM190906C151,2019-09-05,2019-09-05 09:33:05,0.39,0.8297,39,0.34,0.7234,165,0.34,0.7234,1,0.365,0.7765,36,0
IWM190906C151,2019-09-05,2019-09-05 09:33:06,0.39,0.8297,39,0.34,0.7234,216,0.34,0.7234,1,0.365,0.7765,36,0
IWM190906C151,2019-09-05,2019-09-05 09:33:06,0.39,0.8297,39,0.34,0.7234,178,0.34,0.7234,1,0.365,0.7765,36,0
IWM190906C151,2019-09-05,2019-09-05 09:33:07,0.4,0.851,80,0.34,0.7234,178,0.34,0.7234,1,0.37,0.7872,36,0
IWM190906C151,2019-09-05,2019-09-05 09:33:07,0.4,0.851,80,0.34,0.7234,188,0.34,0.7234,1,0.37,0.7872,36,0
IWM190906C151,2019-09-05,2019-09-05 09:33:08,0.4,0.851,80,0.34,0.7234,178,0.34,0.7234,1,0.37,0.7872,36,0
IWM190906C151,2019-09-05,2019-09-05 09:33:08,0.4,0.851,80,0.34,0.7234,175,0.34,0.7234,1,0.37,0.7872,36,0
IWM190906C151,2019-09-05,2019-09-05 09:33:09,0.4,0.851,80,0.34,0.7234,165,0.34,0.7234,1,0.37,0.7872,36,0
IWM190906C151,2019-09-05,2019-09-05 09:33:10,0.4,0.851,54,0.34,0.7234,149,0.34,0.7234,1,0.37,0.7872,36,0
IWM190906C151,2019-09-05,2019-09-05 09:33:10,0.39,0.8297,39,0.34,0.7234,88,0.34,0.7234,1,0.365,0.7765,36,0
IWM190906C151,2019-09-05,2019-09-05 09:33:11,0.4,0.851,54,0.34,0.7234,311,0.34,0.7234,1,0.37,0.7872,36,0
IWM190906C151,2019-09-05,2019-09-05 09:33:11,0.4,0.851,54,0.35,0.7446,128,0.34,0.7234,1,0.375,0.7978,36,0
IWM190906C151,2019-09-05,2019-09-05 09:33:12,0.4,0.851,54,0.35,0.7446,183,0.34,0.7234,1,0.375,0.7978,36,0
IWM190906C151,2019-09-05,2019-09-05 09:33:12,0.4,0.851,39,0.35,0.7446,183,0.34,0.7234,1,0.375,0.7978,36,0
IWM190906C151,2019-09-05,2019-09-05 09:33:13,0.4,0.851,39,0.35,0.7446,183,0.34,0.7234,1,0.375,0.7978,36,0
IWM190906C151,2019-09-05,2019-09-05 09:33:14,0.4,0.851,39,0.35,0.7446,183,0.34,0.7234,1,0.375,0.7978,36,0
IWM190906C151,2019-09-05,2019-09-05 09:33:14,0.4,0.851,39,0.35,0.7446,203,0.34,0.7234,1,0.375,0.7978,36,0
IWM190906C151,2019-09-05,2019-09-05 09:33:15,0.4,0.851,39,0.35,0.7446,203,0.34,0.7234,1,0.375,0.7978,36,0
IWM190906C151,2019-09-05,2019-09-05 09:33:16,0.4,0.851,39,0.35,0.7446,203,0.34,0.7234,1,0.375,0.7978,36,0
IWM190906C151,2019-09-05,2019-09-05 09:33:16,0.41,0.8723,152,0.35,0.7446,231,0.34,0.7234,1,0.38,0.8085,36,0
IWM190906C151,2019-09-05,2019-09-05 09:33:17,0.41,0.8723,204,0.35,0.7446,99,0.34,0.7234,1,0.38,0.8085,36,0
IWM190906C151,2019-09-05,2019-09-05 09:33:18,0.41,0.8723,204,0.36,0.7659,145,0.34,0.7234,1,0.385,0.8191,36,0
IWM190906C151,2019-09-05,2019-09-05 09:33:18,0.41,0.8723,204,0.36,0.7659,136,0.34,0.7234,1,0.385,0.8191,36,0
IWM190906C151,2019-09-05,2019-09-05 09:33:19,0.4,0.851,39,0.36,0.7659,83,0.34,0.7234,1,0.38,0.8085,36,0
IWM190906C151,2019-09-05,2019-09-05 09:33:19,0.4,0.851,39,0.36,0.7659,88,0.34,0.7234,1,0.38,0.8085,36,0
IWM190906C151,2019-09-05,2019-09-05 09:33:20,0.4,0.851,39,0.36,0.7659,83,0.34,0.7234,1,0.38,0.8085,36,0
IWM190906C151,2019-09-05,2019-09-05 09:33:21,0.4,0.851,39,0.36,0.7659,83,0.34,0.7234,1,0.38,0.8085,36,0
IWM190906C151,2019-09-05,2019-09-05 09:33:22,0.4,0.851,39,0.36,0.7659,108,0.34,0.7234,1,0.38,0.8085,36,0
IWM190906C151,2019-09-05,2019-09-05 09:33:23,0.4,0.851,39,0.37,0.7872,15,0.34,0.7234,1,0.385,0.8191,36,0
IWM190906C151,2019-09-05,2019-09-05 09:33:24,0.4,0.851,41,0.36,0.7659,29,0.34,0.7234,1,0.38,0.8085,36,0
IWM190906C151,2019-09-05,2019-09-05 09:33:24,0.4,0.851,41,0.36,0.7659,42,0.34,0.7234,1,0.38,0.8085,36,0
IWM190906C151,2019-09-05,2019-09-05 09:33:25,0.4,0.851,41,0.36,0.7659,42,0.34,0.7234,1,0.38,0.8085,36,0
IWM190906C151,2019-09-05,2019-09-05 09:33:25,0.4,0.851,41,0.35,0.7446,90,0.34,0.7234,1,0.375,0.7978,36,0
IWM190906C151,2019-09-05,2019-09-05 09:33:26,0.4,0.851,41,0.35,0.7446,95,0.34,0.7234,1,0.375,0.7978,36,0
IWM190906C151,2019-09-05,2019-09-05 09:33:27,0.39,0.8297,152,0.35,0.7446,95,0.34,0.7234,1,0.37,0.7872,36,0
IWM190906C151,2019-09-05,2019-09-05 09:33:27,0.39,0.8297,152,0.35,0.7446,119,0.34,0.7234,1,0.37,0.7872,36,0
IWM190906C151,2019-09-05,2019-09-05 09:33:28,0.39,0.8297,170,0.35,0.7446,119,0.34,0.7234,1,0.37,0.7872,36,0
IWM190906C151,2019-09-05,2019-09-05 09:33:29,0.39,0.8297,39,0.35,0.7446,55,0.36,0.7659,1,0.37,0.7872,39,3
IWM190906C151,2019-09-05,2019-09-05 09:33:29,0.39,0.8297,170,0.36,0.7659,1,0.34,0.7234,1,0.375,0.7978,36,0
IWM190906C151,2019-09-05,2019-09-05 09:33:30,0.39,0.8297,39,0.35,0.7446,60,0.36,0.7659,1,0.37,0.7872,39,0
IWM190906C151,2019-09-05,2019-09-05 09:33:30,0.36,0.7659,12,0.34,0.7234,1,0.36,0.7659,1,0.35,0.7446,39,0
IWM190906C151,2019-09-05,2019-09-05 09:33:31,0.36,0.7659,12,0.34,0.7234,398,0.36,0.7659,1,0.35,0.7446,39,0
IWM190906C151,2019-09-05,2019-09-05 09:33:31,0.36,0.7659,12,0.35,0.7446,11,0.36,0.7659,1,0.355,0.7553,39,0
IWM190906C151,2019-09-05,2019-09-05 09:33:32,0.36,0.7659,12,0.35,0.7446,11,0.36,0.7659,1,0.355,0.7553,39,0
IWM190906C151,2019-09-05,2019-09-05 09:33:33,0.36,0.7659,12,0.35,0.7446,11,0.36,0.7659,1,0.355,0.7553,39,0
IWM190906C151,2019-09-05,2019-09-05 09:33:34,0.36,0.7659,12,0.35,0.7446,11,0.36,0.7659,1,0.355,0.7553,39,0
IWM190906C151,2019-09-05,2019-09-05 09:33:35,0.36,0.7659,12,0.35,0.7446,11,0.36,0.7659,1,0.355,0.7553,39,0
IWM190906C151,2019-09-05,2019-09-05 09:33:36,0.36,0.7659,12,0.35,0.7446,11,0.36,0.7659,1,0.355,0.7553,39,0
IWM190906C151,2019-09-05,2019-09-05 09:33:37,0.36,0.7659,12,0.35,0.7446,11,0.36,0.7659,1,0.355,0.7553,39,0
IWM190906C151,2019-09-05,2019-09-05 09:33:38,0.36,0.7659,12,0.34,0.7234,50,0.36,0.7659,1,0.35,0.7446,39,0
IWM190906C151,2019-09-05,2019-09-05 09:33:39,0.36,0.7659,12,0.34,0.7234,25,0.36,0.7659,1,0.35,0.7446,39,0
IWM190906C151,2019-09-05,2019-09-05 09:33:39,0.36,0.7659,12,0.34,0.7234,85,0.36,0.7659,1,0.35,0.7446,39,0
IWM190906C151,2019-09-05,2019-09-05 09:33:40,0.36,0.7659,12,0.34,0.7234,72,0.36,0.7659,1,0.35,0.7446,39,0
IWM190906C151,2019-09-05,2019-09-05 09:33:40,0.36,0.7659,12,0.33,0.7021,79,0.36,0.7659,1,0.345,0.734,39,0
IWM190906C151,2019-09-05,2019-09-05 09:33:41,0.36,0.7659,12,0.32,0.6808,25,0.36,0.7659,1,0.34,0.7234,39,0
IWM190906C151,2019-09-05,2019-09-05 09:33:41,0.36,0.7659,12,0.33,0.7021,25,0.36,0.7659,1,0.345,0.734,39,0
IWM190906C151,2019-09-05,2019-09-05 09:33:42,0.36,0.7659,12,0.33,0.7021,4,0.36,0.7659,1,0.345,0.734,39,0
IWM190906C151,2019-09-05,2019-09-05 09:33:43,0.36,0.7659,12,0.33,0.7021,4,0.36,0.7659,1,0.345,0.734,39,0
IWM190906C151,2019-09-05,2019-09-05 09:33:43,0.36,0.7659,12,0.33,0.7021,49,0.36,0.7659,1,0.345,0.734,39,0
IWM190906C151,2019-09-05,2019-09-05 09:33:44,0.36,0.7659,51,0.33,0.7021,4,0.36,0.7659,1,0.345,0.734,39,0
IWM190906C151,2019-09-05,2019-09-05 09:33:44,0.36,0.7659,53,0.32,0.6808,57,0.36,0.7659,1,0.34,0.7234,39,0
IWM190906C151,2019-09-05,2019-09-05 09:33:45,0.35,0.7446,40,0.31,0.6595,88,0.36,0.7659,1,0.33,0.7021,39,0
IWM190906C151,2019-09-05,2019-09-05 09:33:45,0.35,0.7446,3,0.31,0.6595,88,0.36,0.7659,1,0.33,0.7021,39,0
IWM190906C151,2019-09-05,2019-09-05 09:33:46,0.35,0.7446,40,0.31,0.6595,88,0.36,0.7659,1,0.33,0.7021,39,0
IWM190906C151,2019-09-05,2019-09-05 09:33:46,0.35,0.7446,63,0.31,0.6595,88,0.36,0.7659,1,0.33,0.7021,39,0
IWM190906C151,2019-09-05,2019-09-05 09:33:47,0.34,0.7234,88,0.29,0.617,25,0.36,0.7659,1,0.315,0.6702,39,0
IWM190906C151,2019-09-05,2019-09-05 09:33:47,0.35,0.7446,39,0.3,0.6382,25,0.36,0.7659,1,0.325,0.6914,39,0
IWM190906C151,2019-09-05,2019-09-05 09:33:48,0.34,0.7234,87,0.3,0.6382,47,0.36,0.7659,1,0.32,0.6808,39,0
IWM190906C151,2019-09-05,2019-09-05 09:33:48,0.34,0.7234,87,0.29,0.617,112,0.36,0.7659,1,0.315,0.6702,39,0
IWM190906C151,2019-09-05,2019-09-05 09:33:49,0.34,0.7234,87,0.3,0.6382,47,0.36,0.7659,1,0.32,0.6808,39,0
IWM190906C151,2019-09-05,2019-09-05 09:33:49,0.34,0.7234,87,0.3,0.6382,24,0.36,0.7659,1,0.32,0.6808,39,0
IWM190906C151,2019-09-05,2019-09-05 09:33:50,0.34,0.7234,45,0.3,0.6382,50,0.36,0.7659,1,0.32,0.6808,39,0
IWM190906C151,2019-09-05,2019-09-05 09:33:50,0.34,0.7234,49,0.3,0.6382,24,0.36,0.7659,1,0.32,0.6808,39,0
IWM190906C151,2019-09-05,2019-09-05 09:33:51,0.34,0.7234,74,0.3,0.6382,23,0.36,0.7659,1,0.32,0.6808,39,0
IWM190906C151,2019-09-05,2019-09-05 09:33:51,0.34,0.7234,163,0.3,0.6382,57,0.36,0.7659,1,0.32,0.6808,39,0
IWM190906C151,2019-09-05,2019-09-05 09:33:52,0.34,0.7234,163,0.3,0.6382,57,0.36,0.7659,1,0.32,0.6808,39,0
IWM190906C151,2019-09-05,2019-09-05 09:33:52,0.34,0.7234,163,0.3,0.6382,86,0.36,0.7659,1,0.32,0.6808,39,0
IWM190906C151,2019-09-05,2019-09-05 09:33:53,0.35,0.7446,39,0.31,0.6595,109,0.36,0.7659,1,0.33,0.7021,39,0
IWM190906C151,2019-09-05,2019-09-05 09:33:53,0.35,0.7446,39,0.31,0.6595,85,0.36,0.7659,1,0.33,0.7021,39,0
IWM190906C151,2019-09-05,2019-09-05 09:33:54,0.35,0.7446,39,0.31,0.6595,109,0.36,0.7659,1,0.33,0.7021,39,0
IWM190906C151,2019-09-05,2019-09-05 09:33:55,0.36,0.7659,52,0.31,0.6595,133,0.36,0.7659,1,0.335,0.7127,39,0
IWM190906C151,2019-09-05,2019-09-05 09:33:55,0.36,0.7659,179,0.32,0.6808,74,0.36,0.7659,1,0.34,0.7234,39,0
IWM190906C151,2019-09-05,2019-09-05 09:33:56,0.35,0.7446,39,0.32,0.6808,27,0.36,0.7659,1,0.335,0.7127,39,0
IWM190906C151,2019-09-05,2019-09-05 09:33:56,0.35,0.7446,39,0.32,0.6808,34,0.36,0.7659,1,0.335,0.7127,39,0
IWM190906C151,2019-09-05,2019-09-05 09:33:57,0.34,0.7234,39,0.3,0.6382,85,0.36,0.7659,1,0.32,0.6808,39,0
IWM190906C151,2019-09-05,2019-09-05 09:33:57,0.35,0.7446,41,0.32,0.6808,27,0.36,0.7659,1,0.335,0.7127,39,0
IWM190906C151,2019-09-05,2019-09-05 09:33:58,0.34,0.7234,39,0.3,0.6382,85,0.36,0.7659,1,0.32,0.6808,39,0
IWM190906C151,2019-09-05,2019-09-05 09:33:58,0.34,0.7234,39,0.31,0.6595,1,0.36,0.7659,1,0.325,0.6914,39,0
IWM190906C151,2019-09-05,2019-09-05 09:33:59,0.34,0.7234,39,0.31,0.6595,2,0.36,0.7659,1,0.325,0.6914,39,0
IWM190906C151,2019-09-05,2019-09-05 09:33:59,0.34,0.7234,39,0.31,0.6595,1,0.36,0.7659,1,0.325,0.6914,39,0
IWM190906C151,2019-09-05,2019-09-05 09:34:00,0.34,0.7234,39,0.3,0.6382,84,0.36,0.7659,1,0.32,0.6808,39,0
IWM190906C151,2019-09-05,2019-09-05 09:34:00,0.34,0.7234,39,0.31,0.6595,1,0.36,0.7659,1,0.325,0.6914,39,0
IWM190906C151,2019-09-05,2019-09-05 09:34:01,0.34,0.7234,41,0.3,0.6382,84,0.36,0.7659,1,0.32,0.6808,39,0
IWM190906C151,2019-09-05,2019-09-05 09:34:02,0.34,0.7234,41,0.29,0.617,84,0.36,0.7659,1,0.315,0.6702,39,0
IWM190906C151,2019-09-05,2019-09-05 09:34:03,0.33,0.7021,161,0.29,0.617,84,0.36,0.7659,1,0.31,0.6595,39,0
IWM190906C151,2019-09-05,2019-09-05 09:34:03,0.33,0.7021,39,0.29,0.617,84,0.36,0.7659,1,0.31,0.6595,39,0
IWM190906C151,2019-09-05,2019-09-05 09:34:04,0.33,0.7021,195,0.29,0.617,84,0.36,0.7659,1,0.31,0.6595,39,0
IWM190906C151,2019-09-05,2019-09-05 09:34:04,0.32,0.6808,39,0.28,0.5957,83,0.36,0.7659,1,0.3,0.6382,39,0
IWM190906C151,2019-09-05,2019-09-05 09:34:05,0.32,0.6808,39,0.28,0.5957,83,0.36,0.7659,1,0.3,0.6382,39,0
IWM190906C151,2019-09-05,2019-09-05 09:34:06,0.32,0.6808,117,0.28,0.5957,83,0.36,0.7659,1,0.3,0.6382,39,0
IWM190906C151,2019-09-05,2019-09-05 09:34:07,0.32,0.6808,117,0.28,0.5957,83,0.36,0.7659,1,0.3,0.6382,39,0
IWM190906C151,2019-09-05,2019-09-05 09:34:09,0.31,0.6595,39,0.27,0.5744,83,0.36,0.7659,1,0.29,0.617,39,0
IWM190906C151,2019-09-05,2019-09-05 09:34:09,0.32,0.6808,117,0.28,0.5957,108,0.36,0.7659,1,0.3,0.6382,39,0
IWM190906C151,2019-09-05,2019-09-05 09:34:10,0.31,0.6595,39,0.27,0.5744,107,0.36,0.7659,1,0.29,0.617,39,0
IWM190906C151,2019-09-05,2019-09-05 09:34:10,0.31,0.6595,39,0.28,0.5957,1,0.36,0.7659,1,0.295,0.6276,39,0
IWM190906C151,2019-09-05,2019-09-05 09:34:11,0.31,0.6595,39,0.27,0.5744,82,0.36,0.7659,1,0.29,0.617,39,0
IWM190906C151,2019-09-05,2019-09-05 09:34:11,0.31,0.6595,39,0.28,0.5957,73,0.36,0.7659,1,0.295,0.6276,39,0
IWM190906C151,2019-09-05,2019-09-05 09:34:12,0.31,0.6595,39,0.28,0.5957,98,0.36,0.7659,1,0.295,0.6276,39,0
IWM190906C151,2019-09-05,2019-09-05 09:34:13,0.31,0.6595,39,0.28,0.5957,98,0.36,0.7659,1,0.295,0.6276,39,0
IWM190906C151,2019-09-05,2019-09-05 09:34:14,0.31,0.6595,39,0.28,0.5957,98,0.36,0.7659,1,0.295,0.6276,39,0
IWM190906C151,2019-09-05,2019-09-05 09:34:14,0.31,0.6595,39,0.29,0.617,15,0.36,0.7659,1,0.3,0.6382,39,0
IWM190906C151,2019-09-05,2019-09-05 09:34:15,0.31,0.6595,39,0.28,0.5957,56,0.36,0.7659,1,0.295,0.6276,39,0
IWM190906C151,2019-09-05,2019-09-05 09:34:16,0.31,0.6595,39,0.28,0.5957,56,0.36,0.7659,1,0.295,0.6276,39,0
IWM190906C151,2019-09-05,2019-09-05 09:34:16,0.31,0.6595,39,0.28,0.5957,89,0.36,0.7659,1,0.295,0.6276,39,0
IWM190906C151,2019-09-05,2019-09-05 09:34:17,0.32,0.6808,39,0.28,0.5957,80,0.36,0.7659,1,0.3,0.6382,39,0
IWM190906C151,2019-09-05,2019-09-05 09:34:18,0.32,0.6808,125,0.3,0.6382,9,0.36,0.7659,1,0.31,0.6595,39,0
IWM190906C151,2019-09-05,2019-09-05 09:34:18,0.32,0.6808,1,0.29,0.617,64,0.36,0.7659,1,0.305,0.6489,39,0
IWM190906C151,2019-09-05,2019-09-05 09:34:19,0.32,0.6808,1,0.29,0.617,80,0.36,0.7659,1,0.305,0.6489,39,0
IWM190906C151,2019-09-05,2019-09-05 09:34:20,0.32,0.6808,1,0.29,0.617,80,0.36,0.7659,1,0.305,0.6489,39,0
IWM190906C151,2019-09-05,2019-09-05 09:34:20,0.32,0.6808,1,0.29,0.617,79,0.36,0.7659,1,0.305,0.6489,39,0
IWM190906C151,2019-09-05,2019-09-05 09:34:21,0.32,0.6808,1,0.29,0.617,79,0.36,0.7659,1,0.305,0.6489,39,0
IWM190906C151,2019-09-05,2019-09-05 09:34:22,0.33,0.7021,39,0.3,0.6382,79,0.36,0.7659,1,0.315,0.6702,39,0
IWM190906C151,2019-09-05,2019-09-05 09:34:23,0.33,0.7021,39,0.3,0.6382,79,0.36,0.7659,1,0.315,0.6702,39,0
IWM190906C151,2019-09-05,2019-09-05 09:34:24,0.33,0.7021,39,0.31,0.6595,21,0.36,0.7659,1,0.32,0.6808,39,0
IWM190906C151,2019-09-05,2019-09-05 09:34:24,0.33,0.7021,39,0.3,0.6382,53,0.36,0.7659,1,0.315,0.6702,39,0
IWM190906C151,2019-09-05,2019-09-05 09:34:25,0.33,0.7021,39,0.3,0.6382,78,0.36,0.7659,1,0.315,0.6702,39,0
IWM190906C151,2019-09-05,2019-09-05 09:34:25,0.33,0.7021,39,0.3,0.6382,70,0.36,0.7659,1,0.315,0.6702,39,0
IWM190906C151,2019-09-05,2019-09-05 09:34:26,0.33,0.7021,39,0.3,0.6382,53,0.36,0.7659,1,0.315,0.6702,39,0
IWM190906C151,2019-09-05,2019-09-05 09:34:26,0.33,0.7021,39,0.3,0.6382,78,0.36,0.7659,1,0.315,0.6702,39,0
IWM190906C151,2019-09-05,2019-09-05 09:34:27,0.33,0.7021,159,0.3,0.6382,52,0.36,0.7659,1,0.315,0.6702,39,0
IWM190906C151,2019-09-05,2019-09-05 09:34:27,0.33,0.7021,159,0.29,0.617,104,0.36,0.7659,1,0.31,0.6595,39,0
IWM190906C151,2019-09-05,2019-09-05 09:34:28,0.33,0.7021,159,0.29,0.617,105,0.36,0.7659,1,0.31,0.6595,39,0
IWM190906C151,2019-09-05,2019-09-05 09:34:29,0.32,0.6808,1,0.29,0.617,105,0.36,0.7659,1,0.305,0.6489,39,0
IWM190906C151,2019-09-05,2019-09-05 09:34:29,0.33,0.7021,159,0.29,0.617,105,0.36,0.7659,1,0.31,0.6595,39,0
IWM190906C151,2019-09-05,2019-09-05 09:34:30,0.31,0.6595,1,0.28,0.5957,55,0.36,0.7659,1,0.295,0.6276,39,0
IWM190906C151,2019-09-05,2019-09-05 09:34:31,0.31,0.6595,1,0.28,0.5957,55,0.36,0.7659,1,0.295,0.6276,39,0
IWM190906C151,2019-09-05,2019-09-05 09:34:32,0.31,0.6595,1,0.28,0.5957,55,0.36,0.7659,1,0.295,0.6276,39,0
IWM190906C151,2019-09-05,2019-09-05 09:34:33,0.32,0.6808,39,0.3,0.6382,6,0.36,0.7659,1,0.31,0.6595,39,0
IWM190906C151,2019-09-05,2019-09-05 09:34:33,0.31,0.6595,1,0.28,0.5957,55,0.36,0.7659,1,0.295,0.6276,39,0
IWM190906C151,2019-09-05,2019-09-05 09:34:34,0.32,0.6808,39,0.3,0.6382,4,0.36,0.7659,1,0.31,0.6595,39,0
IWM190906C151,2019-09-05,2019-09-05 09:34:34,0.32,0.6808,39,0.3,0.6382,80,0.36,0.7659,1,0.31,0.6595,39,0
IWM190906C151,2019-09-05,2019-09-05 09:34:35,0.32,0.6808,39,0.31,0.6595,4,0.36,0.7659,1,0.315,0.6702,39,0
IWM190906C151,2019-09-05,2019-09-05 09:34:35,0.32,0.6808,39,0.3,0.6382,76,0.36,0.7659,1,0.31,0.6595,39,0
IWM190906C151,2019-09-05,2019-09-05 09:34:36,0.33,0.7021,39,0.31,0.6595,4,0.36,0.7659,1,0.32,0.6808,39,0
IWM190906C151,2019-09-05,2019-09-05 09:34:36,0.33,0.7021,39,0.3,0.6382,59,0.36,0.7659,1,0.315,0.6702,39,0
IWM190906C151,2019-09-05,2019-09-05 09:34:37,0.33,0.7021,63,0.3,0.6382,19,0.36,0.7659,1,0.315,0.6702,39,0
IWM190906C151,2019-09-05,2019-09-05 09:34:37,0.33,0.7021,39,0.31,0.6595,4,0.36,0.7659,1,0.32,0.6808,39,0
IWM190906C151,2019-09-05,2019-09-05 09:34:38,0.32,0.6808,4,0.31,0.6595,4,0.36,0.7659,1,0.315,0.6702,39,0
IWM190906C151,2019-09-05,2019-09-05 09:34:39,0.32,0.6808,4,0.31,0.6595,6,0.36,0.7659,1,0.315,0.6702,39,0
IWM190906C151,2019-09-05,2019-09-05 09:34:39,0.32,0.6808,4,0.31,0.6595,4,0.36,0.7659,1,0.315,0.6702,39,0
IWM190906C151,2019-09-05,2019-09-05 09:34:40,0.33,0.7021,4,0.31,0.6595,4,0.36,0.7659,1,0.32,0.6808,39,0
IWM190906C151,2019-09-05,2019-09-05 09:34:40,0.33,0.7021,39,0.31,0.6595,4,0.36,0.7659,1,0.32,0.6808,39,0
IWM190906C151,2019-09-05,2019-09-05 09:34:41,0.33,0.7021,4,0.31,0.6595,4,0.36,0.7659,1,0.32,0.6808,39,0
IWM190906C151,2019-09-05,2019-09-05 09:34:42,0.32,0.6808,10,0.3,0.6382,8,0.36,0.7659,1,0.31,0.6595,39,0
IWM190906C151,2019-09-05,2019-09-05 09:34:42,0.32,0.6808,4,0.3,0.6382,8,0.36,0.7659,1,0.31,0.6595,39,0
IWM190906C151,2019-09-05,2019-09-05 09:34:43,0.32,0.6808,4,0.3,0.6382,8,0.36,0.7659,1,0.31,0.6595,39,0
IWM190906C151,2019-09-05,2019-09-05 09:34:44,0.32,0.6808,4,0.3,0.6382,8,0.36,0.7659,1,0.31,0.6595,39,0
IWM190906C151,2019-09-05,2019-09-05 09:34:45,0.32,0.6808,4,0.3,0.6382,8,0.36,0.7659,1,0.31,0.6595,39,0
IWM190906C151,2019-09-05,2019-09-05 09:34:46,0.32,0.6808,4,0.3,0.6382,8,0.36,0.7659,1,0.31,0.6595,39,0
IWM190906C151,2019-09-05,2019-09-05 09:34:47,0.31,0.6595,4,0.29,0.617,20,0.36,0.7659,1,0.3,0.6382,39,0
IWM190906C151,2019-09-05,2019-09-05 09:34:47,0.31,0.6595,4,0.29,0.617,67,0.36,0.7659,1,0.3,0.6382,39,0
IWM190906C151,2019-09-05,2019-09-05 09:34:48,0.32,0.6808,39,0.29,0.617,20,0.36,0.7659,1,0.305,0.6489,39,0
IWM190906C151,2019-09-05,2019-09-05 09:34:48,0.31,0.6595,4,0.29,0.617,20,0.36,0.7659,1,0.3,0.6382,39,0
IWM190906C151,2019-09-05,2019-09-05 09:34:49,0.32,0.6808,39,0.29,0.617,20,0.36,0.7659,1,0.305,0.6489,39,0
IWM190906C151,2019-09-05,2019-09-05 09:34:49,0.31,0.6595,4,0.29,0.617,30,0.36,0.7659,1,0.3,0.6382,39,0
IWM190906C151,2019-09-05,2019-09-05 09:34:50,0.31,0.6595,4,0.29,0.617,6,0.36,0.7659,1,0.3,0.6382,39,0
IWM190906C151,2019-09-05,2019-09-05 09:34:51,0.31,0.6595,4,0.29,0.617,6,0.36,0.7659,1,0.3,0.6382,39,0
IWM190906C151,2019-09-05,2019-09-05 09:34:52,0.31,0.6595,10,0.29,0.617,8,0.36,0.7659,1,0.3,0.6382,39,0
IWM190906C151,2019-09-05,2019-09-05 09:34:52,0.31,0.6595,5,0.29,0.617,8,0.36,0.7659,1,0.3,0.6382,39,0
IWM190906C151,2019-09-05,2019-09-05 09:34:53,0.31,0.6595,5,0.29,0.617,8,0.36,0.7659,1,0.3,0.6382,39,0
IWM190906C151,2019-09-05,2019-09-05 09:34:54,0.31,0.6595,5,0.29,0.617,8,0.36,0.7659,1,0.3,0.6382,39,0
IWM190906C151,2019-09-05,2019-09-05 09:34:55,0.3,0.6382,4,0.29,0.617,8,0.36,0.7659,1,0.295,0.6276,39,0
IWM190906C151,2019-09-05,2019-09-05 09:34:56,0.3,0.6382,4,0.29,0.617,8,0.36,0.7659,1,0.295,0.6276,39,0
IWM190906C151,2019-09-05,2019-09-05 09:34:57,0.3,0.6382,4,0.29,0.617,8,0.36,0.7659,1,0.295,0.6276,39,0
IWM190906C151,2019-09-05,2019-09-05 09:34:58,0.3,0.6382,4,0.29,0.617,8,0.36,0.7659,1,0.295,0.6276,39,0
IWM190906C151,2019-09-05,2019-09-05 09:34:59,0.3,0.6382,4,0.28,0.5957,26,0.36,0.7659,1,0.29,0.617,39,0
IWM190906C151,2019-09-05,2019-09-05 09:35:00,0.29,0.617,4,0.27,0.5744,41,0.36,0.7659,1,0.28,0.5957,39,0
IWM190906C151,2019-09-05,2019-09-05 09:35:00,0.3,0.6382,4,0.27,0.5744,4,0.36,0.7659,1,0.285,0.6063,39,0
IWM190906C151,2019-09-05,2019-09-05 09:35:01,0.3,0.6382,39,0.27,0.5744,68,0.28,0.5957,3,0.285,0.6063,42,3
IWM190906C151,2019-09-05,2019-09-05 09:35:02,0.3,0.6382,4,0.28,0.5957,17,0.28,0.5957,3,0.29,0.617,42,0
IWM190906C151,2019-09-05,2019-09-05 09:35:02,0.3,0.6382,39,0.28,0.5957,8,0.28,0.5957,3,0.29,0.617,42,0
IWM190906C151,2019-09-05,2019-09-05 09:35:03,0.31,0.6595,39,0.3,0.6382,4,0.28,0.5957,3,0.305,0.6489,42,0
IWM190906C151,2019-09-05,2019-09-05 09:35:03,0.31,0.6595,39,0.28,0.5957,13,0.28,0.5957,3,0.295,0.6276,42,0
IWM190906C151,2019-09-05,2019-09-05 09:35:04,0.31,0.6595,4,0.29,0.617,6,0.28,0.5957,3,0.3,0.6382,42,0
IWM190906C151,2019-09-05,2019-09-05 09:35:05,0.31,0.6595,4,0.29,0.617,6,0.28,0.5957,3,0.3,0.6382,42,0
IWM190906C151,2019-09-05,2019-09-05 09:35:06,0.31,0.6595,4,0.29,0.617,6,0.28,0.5957,3,0.3,0.6382,42,0
IWM190906C151,2019-09-05,2019-09-05 09:35:07,0.31,0.6595,4,0.29,0.617,4,0.28,0.5957,3,0.3,0.6382,42,0
IWM190906C151,2019-09-05,2019-09-05 09:35:08,0.31,0.6595,4,0.29,0.617,4,0.28,0.5957,3,0.3,0.6382,42,0
IWM190906C151,2019-09-05,2019-09-05 09:35:09,0.31,0.6595,4,0.3,0.6382,6,0.28,0.5957,3,0.305,0.6489,42,0
IWM190906C151,2019-09-05,2019-09-05 09:35:09,0.32,0.6808,39,0.3,0.6382,4,0.28,0.5957,3,0.31,0.6595,42,0
IWM190906C151,2019-09-05,2019-09-05 09:35:10,0.32,0.6808,39,0.3,0.6382,4,0.28,0.5957,3,0.31,0.6595,42,0
IWM190906C151,2019-09-05,2019-09-05 09:35:11,0.32,0.6808,39,0.3,0.6382,4,0.28,0.5957,3,0.31,0.6595,42,0
IWM190906C151,2019-09-05,2019-09-05 09:35:11,0.32,0.6808,59,0.3,0.6382,4,0.28,0.5957,3,0.31,0.6595,42,0
IWM190906C151,2019-09-05,2019-09-05 09:35:12,0.32,0.6808,39,0.3,0.6382,6,0.28,0.5957,3,0.31,0.6595,42,0
IWM190906C151,2019-09-05,2019-09-05 09:35:12,0.32,0.6808,39,0.3,0.6382,4,0.28,0.5957,3,0.31,0.6595,42,0
IWM190906C151,2019-09-05,2019-09-05 09:35:13,0.32,0.6808,39,0.3,0.6382,4,0.28,0.5957,3,0.31,0.6595,42,0
IWM190906C151,2019-09-05,2019-09-05 09:35:13,0.32,0.6808,39,0.3,0.6382,6,0.28,0.5957,3,0.31,0.6595,42,0
IWM190906C151,2019-09-05,2019-09-05 09:35:14,0.32,0.6808,39,0.3,0.6382,6,0.28,0.5957,3,0.31,0.6595,42,0
IWM190906C151,2019-09-05,2019-09-05 09:35:15,0.32,0.6808,39,0.3,0.6382,6,0.28,0.5957,3,0.31,0.6595,42,0
IWM190906C151,2019-09-05,2019-09-05 09:35:15,0.32,0.6808,39,0.3,0.6382,8,0.28,0.5957,3,0.31,0.6595,42,0
IWM190906C151,2019-09-05,2019-09-05 09:35:16,0.31,0.6595,4,0.29,0.617,4,0.28,0.5957,3,0.3,0.6382,42,0
IWM190906C151,2019-09-05,2019-09-05 09:35:17,0.3,0.6382,4,0.28,0.5957,6,0.28,0.5957,3,0.29,0.617,42,0
IWM190906C151,2019-09-05,2019-09-05 09:35:17,0.31,0.6595,39,0.29,0.617,4,0.28,0.5957,3,0.3,0.6382,42,0
IWM190906C151,2019-09-05,2019-09-05 09:35:18,0.3,0.6382,4,0.29,0.617,43,0.29,0.617,1,0.295,0.6276,43,1
IWM190906C151,2019-09-05,2019-09-05 09:35:18,0.3,0.6382,4,0.29,0.617,43,0.29,0.617,1,0.295,0.6276,43,0
IWM190906C151,2019-09-05,2019-09-05 09:35:19,0.3,0.6382,4,0.28,0.5957,63,0.29,0.617,1,0.29,0.617,43,0
IWM190906C151,2019-09-05,2019-09-05 09:35:20,0.3,0.6382,20,0.28,0.5957,57,0.29,0.617,1,0.29,0.617,43,0
IWM190906C151,2019-09-05,2019-09-05 09:35:20,0.3,0.6382,20,0.28,0.5957,38,0.29,0.617,1,0.29,0.617,43,0
IWM190906C151,2019-09-05,2019-09-05 09:35:21,0.3,0.6382,20,0.28,0.5957,38,0.29,0.617,1,0.29,0.617,43,0
IWM190906C151,2019-09-05,2019-09-05 09:35:22,0.3,0.6382,20,0.28,0.5957,38,0.29,0.617,1,0.29,0.617,43,0
IWM190906C151,2019-09-05,2019-09-05 09:35:22,0.31,0.6595,62,0.28,0.5957,82,0.29,0.617,1,0.295,0.6276,43,0
IWM190906C151,2019-09-05,2019-09-05 09:35:23,0.3,0.6382,4,0.28,0.5957,62,0.29,0.617,1,0.29,0.617,43,0
IWM190906C151,2019-09-05,2019-09-05 09:35:23,0.31,0.6595,51,0.29,0.617,58,0.29,0.617,1,0.3,0.6382,43,0
IWM190906C151,2019-09-05,2019-09-05 09:35:24,0.3,0.6382,150,0.28,0.5957,81,0.29,0.617,1,0.29,0.617,43,0
IWM190906C151,2019-09-05,2019-09-05 09:35:24,0.3,0.6382,4,0.28,0.5957,62,0.29,0.617,1,0.29,0.617,43,0
IWM190906C151,2019-09-05,2019-09-05 09:35:25,0.3,0.6382,150,0.28,0.5957,106,0.29,0.617,1,0.29,0.617,43,0
IWM190906C151,2019-09-05,2019-09-05 09:35:25,0.3,0.6382,150,0.28,0.5957,87,0.29,0.617,1,0.29,0.617,43,0
IWM190906C151,2019-09-05,2019-09-05 09:35:26,0.3,0.6382,150,0.28,0.5957,102,0.29,0.617,1,0.29,0.617,43,0
IWM190906C151,2019-09-05,2019-09-05 09:35:27,0.3,0.6382,150,0.28,0.5957,106,0.29,0.617,1,0.29,0.617,43,0
IWM190906C151,2019-09-05,2019-09-05 09:35:27,0.31,0.6595,64,0.3,0.6382,4,0.29,0.617,1,0.305,0.6489,43,0
IWM190906C151,2019-09-05,2019-09-05 09:35:28,0.32,0.6808,150,0.3,0.6382,83,0.29,0.617,1,0.31,0.6595,43,0
IWM190906C151,2019-09-05,2019-09-05 09:35:28,0.32,0.6808,150,0.3,0.6382,62,0.29,0.617,1,0.31,0.6595,43,0
IWM190906C151,2019-09-05,2019-09-05 09:35:29,0.32,0.6808,150,0.3,0.6382,80,0.29,0.617,1,0.31,0.6595,43,0
IWM190906C151,2019-09-05,2019-09-05 09:35:29,0.32,0.6808,150,0.31,0.6595,8,0.29,0.617,1,0.315,0.6702,43,0
IWM190906C151,2019-09-05,2019-09-05 09:35:30,0.33,0.7021,113,0.31,0.6595,10,0.29,0.617,1,0.32,0.6808,43,0
IWM190906C151,2019-09-05,2019-09-05 09:35:30,0.32,0.6808,90,0.31,0.6595,8,0.29,0.617,1,0.315,0.6702,43,0
IWM190906C151,2019-09-05,2019-09-05 09:35:31,0.32,0.6808,4,0.3,0.6382,87,0.29,0.617,1,0.31,0.6595,43,0
IWM190906C151,2019-09-05,2019-09-05 09:35:31,0.32,0.6808,4,0.3,0.6382,100,0.29,0.617,1,0.31,0.6595,43,0
IWM190906C151,2019-09-05,2019-09-05 09:35:32,0.32,0.6808,4,0.3,0.6382,87,0.29,0.617,1,0.31,0.6595,43,0
IWM190906C151,2019-09-05,2019-09-05 09:35:33,0.32,0.6808,156,0.3,0.6382,41,0.29,0.617,1,0.31,0.6595,43,0
IWM190906C151,2019-09-05,2019-09-05 09:35:34,0.31,0.6595,108,0.29,0.617,100,0.29,0.617,1,0.3,0.6382,43,0
IWM190906C151,2019-09-05,2019-09-05 09:35:34,0.31,0.6595,4,0.29,0.617,87,0.29,0.617,1,0.3,0.6382,43,0
IWM190906C151,2019-09-05,2019-09-05 09:35:35,0.31,0.6595,110,0.29,0.617,100,0.29,0.617,1,0.3,0.6382,43,0
IWM190906C151,2019-09-05,2019-09-05 09:35:35,0.31,0.6595,108,0.29,0.617,100,0.29,0.617,1,0.3,0.6382,43,0
IWM190906C151,2019-09-05,2019-09-05 09:35:36,0.31,0.6595,110,0.28,0.5957,62,0.29,0.617,1,0.295,0.6276,43,0
IWM190906C151,2019-09-05,2019-09-05 09:35:37,0.3,0.6382,82,0.28,0.5957,87,0.29,0.617,1,0.29,0.617,43,0
IWM190906C151,2019-09-05,2019-09-05 09:35:37,0.31,0.6595,110,0.28,0.5957,87,0.29,0.617,1,0.295,0.6276,43,0
IWM190906C151,2019-09-05,2019-09-05 09:35:38,0.29,0.617,35,0.27,0.5744,151,0.29,0.617,1,0.28,0.5957,43,0
IWM190906C151,2019-09-05,2019-09-05 09:35:38,0.3,0.6382,82,0.28,0.5957,62,0.29,0.617,1,0.29,0.617,43,0
IWM190906C151,2019-09-05,2019-09-05 09:35:39,0.3,0.6382,110,0.28,0.5957,79,0.29,0.617,1,0.29,0.617,43,0
IWM190906C151,2019-09-05,2019-09-05 09:35:40,0.3,0.6382,37,0.29,0.617,8,0.29,0.617,1,0.295,0.6276,43,0
IWM190906C151,2019-09-05,2019-09-05 09:35:40,0.3,0.6382,110,0.28,0.5957,60,0.29,0.617,1,0.29,0.617,43,0
IWM190906C151,2019-09-05,2019-09-05 09:35:41,0.31,0.6595,120,0.29,0.617,8,0.29,0.617,1,0.3,0.6382,43,0
IWM190906C151,2019-09-05,2019-09-05 09:35:42,0.3,0.6382,20,0.29,0.617,24,0.29,0.617,1,0.295,0.6276,43,0
IWM190906C151,2019-09-05,2019-09-05 09:35:42,0.31,0.6595,120,0.29,0.617,24,0.29,0.617,1,0.3,0.6382,43,0
IWM190906C151,2019-09-05,2019-09-05 09:35:43,0.3,0.6382,46,0.29,0.617,12,0.29,0.617,1,0.295,0.6276,43,0
IWM190906C151,2019-09-05,2019-09-05 09:35:43,0.3,0.6382,46,0.29,0.617,8,0.29,0.617,1,0.295,0.6276,43,0
IWM190906C151,2019-09-05,2019-09-05 09:35:44,0.3,0.6382,46,0.29,0.617,12,0.29,0.617,1,0.295,0.6276,43,0
IWM190906C151,2019-09-05,2019-09-05 09:35:44,0.3,0.6382,46,0.29,0.617,8,0.29,0.617,1,0.295,0.6276,43,0
IWM190906C151,2019-09-05,2019-09-05 09:35:45,0.3,0.6382,7,0.29,0.617,13,0.29,0.617,1,0.295,0.6276,43,0
IWM190906C151,2019-09-05,2019-09-05 09:35:45,0.3,0.6382,19,0.29,0.617,24,0.29,0.617,1,0.295,0.6276,43,0
IWM190906C151,2019-09-05,2019-09-05 09:35:46,0.3,0.6382,7,0.29,0.617,109,0.29,0.617,1,0.295,0.6276,43,0
IWM190906C151,2019-09-05,2019-09-05 09:35:46,0.3,0.6382,7,0.29,0.617,46,0.29,0.617,1,0.295,0.6276,43,0
IWM190906C151,2019-09-05,2019-09-05 09:35:47,0.3,0.6382,25,0.29,0.617,46,0.29,0.617,1,0.295,0.6276,43,0
IWM190906C151,2019-09-05,2019-09-05 09:35:47,0.3,0.6382,7,0.29,0.617,46,0.29,0.617,1,0.295,0.6276,43,0
IWM190906C151,2019-09-05,2019-09-05 09:35:48,0.3,0.6382,25,0.29,0.617,46,0.29,0.617,1,0.295,0.6276,43,0
IWM190906C151,2019-09-05,2019-09-05 09:35:49,0.3,0.6382,45,0.29,0.617,8,0.29,0.617,1,0.295,0.6276,43,0
IWM190906C151,2019-09-05,2019-09-05 09:35:49,0.3,0.6382,45,0.29,0.617,46,0.29,0.617,1,0.295,0.6276,43,0
IWM190906C151,2019-09-05,2019-09-05 09:35:50,0.3,0.6382,7,0.29,0.617,12,0.29,0.617,1,0.295,0.6276,43,0
IWM190906C151,2019-09-05,2019-09-05 09:35:50,0.3,0.6382,7,0.29,0.617,8,0.29,0.617,1,0.295,0.6276,43,0
IWM190906C151,2019-09-05,2019-09-05 09:35:51,0.3,0.6382,53,0.28,0.5957,122,0.29,0.617,1,0.29,0.617,43,0
IWM190906C151,2019-09-05,2019-09-05 09:35:51,0.3,0.6382,7,0.29,0.617,8,0.29,0.617,1,0.295,0.6276,43,0
IWM190906C151,2019-09-05,2019-09-05 09:35:52,0.3,0.6382,62,0.28,0.5957,85,0.29,0.617,1,0.29,0.617,43,0
IWM190906C151,2019-09-05,2019-09-05 09:35:52,0.3,0.6382,41,0.28,0.5957,98,0.29,0.617,1,0.29,0.617,43,0
IWM190906C151,2019-09-05,2019-09-05 09:35:53,0.3,0.6382,32,0.29,0.617,12,0.29,0.617,1,0.295,0.6276,43,0
IWM190906C151,2019-09-05,2019-09-05 09:35:54,0.3,0.6382,32,0.29,0.617,12,0.29,0.617,1,0.295,0.6276,43,0
IWM190906C151,2019-09-05,2019-09-05 09:35:54,0.3,0.6382,10,0.29,0.617,28,0.29,0.617,1,0.295,0.6276,43,0
IWM190906C151,2019-09-05,2019-09-05 09:35:55,0.3,0.6382,10,0.29,0.617,28,0.29,0.617,1,0.295,0.6276,43,0
IWM190906C151,2019-09-05,2019-09-05 09:35:55,0.3,0.6382,61,0.29,0.617,30,0.29,0.617,1,0.295,0.6276,43,0
IWM190906C151,2019-09-05,2019-09-05 09:35:56,0.3,0.6382,61,0.29,0.617,4,0.29,0.617,1,0.295,0.6276,43,0
IWM190906C151,2019-09-05,2019-09-05 09:35:57,0.3,0.6382,61,0.29,0.617,4,0.29,0.617,1,0.295,0.6276,43,0
IWM190906C151,2019-09-05,2019-09-05 09:35:58,0.3,0.6382,61,0.29,0.617,4,0.29,0.617,1,0.295,0.6276,43,0
IWM190906C151,2019-09-05,2019-09-05 09:35:58,0.3,0.6382,83,0.28,0.5957,136,0.29,0.617,1,0.29,0.617,43,0
IWM190906C151,2019-09-05,2019-09-05 09:35:59,0.3,0.6382,103,0.28,0.5957,136,0.29,0.617,1,0.29,0.617,43,0
IWM190906C151,2019-09-05,2019-09-05 09:35:59,0.3,0.6382,93,0.28,0.5957,136,0.29,0.617,1,0.29,0.617,43,0
IWM190906C151,2019-09-05,2019-09-05 09:36:00,0.3,0.6382,93,0.28,0.5957,66,0.29,0.617,1,0.29,0.617,43,0
IWM190906C151,2019-09-05,2019-09-05 09:36:00,0.3,0.6382,93,0.28,0.5957,38,0.29,0.617,1,0.29,0.617,43,0
IWM190906C151,2019-09-05,2019-09-05 09:36:01,0.3,0.6382,15,0.29,0.617,8,0.29,0.617,1,0.295,0.6276,43,0
IWM190906C151,2019-09-05,2019-09-05 09:36:01,0.3,0.6382,93,0.28,0.5957,75,0.29,0.617,1,0.29,0.617,43,0
IWM190906C151,2019-09-05,2019-09-05 09:36:02,0.3,0.6382,15,0.29,0.617,28,0.29,0.617,1,0.295,0.6276,43,0
IWM190906C151,2019-09-05,2019-09-05 09:36:02,0.3,0.6382,15,0.3,0.6382,6,0.3,0.6382,1,0.3,0.6382,51,8
IWM190906C151,2019-09-05,2019-09-05 09:36:03,0.3,0.6382,4,0.29,0.617,4,0.3,0.6382,1,0.295,0.6276,51,0
IWM190906C151,2019-09-05,2019-09-05 09:36:03,0.3,0.6382,15,0.3,0.6382,1,0.3,0.6382,1,0.3,0.6382,51,0
IWM190906C151,2019-09-05,2019-09-05 09:36:04,0.3,0.6382,52,0.29,0.617,4,0.3,0.6382,1,0.295,0.6276,51,0
IWM190906C151,2019-09-05,2019-09-05 09:36:04,0.3,0.6382,12,0.28,0.5957,35,0.3,0.6382,1,0.29,0.617,51,0
IWM190906C151,2019-09-05,2019-09-05 09:36:05,0.3,0.6382,52,0.28,0.5957,59,0.3,0.6382,1,0.29,0.617,51,0
IWM190906C151,2019-09-05,2019-09-05 09:36:06,0.3,0.6382,59,0.28,0.5957,63,0.3,0.6382,1,0.29,0.617,51,0
IWM190906C151,2019-09-05,2019-09-05 09:36:06,0.3,0.6382,42,0.29,0.617,8,0.3,0.6382,1,0.295,0.6276,51,0
IWM190906C151,2019-09-05,2019-09-05 09:36:07,0.3,0.6382,94,0.28,0.5957,63,0.3,0.6382,1,0.29,0.617,51,0
IWM190906C151,2019-09-05,2019-09-05 09:36:07,0.3,0.6382,94,0.28,0.5957,105,0.3,0.6382,1,0.29,0.617,51,0
IWM190906C151,2019-09-05,2019-09-05 09:36:08,0.3,0.6382,94,0.28,0.5957,41,0.3,0.6382,1,0.29,0.617,51,0
IWM190906C151,2019-09-05,2019-09-05 09:36:08,0.3,0.6382,94,0.28,0.5957,37,0.3,0.6382,1,0.29,0.617,51,0
IWM190906C151,2019-09-05,2019-09-05 09:36:09,0.3,0.6382,58,0.29,0.617,5,0.3,0.6382,1,0.295,0.6276,51,0
IWM190906C151,2019-09-05,2019-09-05 09:36:09,0.3,0.6382,58,0.29,0.617,8,0.3,0.6382,1,0.295,0.6276,51,0
IWM190906C151,2019-09-05,2019-09-05 09:36:10,0.31,0.6595,110,0.29,0.617,8,0.3,0.6382,1,0.3,0.6382,51,0
IWM190906C151,2019-09-05,2019-09-05 09:36:10,0.31,0.6595,81,0.29,0.617,36,0.3,0.6382,1,0.3,0.6382,51,0
IWM190906C151,2019-09-05,2019-09-05 09:36:11,0.31,0.6595,30,0.3,0.6382,6,0.3,0.6382,1,0.305,0.6489,51,0
IWM190906C151,2019-09-05,2019-09-05 09:36:11,0.31,0.6595,16,0.29,0.617,15,0.3,0.6382,1,0.3,0.6382,51,0
IWM190906C151,2019-09-05,2019-09-05 09:36:12,0.31,0.6595,110,0.29,0.617,4,0.3,0.6382,1,0.3,0.6382,51,0
IWM190906C151,2019-09-05,2019-09-05 09:36:12,0.3,0.6382,4,0.29,0.617,4,0.3,0.6382,1,0.295,0.6276,51,0
IWM190906C151,2019-09-05,2019-09-05 09:36:13,0.3,0.6382,4,0.29,0.617,4,0.3,0.6382,1,0.295,0.6276,51,0
IWM190906C151,2019-09-05,2019-09-05 09:36:13,0.3,0.6382,119,0.29,0.617,4,0.3,0.6382,1,0.295,0.6276,51,0
IWM190906C151,2019-09-05,2019-09-05 09:36:14,0.3,0.6382,119,0.28,0.5957,78,0.3,0.6382,1,0.29,0.617,51,0
IWM190906C151,2019-09-05,2019-09-05 09:36:14,0.3,0.6382,119,0.29,0.617,4,0.3,0.6382,1,0.295,0.6276,51,0
IWM190906C151,2019-09-05,2019-09-05 09:36:15,0.3,0.6382,119,0.28,0.5957,79,0.3,0.6382,1,0.29,0.617,51,0
IWM190906C151,2019-09-05,2019-09-05 09:36:15,0.3,0.6382,119,0.28,0.5957,117,0.3,0.6382,1,0.29,0.617,51,0
IWM190906C151,2019-09-05,2019-09-05 09:36:16,0.3,0.6382,119,0.28,0.5957,117,0.3,0.6382,1,0.29,0.617,51,0
IWM190906C151,2019-09-05,2019-09-05 09:36:17,0.3,0.6382,119,0.28,0.5957,40,0.3,0.6382,1,0.29,0.617,51,0
IWM190906C151,2019-09-05,2019-09-05 09:36:17,0.3,0.6382,119,0.28,0.5957,117,0.3,0.6382,1,0.29,0.617,51,0
IWM190906C151,2019-09-05,2019-09-05 09:36:18,0.3,0.6382,121,0.28,0.5957,40,0.3,0.6382,1,0.29,0.617,51,0
IWM190906C151,2019-09-05,2019-09-05 09:36:18,0.3,0.6382,119,0.28,0.5957,40,0.3,0.6382,1,0.29,0.617,51,0
IWM190906C151,2019-09-05,2019-09-05 09:36:19,0.3,0.6382,121,0.28,0.5957,31,0.3,0.6382,1,0.29,0.617,51,0
IWM190906C151,2019-09-05,2019-09-05 09:36:19,0.3,0.6382,100,0.28,0.5957,31,0.3,0.6382,1,0.29,0.617,51,0
IWM190906C151,2019-09-05,2019-09-05 09:36:20,0.29,0.617,100,0.27,0.5744,89,0.3,0.6382,1,0.28,0.5957,51,0
IWM190906C151,2019-09-05,2019-09-05 09:36:20,0.29,0.617,15,0.28,0.5957,25,0.3,0.6382,1,0.285,0.6063,51,0
IWM190906C151,2019-09-05,2019-09-05 09:36:21,0.29,0.617,69,0.28,0.5957,29,0.3,0.6382,1,0.285,0.6063,51,0
IWM190906C151,2019-09-05,2019-09-05 09:36:21,0.29,0.617,69,0.28,0.5957,37,0.3,0.6382,1,0.285,0.6063,51,0
IWM190906C151,2019-09-05,2019-09-05 09:36:22,0.29,0.617,69,0.28,0.5957,50,0.3,0.6382,1,0.285,0.6063,51,0
IWM190906C151,2019-09-05,2019-09-05 09:36:23,0.29,0.617,69,0.28,0.5957,50,0.3,0.6382,1,0.285,0.6063,51,0
IWM190906C151,2019-09-05,2019-09-05 09:36:24,0.3,0.6382,97,0.28,0.5957,44,0.3,0.6382,1,0.29,0.617,51,0
IWM190906C151,2019-09-05,2019-09-05 09:36:24,0.29,0.617,25,0.28,0.5957,50,0.3,0.6382,1,0.285,0.6063,51,0
IWM190906C151,2019-09-05,2019-09-05 09:36:25,0.3,0.6382,133,0.28,0.5957,44,0.3,0.6382,1,0.29,0.617,51,0
IWM190906C151,2019-09-05,2019-09-05 09:36:25,0.3,0.6382,133,0.28,0.5957,64,0.3,0.6382,1,0.29,0.617,51,0
IWM190906C151,2019-09-05,2019-09-05 09:36:26,0.3,0.6382,133,0.28,0.5957,50,0.3,0.6382,1,0.29,0.617,51,0
IWM190906C151,2019-09-05,2019-09-05 09:36:26,0.29,0.617,4,0.27,0.5744,69,0.3,0.6382,1,0.28,0.5957,51,0
IWM190906C151,2019-09-05,2019-09-05 09:36:27,0.29,0.617,120,0.27,0.5744,79,0.3,0.6382,1,0.28,0.5957,51,0
IWM190906C151,2019-09-05,2019-09-05 09:36:27,0.29,0.617,120,0.27,0.5744,88,0.3,0.6382,1,0.28,0.5957,51,0
IWM190906C151,2019-09-05,2019-09-05 09:36:28,0.29,0.617,120,0.27,0.5744,91,0.3,0.6382,1,0.28,0.5957,51,0
IWM190906C151,2019-09-05,2019-09-05 09:36:29,0.29,0.617,133,0.27,0.5744,31,0.3,0.6382,1,0.28,0.5957,51,0
IWM190906C151,2019-09-05,2019-09-05 09:36:29,0.29,0.617,120,0.27,0.5744,91,0.3,0.6382,1,0.28,0.5957,51,0
IWM190906C151,2019-09-05,2019-09-05 09:36:30,0.28,0.5957,72,0.27,0.5744,4,0.3,0.6382,1,0.275,0.5851,51,0
IWM190906C151,2019-09-05,2019-09-05 09:36:30,0.28,0.5957,4,0.27,0.5744,4,0.3,0.6382,1,0.275,0.5851,51,0
IWM190906C151,2019-09-05,2019-09-05 09:36:31,0.29,0.617,120,0.27,0.5744,66,0.3,0.6382,1,0.28,0.5957,51,0
IWM190906C151,2019-09-05,2019-09-05 09:36:32,0.29,0.617,128,0.27,0.5744,66,0.3,0.6382,1,0.28,0.5957,51,0
IWM190906C151,2019-09-05,2019-09-05 09:36:32,0.29,0.617,120,0.27,0.5744,50,0.3,0.6382,1,0.28,0.5957,51,0
IWM190906C151,2019-09-05,2019-09-05 09:36:33,0.29,0.617,100,0.28,0.5957,33,0.3,0.6382,1,0.285,0.6063,51,0
IWM190906C151,2019-09-05,2019-09-05 09:36:33,0.29,0.617,150,0.27,0.5744,50,0.3,0.6382,1,0.28,0.5957,51,0
IWM190906C151,2019-09-05,2019-09-05 09:36:34,0.29,0.617,56,0.28,0.5957,33,0.3,0.6382,1,0.285,0.6063,51,0
IWM190906C151,2019-09-05,2019-09-05 09:36:35,0.29,0.617,56,0.28,0.5957,39,0.3,0.6382,1,0.285,0.6063,51,0
IWM190906C151,2019-09-05,2019-09-05 09:36:35,0.29,0.617,110,0.27,0.5744,18,0.3,0.6382,1,0.28,0.5957,51,0
IWM190906C151,2019-09-05,2019-09-05 09:36:36,0.28,0.5957,4,0.27,0.5744,15,0.3,0.6382,1,0.275,0.5851,51,0
IWM190906C151,2019-09-05,2019-09-05 09:36:36,0.29,0.617,126,0.27,0.5744,37,0.3,0.6382,1,0.28,0.5957,51,0
IWM190906C151,2019-09-05,2019-09-05 09:36:37,0.28,0.5957,67,0.27,0.5744,15,0.3,0.6382,1,0.275,0.5851,51,0
IWM190906C151,2019-09-05,2019-09-05 09:36:38,0.28,0.5957,100,0.27,0.5744,24,0.3,0.6382,1,0.275,0.5851,51,0
IWM190906C151,2019-09-05,2019-09-05 09:36:38,0.28,0.5957,67,0.27,0.5744,15,0.3,0.6382,1,0.275,0.5851,51,0
IWM190906C151,2019-09-05,2019-09-05 09:36:39,0.28,0.5957,126,0.27,0.5744,31,0.3,0.6382,1,0.275,0.5851,51,0
IWM190906C151,2019-09-05,2019-09-05 09:36:39,0.28,0.5957,126,0.27,0.5744,34,0.3,0.6382,1,0.275,0.5851,51,0
IWM190906C151,2019-09-05,2019-09-05 09:36:40,0.29,0.617,100,0.27,0.5744,43,0.3,0.6382,1,0.28,0.5957,51,0
IWM190906C151,2019-09-05,2019-09-05 09:36:40,0.29,0.617,110,0.27,0.5744,43,0.3,0.6382,1,0.28,0.5957,51,0
IWM190906C151,2019-09-05,2019-09-05 09:36:41,0.29,0.617,143,0.27,0.5744,45,0.3,0.6382,1,0.28,0.5957,51,0
IWM190906C151,2019-09-05,2019-09-05 09:36:41,0.28,0.5957,8,0.27,0.5744,45,0.3,0.6382,1,0.275,0.5851,51,0
IWM190906C151,2019-09-05,2019-09-05 09:36:42,0.28,0.5957,40,0.27,0.5744,31,0.3,0.6382,1,0.275,0.5851,51,0
IWM190906C151,2019-09-05,2019-09-05 09:36:42,0.28,0.5957,40,0.27,0.5744,45,0.3,0.6382,1,0.275,0.5851,51,0
IWM190906C151,2019-09-05,2019-09-05 09:36:43,0.29,0.617,110,0.27,0.5744,47,0.3,0.6382,1,0.28,0.5957,51,0
IWM190906C151,2019-09-05,2019-09-05 09:36:44,0.29,0.617,124,0.27,0.5744,47,0.3,0.6382,1,0.28,0.5957,51,0
IWM190906C151,2019-09-05,2019-09-05 09:36:44,0.28,0.5957,115,0.27,0.5744,47,0.3,0.6382,1,0.275,0.5851,51,0
IWM190906C151,2019-09-05,2019-09-05 09:36:45,0.28,0.5957,110,0.27,0.5744,47,0.3,0.6382,1,0.275,0.5851,51,0
IWM190906C151,2019-09-05,2019-09-05 09:36:45,0.28,0.5957,100,0.26,0.5531,59,0.3,0.6382,1,0.27,0.5744,51,0
IWM190906C151,2019-09-05,2019-09-05 09:36:46,0.28,0.5957,132,0.27,0.5744,8,0.3,0.6382,1,0.275,0.5851,51,0
IWM190906C151,2019-09-05,2019-09-05 09:36:46,0.28,0.5957,100,0.26,0.5531,59,0.3,0.6382,1,0.27,0.5744,51,0
IWM190906C151,2019-09-05,2019-09-05 09:36:47,0.28,0.5957,65,0.27,0.5744,12,0.3,0.6382,1,0.275,0.5851,51,0
IWM190906C151,2019-09-05,2019-09-05 09:36:47,0.28,0.5957,65,0.27,0.5744,28,0.3,0.6382,1,0.275,0.5851,51,0
IWM190906C151,2019-09-05,2019-09-05 09:36:48,0.28,0.5957,38,0.27,0.5744,32,0.3,0.6382,1,0.275,0.5851,51,0
IWM190906C151,2019-09-05,2019-09-05 09:36:48,0.28,0.5957,65,0.27,0.5744,28,0.3,0.6382,1,0.275,0.5851,51,0
IWM190906C151,2019-09-05,2019-09-05 09:36:49,0.29,0.617,136,0.27,0.5744,46,0.3,0.6382,1,0.28,0.5957,51,0
IWM190906C151,2019-09-05,2019-09-05 09:36:49,0.29,0.617,126,0.27,0.5744,46,0.3,0.6382,1,0.28,0.5957,51,0
IWM190906C151,2019-09-05,2019-09-05 09:36:50,0.29,0.617,110,0.27,0.5744,66,0.3,0.6382,1,0.28,0.5957,51,0
IWM190906C151,2019-09-05,2019-09-05 09:36:50,0.29,0.617,110,0.27,0.5744,86,0.3,0.6382,1,0.28,0.5957,51,0
IWM190906C151,2019-09-05,2019-09-05 09:36:51,0.28,0.5957,28,0.27,0.5744,40,0.3,0.6382,1,0.275,0.5851,51,0
IWM190906C151,2019-09-05,2019-09-05 09:36:51,0.29,0.617,110,0.27,0.5744,66,0.3,0.6382,1,0.28,0.5957,51,0
IWM190906C151,2019-09-05,2019-09-05 09:36:52,0.28,0.5957,41,0.27,0.5744,40,0.3,0.6382,1,0.275,0.5851,51,0
IWM190906C151,2019-09-05,2019-09-05 09:36:52,0.28,0.5957,150,0.27,0.5744,44,0.3,0.6382,1,0.275,0.5851,51,0
IWM190906C151,2019-09-05,2019-09-05 09:36:53,0.28,0.5957,100,0.27,0.5744,36,0.3,0.6382,1,0.275,0.5851,51,0
IWM190906C151,2019-09-05,2019-09-05 09:36:54,0.28,0.5957,100,0.26,0.5531,75,0.3,0.6382,1,0.27,0.5744,51,0
IWM190906C151,2019-09-05,2019-09-05 09:36:55,0.28,0.5957,99,0.27,0.5744,24,0.3,0.6382,1,0.275,0.5851,51,0
IWM190906C151,2019-09-05,2019-09-05 09:36:55,0.28,0.5957,100,0.27,0.5744,24,0.3,0.6382,1,0.275,0.5851,51,0
IWM190906C151,2019-09-05,2019-09-05 09:36:56,0.28,0.5957,99,0.27,0.5744,24,0.3,0.6382,1,0.275,0.5851,51,0
IWM190906C151,2019-09-05,2019-09-05 09:36:57,0.28,0.5957,99,0.26,0.5531,97,0.3,0.6382,1,0.27,0.5744,51,0
IWM190906C151,2019-09-05,2019-09-05 09:36:58,0.28,0.5957,99,0.27,0.5744,12,0.3,0.6382,1,0.275,0.5851,51,0
IWM190906C151,2019-09-05,2019-09-05 09:36:58,0.28,0.5957,99,0.26,0.5531,102,0.3,0.6382,1,0.27,0.5744,51,0
IWM190906C151,2019-09-05,2019-09-05 09:36:59,0.28,0.5957,99,0.26,0.5531,102,0.3,0.6382,1,0.27,0.5744,51,0
IWM190906C151,2019-09-05,2019-09-05 09:36:59,0.28,0.5957,99,0.27,0.5744,32,0.3,0.6382,1,0.275,0.5851,51,0
IWM190906C151,2019-09-05,2019-09-05 09:37:00,0.28,0.5957,99,0.27,0.5744,32,0.3,0.6382,1,0.275,0.5851,51,0
IWM190906C151,2019-09-05,2019-09-05 09:37:01,0.28,0.5957,39,0.27,0.5744,48,0.3,0.6382,1,0.275,0.5851,51,0
IWM190906C151,2019-09-05,2019-09-05 09:37:01,0.28,0.5957,39,0.27,0.5744,32,0.3,0.6382,1,0.275,0.5851,51,0
IWM190906C151,2019-09-05,2019-09-05 09:37:02,0.28,0.5957,39,0.27,0.5744,32,0.3,0.6382,1,0.275,0.5851,51,0
IWM190906C151,2019-09-05,2019-09-05 09:37:02,0.28,0.5957,39,0.27,0.5744,48,0.3,0.6382,1,0.275,0.5851,51,0
IWM190906C151,2019-09-05,2019-09-05 09:37:03,0.28,0.5957,38,0.27,0.5744,4,0.3,0.6382,1,0.275,0.5851,51,0
IWM190906C151,2019-09-05,2019-09-05 09:37:03,0.28,0.5957,31,0.27,0.5744,32,0.3,0.6382,1,0.275,0.5851,51,0
IWM190906C151,2019-09-05,2019-09-05 09:37:04,0.28,0.5957,18,0.27,0.5744,28,0.3,0.6382,1,0.275,0.5851,51,0
IWM190906C151,2019-09-05,2019-09-05 09:37:05,0.29,0.617,110,0.27,0.5744,108,0.3,0.6382,1,0.28,0.5957,51,0
IWM190906C151,2019-09-05,2019-09-05 09:37:05,0.28,0.5957,104,0.27,0.5744,8,0.3,0.6382,1,0.275,0.5851,51,0
IWM190906C151,2019-09-05,2019-09-05 09:37:06,0.29,0.617,136,0.27,0.5744,48,0.3,0.6382,1,0.28,0.5957,51,0
IWM190906C151,2019-09-05,2019-09-05 09:37:07,0.28,0.5957,4,0.27,0.5744,32,0.3,0.6382,1,0.275,0.5851,51,0
IWM190906C151,2019-09-05,2019-09-05 09:37:07,0.29,0.617,136,0.27,0.5744,48,0.3,0.6382,1,0.28,0.5957,51,0
IWM190906C151,2019-09-05,2019-09-05 09:37:08,0.28,0.5957,73,0.27,0.5744,28,0.3,0.6382,1,0.275,0.5851,51,0
IWM190906C151,2019-09-05,2019-09-05 09:37:08,0.28,0.5957,73,0.26,0.5531,189,0.3,0.6382,1,0.27,0.5744,51,0
IWM190906C151,2019-09-05,2019-09-05 09:37:09,0.28,0.5957,118,0.26,0.5531,67,0.3,0.6382,1,0.27,0.5744,51,0
IWM190906C151,2019-09-05,2019-09-05 09:37:09,0.28,0.5957,147,0.26,0.5531,142,0.3,0.6382,1,0.27,0.5744,51,0
IWM190906C151,2019-09-05,2019-09-05 09:37:10,0.28,0.5957,147,0.26,0.5531,142,0.3,0.6382,1,0.27,0.5744,51,0
IWM190906C151,2019-09-05,2019-09-05 09:37:10,0.28,0.5957,147,0.27,0.5744,8,0.3,0.6382,1,0.275,0.5851,51,0
IWM190906C151,2019-09-05,2019-09-05 09:37:11,0.28,0.5957,61,0.27,0.5744,8,0.3,0.6382,1,0.275,0.5851,51,0
IWM190906C151,2019-09-05,2019-09-05 09:37:12,0.28,0.5957,42,0.27,0.5744,31,0.3,0.6382,1,0.275,0.5851,51,0
IWM190906C151,2019-09-05,2019-09-05 09:37:12,0.28,0.5957,42,0.26,0.5531,128,0.3,0.6382,1,0.27,0.5744,51,0
IWM190906C151,2019-09-05,2019-09-05 09:37:13,0.28,0.5957,19,0.27,0.5744,31,0.3,0.6382,1,0.275,0.5851,51,0
IWM190906C151,2019-09-05,2019-09-05 09:37:14,0.28,0.5957,17,0.27,0.5744,68,0.28,0.5957,2,0.275,0.5851,53,2
IWM190906C151,2019-09-05,2019-09-05 09:37:14,0.28,0.5957,19,0.27,0.5744,31,0.3,0.6382,1,0.275,0.5851,51,0
IWM190906C151,2019-09-05,2019-09-05 09:37:15,0.28,0.5957,4,0.27,0.5744,59,0.28,0.5957,2,0.275,0.5851,53,0
IWM190906C151,2019-09-05,2019-09-05 09:37:15,0.29,0.617,160,0.27,0.5744,68,0.28,0.5957,2,0.28,0.5957,53,0
IWM190906C151,2019-09-05,2019-09-05 09:37:16,0.28,0.5957,50,0.26,0.5531,205,0.28,0.5957,2,0.27,0.5744,53,0
IWM190906C151,2019-09-05,2019-09-05 09:37:16,0.29,0.617,164,0.26,0.5531,205,0.28,0.5957,2,0.275,0.5851,53,0
IWM190906C151,2019-09-05,2019-09-05 09:37:17,0.28,0.5957,50,0.27,0.5744,36,0.28,0.5957,2,0.275,0.5851,53,0
IWM190906C151,2019-09-05,2019-09-05 09:37:18,0.28,0.5957,50,0.27,0.5744,28,0.28,0.5957,2,0.275,0.5851,53,0
IWM190906C151,2019-09-05,2019-09-05 09:37:18,0.28,0.5957,50,0.27,0.5744,8,0.28,0.5957,2,0.275,0.5851,53,0
IWM190906C151,2019-09-05,2019-09-05 09:37:19,0.28,0.5957,47,0.27,0.5744,28,0.28,0.5957,2,0.275,0.5851,53,0
IWM190906C151,2019-09-05,2019-09-05 09:37:20,0.28,0.5957,47,0.27,0.5744,28,0.28,0.5957,2,0.275,0.5851,53,0
IWM190906C151,2019-09-05,2019-09-05 09:37:20,0.29,0.617,130,0.27,0.5744,88,0.28,0.5957,2,0.28,0.5957,53,0
IWM190906C151,2019-09-05,2019-09-05 09:37:21,0.29,0.617,151,0.27,0.5744,38,0.28,0.5957,2,0.28,0.5957,53,0
IWM190906C151,2019-09-05,2019-09-05 09:37:21,0.29,0.617,151,0.27,0.5744,75,0.28,0.5957,2,0.28,0.5957,53,0
IWM190906C151,2019-09-05,2019-09-05 09:37:22,0.29,0.617,151,0.27,0.5744,75,0.28,0.5957,2,0.28,0.5957,53,0
IWM190906C151,2019-09-05,2019-09-05 09:37:23,0.29,0.617,151,0.27,0.5744,93,0.28,0.5957,2,0.28,0.5957,53,0
IWM190906C151,2019-09-05,2019-09-05 09:37:23,0.29,0.617,151,0.27,0.5744,75,0.28,0.5957,2,0.28,0.5957,53,0
IWM190906C151,2019-09-05,2019-09-05 09:37:24,0.29,0.617,141,0.27,0.5744,75,0.28,0.5957,2,0.28,0.5957,53,0
IWM190906C151,2019-09-05,2019-09-05 09:37:24,0.29,0.617,141,0.27,0.5744,93,0.28,0.5957,2,0.28,0.5957,53,0
IWM190906C151,2019-09-05,2019-09-05 09:37:25,0.29,0.617,141,0.27,0.5744,75,0.28,0.5957,2,0.28,0.5957,53,0
IWM190906C151,2019-09-05,2019-09-05 09:37:25,0.29,0.617,141,0.27,0.5744,96,0.28,0.5957,2,0.28,0.5957,53,0
IWM190906C151,2019-09-05,2019-09-05 09:37:26,0.29,0.617,110,0.27,0.5744,107,0.28,0.5957,2,0.28,0.5957,53,0
IWM190906C151,2019-09-05,2019-09-05 09:37:26,0.29,0.617,107,0.27,0.5744,55,0.28,0.5957,2,0.28,0.5957,53,0
IWM190906C151,2019-09-05,2019-09-05 09:37:27,0.29,0.617,56,0.27,0.5744,86,0.28,0.5957,2,0.28,0.5957,53,0
IWM190906C151,2019-09-05,2019-09-05 09:37:27,0.29,0.617,35,0.27,0.5744,86,0.28,0.5957,2,0.28,0.5957,53,0
IWM190906C151,2019-09-05,2019-09-05 09:37:28,0.29,0.617,144,0.27,0.5744,77,0.28,0.5957,2,0.28,0.5957,53,0
IWM190906C151,2019-09-05,2019-09-05 09:37:28,0.29,0.617,100,0.27,0.5744,86,0.28,0.5957,2,0.28,0.5957,53,0
IWM190906C151,2019-09-05,2019-09-05 09:37:29,0.29,0.617,144,0.27,0.5744,86,0.28,0.5957,2,0.28,0.5957,53,0
IWM190906C151,2019-09-05,2019-09-05 09:37:29,0.29,0.617,144,0.27,0.5744,77,0.28,0.5957,2,0.28,0.5957,53,0
IWM190906C151,2019-09-05,2019-09-05 09:37:30,0.29,0.617,132,0.27,0.5744,77,0.28,0.5957,2,0.28,0.5957,53,0
IWM190906C151,2019-09-05,2019-09-05 09:37:31,0.29,0.617,147,0.27,0.5744,86,0.28,0.5957,2,0.28,0.5957,53,0
IWM190906C151,2019-09-05,2019-09-05 09:37:31,0.29,0.617,132,0.27,0.5744,77,0.28,0.5957,2,0.28,0.5957,53,0
IWM190906C151,2019-09-05,2019-09-05 09:37:32,0.29,0.617,147,0.27,0.5744,86,0.28,0.5957,2,0.28,0.5957,53,0
IWM190906C151,2019-09-05,2019-09-05 09:37:32,0.29,0.617,132,0.27,0.5744,86,0.28,0.5957,2,0.28,0.5957,53,0
IWM190906C151,2019-09-05,2019-09-05 09:37:33,0.29,0.617,132,0.28,0.5957,31,0.28,0.5957,2,0.285,0.6063,53,0
IWM190906C151,2019-09-05,2019-09-05 09:37:34,0.29,0.617,110,0.28,0.5957,31,0.28,0.5957,2,0.285,0.6063,53,0
IWM190906C151,2019-09-05,2019-09-05 09:37:34,0.29,0.617,110,0.28,0.5957,8,0.28,0.5957,2,0.285,0.6063,53,0
IWM190906C151,2019-09-05,2019-09-05 09:37:35,0.29,0.617,55,0.28,0.5957,31,0.28,0.5957,2,0.285,0.6063,53,0
IWM190906C151,2019-09-05,2019-09-05 09:37:35,0.29,0.617,110,0.28,0.5957,8,0.28,0.5957,2,0.285,0.6063,53,0
IWM190906C151,2019-09-05,2019-09-05 09:37:36,0.3,0.6382,120,0.28,0.5957,63,0.28,0.5957,2,0.29,0.617,53,0
IWM190906C151,2019-09-05,2019-09-05 09:37:36,0.29,0.617,45,0.28,0.5957,47,0.28,0.5957,2,0.285,0.6063,53,0
IWM190906C151,2019-09-05,2019-09-05 09:37:37,0.3,0.6382,153,0.28,0.5957,68,0.28,0.5957,2,0.29,0.617,53,0
IWM190906C151,2019-09-05,2019-09-05 09:37:37,0.3,0.6382,120,0.28,0.5957,68,0.28,0.5957,2,0.29,0.617,53,0
IWM190906C151,2019-09-05,2019-09-05 09:37:38,0.29,0.617,150,0.28,0.5957,41,0.28,0.5957,2,0.285,0.6063,53,0
IWM190906C151,2019-09-05,2019-09-05 09:37:38,0.3,0.6382,110,0.28,0.5957,52,0.28,0.5957,2,0.29,0.617,53,0
IWM190906C151,2019-09-05,2019-09-05 09:37:39,0.29,0.617,93,0.28,0.5957,41,0.28,0.5957,2,0.285,0.6063,53,0
IWM190906C151,2019-09-05,2019-09-05 09:37:40,0.29,0.617,93,0.28,0.5957,18,0.28,0.5957,2,0.285,0.6063,53,0
IWM190906C151,2019-09-05,2019-09-05 09:37:41,0.29,0.617,93,0.28,0.5957,18,0.28,0.5957,2,0.285,0.6063,53,0
IWM190906C151,2019-09-05,2019-09-05 09:37:42,0.29,0.617,93,0.28,0.5957,18,0.28,0.5957,2,0.285,0.6063,53,0
IWM190906C151,2019-09-05,2019-09-05 09:37:42,0.29,0.617,93,0.28,0.5957,38,0.28,0.5957,2,0.285,0.6063,53,0
IWM190906C151,2019-09-05,2019-09-05 09:37:43,0.29,0.617,131,0.28,0.5957,38,0.28,0.5957,2,0.285,0.6063,53,0
IWM190906C151,2019-09-05,2019-09-05 09:37:43,0.29,0.617,93,0.28,0.5957,38,0.28,0.5957,2,0.285,0.6063,53,0
IWM190906C151,2019-09-05,2019-09-05 09:37:44,0.29,0.617,135,0.28,0.5957,35,0.28,0.5957,2,0.285,0.6063,53,0
IWM190906C151,2019-09-05,2019-09-05 09:37:44,0.29,0.617,135,0.28,0.5957,38,0.28,0.5957,2,0.285,0.6063,53,0
IWM190906C151,2019-09-05,2019-09-05 09:37:45,0.29,0.617,69,0.28,0.5957,73,0.28,0.5957,2,0.285,0.6063,53,0
IWM190906C151,2019-09-05,2019-09-05 09:37:45,0.29,0.617,135,0.28,0.5957,35,0.28,0.5957,2,0.285,0.6063,53,0
IWM190906C151,2019-09-05,2019-09-05 09:37:46,0.29,0.617,40,0.28,0.5957,73,0.28,0.5957,2,0.285,0.6063,53,0
IWM190906C151,2019-09-05,2019-09-05 09:37:46,0.29,0.617,141,0.28,0.5957,35,0.28,0.5957,2,0.285,0.6063,53,0
IWM190906C151,2019-09-05,2019-09-05 09:37:47,0.29,0.617,141,0.28,0.5957,35,0.28,0.5957,2,0.285,0.6063,53,0
IWM190906C151,2019-09-05,2019-09-05 09:37:48,0.29,0.617,97,0.28,0.5957,35,0.28,0.5957,2,0.285,0.6063,53,0
IWM190906C151,2019-09-05,2019-09-05 09:37:48,0.29,0.617,141,0.28,0.5957,35,0.28,0.5957,2,0.285,0.6063,53,0
IWM190906C151,2019-09-05,2019-09-05 09:37:49,0.29,0.617,40,0.28,0.5957,53,0.28,0.5957,2,0.285,0.6063,53,0
IWM190906C151,2019-09-05,2019-09-05 09:37:49,0.29,0.617,40,0.28,0.5957,35,0.28,0.5957,2,0.285,0.6063,53,0
IWM190906C151,2019-09-05,2019-09-05 09:37:50,0.3,0.6382,165,0.28,0.5957,35,0.28,0.5957,2,0.29,0.617,53,0
IWM190906C151,2019-09-05,2019-09-05 09:37:50,0.29,0.617,92,0.28,0.5957,35,0.28,0.5957,2,0.285,0.6063,53,0
IWM190906C151,2019-09-05,2019-09-05 09:37:51,0.3,0.6382,72,0.29,0.617,8,0.28,0.5957,2,0.295,0.6276,53,0
IWM190906C151,2019-09-05,2019-09-05 09:37:51,0.3,0.6382,171,0.28,0.5957,76,0.28,0.5957,2,0.29,0.617,53,0
IWM190906C151,2019-09-05,2019-09-05 09:37:52,0.3,0.6382,119,0.28,0.5957,167,0.28,0.5957,2,0.29,0.617,53,0
IWM190906C151,2019-09-05,2019-09-05 09:37:52,0.3,0.6382,72,0.29,0.617,8,0.28,0.5957,2,0.295,0.6276,53,0
IWM190906C151,2019-09-05,2019-09-05 09:37:53,0.3,0.6382,135,0.28,0.5957,35,0.28,0.5957,2,0.29,0.617,53,0
IWM190906C151,2019-09-05,2019-09-05 09:37:53,0.3,0.6382,135,0.28,0.5957,4,0.28,0.5957,2,0.29,0.617,53,0
IWM190906C151,2019-09-05,2019-09-05 09:37:54,0.29,0.617,50,0.28,0.5957,19,0.28,0.5957,2,0.285,0.6063,53,0
IWM190906C151,2019-09-05,2019-09-05 09:37:55,0.29,0.617,110,0.28,0.5957,19,0.28,0.5957,2,0.285,0.6063,53,0
IWM190906C151,2019-09-05,2019-09-05 09:37:55,0.29,0.617,67,0.28,0.5957,19,0.28,0.5957,2,0.285,0.6063,53,0
IWM190906C151,2019-09-05,2019-09-05 09:37:56,0.29,0.617,98,0.28,0.5957,25,0.28,0.5957,2,0.285,0.6063,53,0
IWM190906C151,2019-09-05,2019-09-05 09:37:56,0.29,0.617,34,0.28,0.5957,54,0.28,0.5957,2,0.285,0.6063,53,0
IWM190906C151,2019-09-05,2019-09-05 09:37:57,0.3,0.6382,359,0.28,0.5957,54,0.28,0.5957,2,0.29,0.617,53,0
IWM190906C151,2019-09-05,2019-09-05 09:37:57,0.29,0.617,32,0.28,0.5957,54,0.28,0.5957,2,0.285,0.6063,53,0
IWM190906C151,2019-09-05,2019-09-05 09:37:58,0.3,0.6382,359,0.29,0.617,8,0.28,0.5957,2,0.295,0.6276,53,0
IWM190906C151,2019-09-05,2019-09-05 09:37:58,0.3,0.6382,359,0.28,0.5957,100,0.28,0.5957,2,0.29,0.617,53,0
IWM190906C151,2019-09-05,2019-09-05 09:37:59,0.3,0.6382,294,0.29,0.617,8,0.28,0.5957,2,0.295,0.6276,53,0
IWM190906C151,2019-09-05,2019-09-05 09:37:59,0.3,0.6382,191,0.29,0.617,8,0.28,0.5957,2,0.295,0.6276,53,0
IWM190906C151,2019-09-05,2019-09-05 09:38:00,0.3,0.6382,128,0.29,0.617,4,0.28,0.5957,2,0.295,0.6276,53,0
IWM190906C151,2019-09-05,2019-09-05 09:38:01,0.3,0.6382,58,0.29,0.617,34,0.28,0.5957,2,0.295,0.6276,53,0
IWM190906C151,2019-09-05,2019-09-05 09:38:01,0.31,0.6595,243,0.29,0.617,61,0.28,0.5957,2,0.3,0.6382,53,0
IWM190906C151,2019-09-05,2019-09-05 09:38:02,0.31,0.6595,279,0.29,0.617,29,0.28,0.5957,2,0.3,0.6382,53,0
IWM190906C151,2019-09-05,2019-09-05 09:38:02,0.31,0.6595,279,0.29,0.617,49,0.28,0.5957,2,0.3,0.6382,53,0
IWM190906C151,2019-09-05,2019-09-05 09:38:03,0.31,0.6595,358,0.29,0.617,4,0.28,0.5957,2,0.3,0.6382,53,0
IWM190906C151,2019-09-05,2019-09-05 09:38:03,0.31,0.6595,279,0.29,0.617,4,0.28,0.5957,2,0.3,0.6382,53,0
IWM190906C151,2019-09-05,2019-09-05 09:38:04,0.31,0.6595,289,0.29,0.617,47,0.28,0.5957,2,0.3,0.6382,53,0
IWM190906C151,2019-09-05,2019-09-05 09:38:04,0.31,0.6595,358,0.29,0.617,10,0.28,0.5957,2,0.3,0.6382,53,0
IWM190906C151,2019-09-05,2019-09-05 09:38:05,0.31,0.6595,289,0.29,0.617,47,0.28,0.5957,2,0.3,0.6382,53,0
IWM190906C151,2019-09-05,2019-09-05 09:38:06,0.31,0.6595,289,0.28,0.5957,5,0.28,0.5957,2,0.295,0.6276,53,0
IWM190906C151,2019-09-05,2019-09-05 09:38:07,0.31,0.6595,361,0.29,0.617,30,0.28,0.5957,2,0.3,0.6382,53,0
IWM190906C151,2019-09-05,2019-09-05 09:38:08,0.31,0.6595,367,0.29,0.617,4,0.28,0.5957,2,0.3,0.6382,53,0
IWM190906C151,2019-09-05,2019-09-05 09:38:08,0.31,0.6595,250,0.3,0.6382,1,0.28,0.5957,2,0.305,0.6489,53,0
IWM190906C151,2019-09-05,2019-09-05 09:38:09,0.31,0.6595,302,0.29,0.617,8,0.28,0.5957,2,0.3,0.6382,53,0
IWM190906C151,2019-09-05,2019-09-05 09:38:09,0.31,0.6595,367,0.29,0.617,10,0.28,0.5957,2,0.3,0.6382,53,0
IWM190906C151,2019-09-05,2019-09-05 09:38:10,0.31,0.6595,302,0.29,0.617,52,0.28,0.5957,2,0.3,0.6382,53,0
IWM190906C151,2019-09-05,2019-09-05 09:38:10,0.31,0.6595,72,0.3,0.6382,5,0.28,0.5957,2,0.305,0.6489,53,0
IWM190906C151,2019-09-05,2019-09-05 09:38:11,0.33,0.7021,25,0.31,0.6595,4,0.28,0.5957,2,0.32,0.6808,53,0
IWM190906C151,2019-09-05,2019-09-05 09:38:11,0.32,0.6808,110,0.3,0.6382,65,0.28,0.5957,2,0.31,0.6595,53,0
IWM190906C151,2019-09-05,2019-09-05 09:38:12,0.33,0.7021,187,0.31,0.6595,10,0.28,0.5957,2,0.32,0.6808,53,0
IWM190906C151,2019-09-05,2019-09-05 09:38:12,0.33,0.7021,175,0.31,0.6595,10,0.28,0.5957,2,0.32,0.6808,53,0
IWM190906C151,2019-09-05,2019-09-05 09:38:13,0.33,0.7021,177,0.31,0.6595,37,0.28,0.5957,2,0.32,0.6808,53,0
IWM190906C151,2019-09-05,2019-09-05 09:38:14,0.33,0.7021,140,0.32,0.6808,1,0.28,0.5957,2,0.325,0.6914,53,0
IWM190906C151,2019-09-05,2019-09-05 09:38:14,0.33,0.7021,140,0.32,0.6808,10,0.28,0.5957,2,0.325,0.6914,53,0
IWM190906C151,2019-09-05,2019-09-05 09:38:15,0.34,0.7234,175,0.32,0.6808,10,0.28,0.5957,2,0.33,0.7021,53,0
IWM190906C151,2019-09-05,2019-09-05 09:38:16,0.33,0.7021,34,0.32,0.6808,4,0.28,0.5957,2,0.325,0.6914,53,0
IWM190906C151,2019-09-05,2019-09-05 09:38:16,0.34,0.7234,175,0.32,0.6808,10,0.28,0.5957,2,0.33,0.7021,53,0
IWM190906C151,2019-09-05,2019-09-05 09:38:17,0.33,0.7021,17,0.32,0.6808,10,0.28,0.5957,2,0.325,0.6914,53,0
IWM190906C151,2019-09-05,2019-09-05 09:38:17,0.33,0.7021,22,0.32,0.6808,10,0.28,0.5957,2,0.325,0.6914,53,0
IWM190906C151,2019-09-05,2019-09-05 09:38:18,0.33,0.7021,151,0.31,0.6595,204,0.28,0.5957,2,0.32,0.6808,53,0
IWM190906C151,2019-09-05,2019-09-05 09:38:18,0.33,0.7021,161,0.31,0.6595,204,0.28,0.5957,2,0.32,0.6808,53,0
IWM190906C151,2019-09-05,2019-09-05 09:38:19,0.33,0.7021,180,0.31,0.6595,47,0.28,0.5957,2,0.32,0.6808,53,0
IWM190906C151,2019-09-05,2019-09-05 09:38:19,0.33,0.7021,199,0.31,0.6595,47,0.28,0.5957,2,0.32,0.6808,53,0
IWM190906C151,2019-09-05,2019-09-05 09:38:20,0.32,0.6808,254,0.3,0.6382,191,0.28,0.5957,2,0.31,0.6595,53,0
IWM190906C151,2019-09-05,2019-09-05 09:38:20,0.33,0.7021,199,0.31,0.6595,28,0.28,0.5957,2,0.32,0.6808,53,0
IWM190906C151,2019-09-05,2019-09-05 09:38:21,0.32,0.6808,295,0.3,0.6382,38,0.28,0.5957,2,0.31,0.6595,53,0
IWM190906C151,2019-09-05,2019-09-05 09:38:21,0.32,0.6808,222,0.3,0.6382,36,0.28,0.5957,2,0.31,0.6595,53,0
IWM190906C151,2019-09-05,2019-09-05 09:38:22,0.32,0.6808,295,0.3,0.6382,49,0.28,0.5957,2,0.31,0.6595,53,0
IWM190906C151,2019-09-05,2019-09-05 09:38:23,0.32,0.6808,295,0.3,0.6382,49,0.28,0.5957,2,0.31,0.6595,53,0
IWM190906C151,2019-09-05,2019-09-05 09:38:24,0.32,0.6808,295,0.31,0.6595,9,0.28,0.5957,2,0.315,0.6702,53,0
IWM190906C151,2019-09-05,2019-09-05 09:38:25,0.32,0.6808,311,0.3,0.6382,238,0.28,0.5957,2,0.31,0.6595,53,0
IWM190906C151,2019-09-05,2019-09-05 09:38:26,0.32,0.6808,336,0.3,0.6382,137,0.28,0.5957,2,0.31,0.6595,53,0
IWM190906C151,2019-09-05,2019-09-05 09:38:26,0.32,0.6808,336,0.3,0.6382,85,0.28,0.5957,2,0.31,0.6595,53,0
IWM190906C151,2019-09-05,2019-09-05 09:38:27,0.32,0.6808,336,0.3,0.6382,66,0.28,0.5957,2,0.31,0.6595,53,0
IWM190906C151,2019-09-05,2019-09-05 09:38:27,0.32,0.6808,336,0.3,0.6382,52,0.28,0.5957,2,0.31,0.6595,53,0
IWM190906C151,2019-09-05,2019-09-05 09:38:28,0.31,0.6595,199,0.3,0.6382,29,0.28,0.5957,2,0.305,0.6489,53,0
IWM190906C151,2019-09-05,2019-09-05 09:38:28,0.3,0.6382,3,0.28,0.5957,175,0.28,0.5957,2,0.29,0.617,53,0
IWM190906C151,2019-09-05,2019-09-05 09:38:29,0.3,0.6382,41,0.28,0.5957,442,0.28,0.5957,2,0.29,0.617,53,0
IWM190906C151,2019-09-05,2019-09-05 09:38:30,0.3,0.6382,201,0.28,0.5957,392,0.28,0.5957,2,0.29,0.617,53,0
IWM190906C151,2019-09-05,2019-09-05 09:38:31,0.3,0.6382,366,0.28,0.5957,157,0.28,0.5957,2,0.29,0.617,53,0
IWM190906C151,2019-09-05,2019-09-05 09:38:31,0.3,0.6382,201,0.28,0.5957,392,0.28,0.5957,2,0.29,0.617,53,0
IWM190906C151,2019-09-05,2019-09-05 09:38:32,0.3,0.6382,366,0.29,0.617,4,0.28,0.5957,2,0.295,0.6276,53,0
IWM190906C151,2019-09-05,2019-09-05 09:38:32,0.3,0.6382,366,0.28,0.5957,157,0.28,0.5957,2,0.29,0.617,53,0
IWM190906C151,2019-09-05,2019-09-05 09:38:33,0.3,0.6382,207,0.29,0.617,4,0.28,0.5957,2,0.295,0.6276,53,0
IWM190906C151,2019-09-05,2019-09-05 09:38:33,0.3,0.6382,366,0.29,0.617,4,0.28,0.5957,2,0.295,0.6276,53,0
IWM190906C151,2019-09-05,2019-09-05 09:38:34,0.3,0.6382,197,0.28,0.5957,233,0.28,0.5957,2,0.29,0.617,53,0
IWM190906C151,2019-09-05,2019-09-05 09:38:35,0.3,0.6382,197,0.28,0.5957,185,0.28,0.5957,2,0.29,0.617,53,0
IWM190906C151,2019-09-05,2019-09-05 09:38:35,0.3,0.6382,197,0.28,0.5957,233,0.28,0.5957,2,0.29,0.617,53,0
IWM190906C151,2019-09-05,2019-09-05 09:38:36,0.3,0.6382,374,0.28,0.5957,106,0.28,0.5957,2,0.29,0.617,53,0
IWM190906C151,2019-09-05,2019-09-05 09:38:36,0.3,0.6382,374,0.28,0.5957,76,0.28,0.5957,2,0.29,0.617,53,0
IWM190906C151,2019-09-05,2019-09-05 09:38:37,0.3,0.6382,345,0.28,0.5957,124,0.28,0.5957,2,0.29,0.617,53,0
IWM190906C151,2019-09-05,2019-09-05 09:38:37,0.3,0.6382,374,0.28,0.5957,151,0.28,0.5957,2,0.29,0.617,53,0
IWM190906C151,2019-09-05,2019-09-05 09:38:38,0.3,0.6382,345,0.28,0.5957,63,0.28,0.5957,2,0.29,0.617,53,0
IWM190906C151,2019-09-05,2019-09-05 09:38:38,0.3,0.6382,345,0.28,0.5957,24,0.28,0.5957,2,0.29,0.617,53,0
IWM190906C151,2019-09-05,2019-09-05 09:38:39,0.3,0.6382,395,0.28,0.5957,36,0.28,0.5957,2,0.29,0.617,53,0
IWM190906C151,2019-09-05,2019-09-05 09:38:39,0.3,0.6382,345,0.28,0.5957,24,0.28,0.5957,2,0.29,0.617,53,0
IWM190906C151,2019-09-05,2019-09-05 09:38:40,0.29,0.617,22,0.28,0.5957,11,0.28,0.5957,2,0.285,0.6063,53,0
IWM190906C151,2019-09-05,2019-09-05 09:38:40,0.29,0.617,22,0.28,0.5957,4,0.28,0.5957,2,0.285,0.6063,53,0
IWM190906C151,2019-09-05,2019-09-05 09:38:41,0.29,0.617,43,0.28,0.5957,62,0.28,0.5957,2,0.285,0.6063,53,0
IWM190906C151,2019-09-05,2019-09-05 09:38:41,0.29,0.617,156,0.28,0.5957,49,0.28,0.5957,2,0.285,0.6063,53,0
IWM190906C151,2019-09-05,2019-09-05 09:38:42,0.29,0.617,21,0.28,0.5957,50,0.28,0.5957,2,0.285,0.6063,53,0
IWM190906C151,2019-09-05,2019-09-05 09:38:42,0.29,0.617,21,0.28,0.5957,62,0.28,0.5957,2,0.285,0.6063,53,0
IWM190906C151,2019-09-05,2019-09-05 09:38:43,0.3,0.6382,264,0.28,0.5957,51,0.28,0.5957,2,0.29,0.617,53,0
IWM190906C151,2019-09-05,2019-09-05 09:38:43,0.3,0.6382,151,0.28,0.5957,40,0.28,0.5957,2,0.29,0.617,53,0
IWM190906C151,2019-09-05,2019-09-05 09:38:44,0.3,0.6382,216,0.28,0.5957,66,0.28,0.5957,2,0.29,0.617,53,0
IWM190906C151,2019-09-05,2019-09-05 09:38:44,0.3,0.6382,249,0.28,0.5957,42,0.28,0.5957,2,0.29,0.617,53,0
IWM190906C151,2019-09-05,2019-09-05 09:38:45,0.3,0.6382,216,0.28,0.5957,66,0.28,0.5957,2,0.29,0.617,53,0
IWM190906C151,2019-09-05,2019-09-05 09:38:45,0.3,0.6382,216,0.29,0.617,5,0.28,0.5957,2,0.295,0.6276,53,0
IWM190906C151,2019-09-05,2019-09-05 09:38:46,0.3,0.6382,247,0.29,0.617,10,0.28,0.5957,2,0.295,0.6276,53,0
IWM190906C151,2019-09-05,2019-09-05 09:38:47,0.3,0.6382,265,0.29,0.617,10,0.28,0.5957,2,0.295,0.6276,53,0
IWM190906C151,2019-09-05,2019-09-05 09:38:47,0.3,0.6382,265,0.28,0.5957,75,0.28,0.5957,2,0.29,0.617,53,0
IWM190906C151,2019-09-05,2019-09-05 09:38:48,0.3,0.6382,265,0.28,0.5957,77,0.28,0.5957,2,0.29,0.617,53,0
IWM190906C151,2019-09-05,2019-09-05 09:38:48,0.3,0.6382,265,0.28,0.5957,60,0.28,0.5957,2,0.29,0.617,53,0
IWM190906C151,2019-09-05,2019-09-05 09:38:49,0.3,0.6382,265,0.28,0.5957,60,0.28,0.5957,2,0.29,0.617,53,0
IWM190906C151,2019-09-05,2019-09-05 09:38:49,0.3,0.6382,265,0.28,0.5957,81,0.28,0.5957,2,0.29,0.617,53,0
IWM190906C151,2019-09-05,2019-09-05 09:38:50,0.29,0.617,360,0.28,0.5957,40,0.28,0.5957,2,0.285,0.6063,53,0
IWM190906C151,2019-09-05,2019-09-05 09:38:51,0.29,0.617,360,0.28,0.5957,60,0.28,0.5957,2,0.285,0.6063,53,0
IWM190906C151,2019-09-05,2019-09-05 09:38:52,0.3,0.6382,171,0.29,0.617,10,0.28,0.5957,2,0.295,0.6276,53,0
IWM190906C151,2019-09-05,2019-09-05 09:38:52,0.29,0.617,309,0.28,0.5957,84,0.28,0.5957,2,0.285,0.6063,53,0
IWM190906C151,2019-09-05,2019-09-05 09:38:53,0.3,0.6382,210,0.29,0.617,10,0.28,0.5957,2,0.295,0.6276,53,0
IWM190906C151,2019-09-05,2019-09-05 09:38:53,0.3,0.6382,384,0.28,0.5957,41,0.28,0.5957,2,0.29,0.617,53,0
IWM190906C151,2019-09-05,2019-09-05 09:38:54,0.3,0.6382,384,0.28,0.5957,68,0.28,0.5957,2,0.29,0.617,53,0
IWM190906C151,2019-09-05,2019-09-05 09:38:55,0.29,0.617,401,0.27,0.5744,84,0.28,0.5957,2,0.28,0.5957,53,0
IWM190906C151,2019-09-05,2019-09-05 09:38:55,0.29,0.617,401,0.28,0.5957,13,0.28,0.5957,2,0.285,0.6063,53,0
IWM190906C151,2019-09-05,2019-09-05 09:38:56,0.29,0.617,401,0.28,0.5957,13,0.28,0.5957,2,0.285,0.6063,53,0
IWM190906C151,2019-09-05,2019-09-05 09:38:56,0.29,0.617,414,0.27,0.5744,74,0.28,0.5957,2,0.28,0.5957,53,0
IWM190906C151,2019-09-05,2019-09-05 09:38:57,0.29,0.617,414,0.27,0.5744,72,0.28,0.5957,2,0.28,0.5957,53,0
IWM190906C151,2019-09-05,2019-09-05 09:38:57,0.29,0.617,414,0.27,0.5744,74,0.28,0.5957,2,0.28,0.5957,53,0
IWM190906C151,2019-09-05,2019-09-05 09:38:58,0.29,0.617,414,0.27,0.5744,72,0.28,0.5957,2,0.28,0.5957,53,0
IWM190906C151,2019-09-05,2019-09-05 09:38:59,0.29,0.617,414,0.27,0.5744,72,0.28,0.5957,2,0.28,0.5957,53,0
IWM190906C151,2019-09-05,2019-09-05 09:39:00,0.29,0.617,414,0.28,0.5957,13,0.28,0.5957,2,0.285,0.6063,53,0
IWM190906C151,2019-09-05,2019-09-05 09:39:00,0.29,0.617,414,0.28,0.5957,8,0.28,0.5957,2,0.285,0.6063,53,0
IWM190906C151,2019-09-05,2019-09-05 09:39:01,0.29,0.617,414,0.27,0.5744,157,0.28,0.5957,2,0.28,0.5957,53,0
IWM190906C151,2019-09-05,2019-09-05 09:39:02,0.29,0.617,211,0.27,0.5744,57,0.28,0.5957,2,0.28,0.5957,53,0
IWM190906C151,2019-09-05,2019-09-05 09:39:02,0.29,0.617,269,0.27,0.5744,48,0.28,0.5957,2,0.28,0.5957,53,0
IWM190906C151,2019-09-05,2019-09-05 09:39:03,0.29,0.617,416,0.27,0.5744,41,0.28,0.5957,2,0.28,0.5957,53,0
IWM190906C151,2019-09-05,2019-09-05 09:39:03,0.29,0.617,416,0.27,0.5744,57,0.28,0.5957,2,0.28,0.5957,53,0
IWM190906C151,2019-09-05,2019-09-05 09:39:04,0.29,0.617,416,0.27,0.5744,41,0.28,0.5957,2,0.28,0.5957,53,0
IWM190906C151,2019-09-05,2019-09-05 09:39:05,0.28,0.5957,211,0.27,0.5744,45,0.28,0.5957,2,0.275,0.5851,53,0
IWM190906C151,2019-09-05,2019-09-05 09:39:05,0.28,0.5957,211,0.27,0.5744,41,0.28,0.5957,2,0.275,0.5851,53,0
IWM190906C151,2019-09-05,2019-09-05 09:39:06,0.28,0.5957,392,0.27,0.5744,50,0.28,0.5957,2,0.275,0.5851,53,0
IWM190906C151,2019-09-05,2019-09-05 09:39:07,0.28,0.5957,392,0.27,0.5744,41,0.28,0.5957,2,0.275,0.5851,53,0
IWM190906C151,2019-09-05,2019-09-05 09:39:07,0.29,0.617,213,0.27,0.5744,65,0.28,0.5957,2,0.28,0.5957,53,0
IWM190906C151,2019-09-05,2019-09-05 09:39:08,0.29,0.617,376,0.27,0.5744,37,0.28,0.5957,2,0.28,0.5957,53,0
IWM190906C151,2019-09-05,2019-09-05 09:39:08,0.29,0.617,376,0.27,0.5744,56,0.28,0.5957,2,0.28,0.5957,53,0
IWM190906C151,2019-09-05,2019-09-05 09:39:09,0.28,0.5957,353,0.27,0.5744,56,0.28,0.5957,2,0.275,0.5851,53,0
IWM190906C151,2019-09-05,2019-09-05 09:39:09,0.29,0.617,376,0.27,0.5744,56,0.28,0.5957,2,0.28,0.5957,53,0
IWM190906C151,2019-09-05,2019-09-05 09:39:10,0.28,0.5957,185,0.27,0.5744,56,0.28,0.5957,2,0.275,0.5851,53,0
IWM190906C151,2019-09-05,2019-09-05 09:39:10,0.28,0.5957,351,0.27,0.5744,56,0.28,0.5957,2,0.275,0.5851,53,0
IWM190906C151,2019-09-05,2019-09-05 09:39:11,0.28,0.5957,351,0.27,0.5744,56,0.28,0.5957,2,0.275,0.5851,53,0
IWM190906C151,2019-09-05,2019-09-05 09:39:12,0.28,0.5957,224,0.27,0.5744,53,0.28,0.5957,2,0.275,0.5851,53,0
IWM190906C151,2019-09-05,2019-09-05 09:39:12,0.28,0.5957,224,0.27,0.5744,56,0.28,0.5957,2,0.275,0.5851,53,0
IWM190906C151,2019-09-05,2019-09-05 09:39:13,0.28,0.5957,218,0.27,0.5744,53,0.28,0.5957,2,0.275,0.5851,53,0
IWM190906C151,2019-09-05,2019-09-05 09:39:13,0.28,0.5957,109,0.27,0.5744,25,0.28,0.5957,2,0.275,0.5851,53,0
IWM190906C151,2019-09-05,2019-09-05 09:39:14,0.28,0.5957,162,0.27,0.5744,25,0.28,0.5957,2,0.275,0.5851,53,0
IWM190906C151,2019-09-05,2019-09-05 09:39:15,0.28,0.5957,162,0.27,0.5744,4,0.28,0.5957,2,0.275,0.5851,53,0
IWM190906C151,2019-09-05,2019-09-05 09:39:15,0.28,0.5957,124,0.27,0.5744,4,0.28,0.5957,2,0.275,0.5851,53,0
IWM190906C151,2019-09-05,2019-09-05 09:39:16,0.28,0.5957,150,0.27,0.5744,4,0.28,0.5957,2,0.275,0.5851,53,0
IWM190906C151,2019-09-05,2019-09-05 09:39:16,0.28,0.5957,91,0.27,0.5744,20,0.28,0.5957,2,0.275,0.5851,53,0
IWM190906C151,2019-09-05,2019-09-05 09:39:17,0.28,0.5957,91,0.27,0.5744,23,0.28,0.5957,2,0.275,0.5851,53,0
IWM190906C151,2019-09-05,2019-09-05 09:39:17,0.28,0.5957,253,0.27,0.5744,14,0.28,0.5957,2,0.275,0.5851,53,0
IWM190906C151,2019-09-05,2019-09-05 09:39:18,0.28,0.5957,253,0.27,0.5744,10,0.28,0.5957,2,0.275,0.5851,53,0
IWM190906C151,2019-09-05,2019-09-05 09:39:18,0.28,0.5957,128,0.27,0.5744,20,0.28,0.5957,2,0.275,0.5851,53,0
IWM190906C151,2019-09-05,2019-09-05 09:39:19,0.28,0.5957,247,0.27,0.5744,29,0.28,0.5957,2,0.275,0.5851,53,0
IWM190906C151,2019-09-05,2019-09-05 09:39:20,0.29,0.617,310,0.28,0.5957,4,0.28,0.5957,2,0.285,0.6063,53,0
IWM190906C151,2019-09-05,2019-09-05 09:39:20,0.29,0.617,241,0.28,0.5957,10,0.28,0.5957,2,0.285,0.6063,53,0
IWM190906C151,2019-09-05,2019-09-05 09:39:21,0.29,0.617,353,0.28,0.5957,4,0.28,0.5957,2,0.285,0.6063,53,0
IWM190906C151,2019-09-05,2019-09-05 09:39:21,0.29,0.617,305,0.28,0.5957,4,0.28,0.5957,2,0.285,0.6063,53,0
IWM190906C151,2019-09-05,2019-09-05 09:39:22,0.29,0.617,355,0.28,0.5957,4,0.28,0.5957,2,0.285,0.6063,53,0
IWM190906C151,2019-09-05,2019-09-05 09:39:22,0.29,0.617,355,0.28,0.5957,13,0.28,0.5957,2,0.285,0.6063,53,0
IWM190906C151,2019-09-05,2019-09-05 09:39:23,0.29,0.617,355,0.28,0.5957,4,0.28,0.5957,2,0.285,0.6063,53,0
IWM190906C151,2019-09-05,2019-09-05 09:39:24,0.29,0.617,295,0.28,0.5957,4,0.28,0.5957,2,0.285,0.6063,53,0
IWM190906C151,2019-09-05,2019-09-05 09:39:25,0.29,0.617,355,0.28,0.5957,4,0.28,0.5957,2,0.285,0.6063,53,0
IWM190906C151,2019-09-05,2019-09-05 09:39:25,0.29,0.617,355,0.28,0.5957,25,0.28,0.5957,2,0.285,0.6063,53,0
IWM190906C151,2019-09-05,2019-09-05 09:39:26,0.29,0.617,87,0.28,0.5957,25,0.28,0.5957,2,0.285,0.6063,53,0
IWM190906C151,2019-09-05,2019-09-05 09:39:26,0.29,0.617,316,0.28,0.5957,25,0.28,0.5957,2,0.285,0.6063,53,0
IWM190906C151,2019-09-05,2019-09-05 09:39:27,0.29,0.617,29,0.28,0.5957,20,0.28,0.5957,2,0.285,0.6063,53,0
IWM190906C151,2019-09-05,2019-09-05 09:39:28,0.29,0.617,164,0.28,0.5957,23,0.28,0.5957,2,0.285,0.6063,53,0
IWM190906C151,2019-09-05,2019-09-05 09:39:29,0.29,0.617,164,0.28,0.5957,23,0.28,0.5957,2,0.285,0.6063,53,0
IWM190906C151,2019-09-05,2019-09-05 09:39:29,0.29,0.617,164,0.28,0.5957,32,0.28,0.5957,2,0.285,0.6063,53,0
IWM190906C151,2019-09-05,2019-09-05 09:39:30,0.29,0.617,121,0.28,0.5957,32,0.28,0.5957,2,0.285,0.6063,53,0
IWM190906C151,2019-09-05,2019-09-05 09:39:30,0.29,0.617,164,0.28,0.5957,13,0.28,0.5957,2,0.285,0.6063,53,0
IWM190906C151,2019-09-05,2019-09-05 09:39:31,0.29,0.617,53,0.29,0.617,4,0.28,0.5957,2,0.29,0.617,53,0
IWM190906C151,2019-09-05,2019-09-05 09:39:31,0.3,0.6382,320,0.29,0.617,4,0.28,0.5957,2,0.295,0.6276,53,0
IWM190906C151,2019-09-05,2019-09-05 09:39:32,0.3,0.6382,397,0.29,0.617,4,0.28,0.5957,2,0.295,0.6276,53,0
IWM190906C151,2019-09-05,2019-09-05 09:39:32,0.3,0.6382,397,0.28,0.5957,86,0.28,0.5957,2,0.29,0.617,53,0
IWM190906C151,2019-09-05,2019-09-05 09:39:33,0.3,0.6382,397,0.28,0.5957,41,0.28,0.5957,2,0.29,0.617,53,0
IWM190906C151,2019-09-05,2019-09-05 09:39:33,0.3,0.6382,397,0.28,0.5957,86,0.28,0.5957,2,0.29,0.617,53,0
IWM190906C151,2019-09-05,2019-09-05 09:39:34,0.3,0.6382,397,0.28,0.5957,60,0.28,0.5957,2,0.29,0.617,53,0
IWM190906C151,2019-09-05,2019-09-05 09:39:34,0.3,0.6382,397,0.28,0.5957,41,0.28,0.5957,2,0.29,0.617,53,0
IWM190906C151,2019-09-05,2019-09-05 09:39:35,0.3,0.6382,397,0.28,0.5957,60,0.28,0.5957,2,0.29,0.617,53,0
IWM190906C151,2019-09-05,2019-09-05 09:39:36,0.29,0.617,22,0.28,0.5957,49,0.28,0.5957,2,0.285,0.6063,53,0
IWM190906C151,2019-09-05,2019-09-05 09:39:36,0.29,0.617,163,0.28,0.5957,40,0.28,0.5957,2,0.285,0.6063,53,0
IWM190906C151,2019-09-05,2019-09-05 09:39:37,0.29,0.617,163,0.28,0.5957,40,0.28,0.5957,2,0.285,0.6063,53,0
IWM190906C151,2019-09-05,2019-09-05 09:39:37,0.29,0.617,321,0.27,0.5744,248,0.28,0.5957,2,0.28,0.5957,53,0
IWM190906C151,2019-09-05,2019-09-05 09:39:38,0.29,0.617,358,0.27,0.5744,330,0.28,0.5957,2,0.28,0.5957,53,0
IWM190906C151,2019-09-05,2019-09-05 09:39:38,0.29,0.617,83,0.28,0.5957,27,0.28,0.5957,2,0.285,0.6063,53,0
