symbol,Date,quote_time,ask_price,norm_ask_price,ask_size,bid_price,norm_bid_price,bid_size,last_trade_price,norm_last_trade_price,last_trade_size,mark_price,norm_mark_price,volume,Volume
SPY190807P284,2019-08-05,2019-08-05 09:35:00.000,1.30,1.00,76,1.28,0.9846,36,1.25,0.9615,2,1.29,0.9923,313,0
SPY190807P284,2019-08-05,2019-08-05 09:35:00.000,1.30,1.00,76,1.28,0.9846,5,1.25,0.9615,2,1.29,0.9923,313,313
SPY190807P284,2019-08-05,2019-08-05 09:35:01.000,1.31,1.0076,150,1.28,0.9846,182,1.25,0.9615,2,1.295,0.9961,313,0
SPY190807P284,2019-08-05,2019-08-05 09:35:01.000,1.29,0.9923,70,1.28,0.9846,179,1.28,0.9846,5,1.285,0.9884,318,5
SPY190807P284,2019-08-05,2019-08-05 09:35:02.000,1.29,0.9923,150,1.26,0.9692,4,1.27,0.9769,1,1.275,0.9807,319,0
SPY190807P284,2019-08-05,2019-08-05 09:35:02.000,1.30,1.00,550,1.28,0.9846,15,1.27,0.9769,1,1.29,0.9923,319,1
SPY190807P284,2019-08-05,2019-08-05 09:35:03.000,1.28,0.9846,70,1.26,0.9692,5,1.27,0.9769,1,1.27,0.9769,319,0
SPY190807P284,2019-08-05,2019-08-05 09:35:03.000,1.29,0.9923,150,1.25,0.9615,70,1.27,0.9769,1,1.27,0.9769,319,0
SPY190807P284,2019-08-05,2019-08-05 09:35:04.000,1.29,0.9923,450,1.24,0.9538,693,1.27,0.9769,1,1.265,0.973,319,0
SPY190807P284,2019-08-05,2019-08-05 09:35:04.000,1.28,0.9846,70,1.25,0.9615,70,1.27,0.9769,1,1.265,0.973,319,0
SPY190807P284,2019-08-05,2019-08-05 09:35:05.000,1.28,0.9846,100,1.26,0.9692,19,1.27,0.9769,1,1.27,0.9769,319,0
SPY190807P284,2019-08-05,2019-08-05 09:35:05.000,1.28,0.9846,100,1.24,0.9538,144,1.27,0.9769,1,1.26,0.9692,319,0
SPY190807P284,2019-08-05,2019-08-05 09:35:06.000,1.29,0.9923,198,1.26,0.9692,16,1.27,0.9769,1,1.275,0.9807,319,0
SPY190807P284,2019-08-05,2019-08-05 09:35:07.000,1.27,0.9769,70,1.24,0.9538,100,1.27,0.9769,1,1.255,0.9653,319,0
SPY190807P284,2019-08-05,2019-08-05 09:35:07.000,1.28,0.9846,70,1.26,0.9692,16,1.27,0.9769,1,1.27,0.9769,319,0
SPY190807P284,2019-08-05,2019-08-05 09:35:08.000,1.27,0.9769,70,1.24,0.9538,100,1.27,0.9769,1,1.255,0.9653,319,0
SPY190807P284,2019-08-05,2019-08-05 09:35:08.000,1.28,0.9846,218,1.24,0.9538,75,1.27,0.9769,1,1.26,0.9692,319,0
SPY190807P284,2019-08-05,2019-08-05 09:35:09.000,1.28,0.9846,278,1.24,0.9538,289,1.27,0.9769,1,1.26,0.9692,319,0
SPY190807P284,2019-08-05,2019-08-05 09:35:09.000,1.27,0.9769,185,1.24,0.9538,120,1.27,0.9769,1,1.255,0.9653,319,0
SPY190807P284,2019-08-05,2019-08-05 09:35:10.000,1.25,0.9615,102,1.22,0.9384,100,1.27,0.9769,1,1.235,0.95,319,0
SPY190807P284,2019-08-05,2019-08-05 09:35:10.000,1.25,0.9615,172,1.22,0.9384,133,1.27,0.9769,1,1.235,0.95,319,0
SPY190807P284,2019-08-05,2019-08-05 09:35:11.000,1.26,0.9692,70,1.23,0.9461,19,1.27,0.9769,1,1.245,0.9576,319,0
SPY190807P284,2019-08-05,2019-08-05 09:35:11.000,1.25,0.9615,172,1.23,0.9461,22,1.27,0.9769,1,1.24,0.9538,319,0
SPY190807P284,2019-08-05,2019-08-05 09:35:12.000,1.26,0.9692,118,1.24,0.9538,5,1.27,0.9769,1,1.25,0.9615,319,0
SPY190807P284,2019-08-05,2019-08-05 09:35:12.000,1.26,0.9692,36,1.23,0.9461,100,1.27,0.9769,1,1.245,0.9576,319,0
SPY190807P284,2019-08-05,2019-08-05 09:35:13.000,1.26,0.9692,118,1.24,0.9538,5,1.27,0.9769,1,1.25,0.9615,319,0
SPY190807P284,2019-08-05,2019-08-05 09:35:13.000,1.27,0.9769,205,1.24,0.9538,39,1.27,0.9769,1,1.255,0.9653,319,0
SPY190807P284,2019-08-05,2019-08-05 09:35:14.000,1.26,0.9692,18,1.24,0.9538,51,1.27,0.9769,1,1.25,0.9615,319,0
SPY190807P284,2019-08-05,2019-08-05 09:35:14.000,1.27,0.9769,150,1.24,0.9538,38,1.27,0.9769,1,1.255,0.9653,319,0
SPY190807P284,2019-08-05,2019-08-05 09:35:15.000,1.28,0.9846,173,1.25,0.9615,5,1.27,0.9769,1,1.265,0.973,319,0
SPY190807P284,2019-08-05,2019-08-05 09:35:16.000,1.27,0.9769,100,1.25,0.9615,100,1.27,0.9769,1,1.26,0.9692,319,0
SPY190807P284,2019-08-05,2019-08-05 09:35:16.000,1.27,0.9769,100,1.25,0.9615,5,1.27,0.9769,1,1.26,0.9692,319,0
SPY190807P284,2019-08-05,2019-08-05 09:35:17.000,1.28,0.9846,118,1.26,0.9692,16,1.27,0.9769,1,1.27,0.9769,319,0
SPY190807P284,2019-08-05,2019-08-05 09:35:17.000,1.28,0.9846,118,1.26,0.9692,11,1.27,0.9769,1,1.27,0.9769,319,0
SPY190807P284,2019-08-05,2019-08-05 09:35:18.000,1.28,0.9846,118,1.24,0.9538,75,1.27,0.9769,1,1.26,0.9692,319,0
SPY190807P284,2019-08-05,2019-08-05 09:35:18.000,1.28,0.9846,118,1.26,0.9692,5,1.27,0.9769,1,1.27,0.9769,319,0
SPY190807P284,2019-08-05,2019-08-05 09:35:19.000,1.28,0.9846,105,1.26,0.9692,138,1.27,0.9769,1,1.27,0.9769,319,0
SPY190807P284,2019-08-05,2019-08-05 09:35:19.000,1.28,0.9846,84,1.27,0.9769,5,1.27,0.9769,1,1.275,0.9807,319,0
SPY190807P284,2019-08-05,2019-08-05 09:35:20.000,1.28,0.9846,87,1.26,0.9692,100,1.27,0.9769,1,1.27,0.9769,319,0
SPY190807P284,2019-08-05,2019-08-05 09:35:21.000,1.29,0.9923,133,1.27,0.9769,14,1.27,0.9769,1,1.28,0.9846,319,0
SPY190807P284,2019-08-05,2019-08-05 09:35:21.000,1.30,1.00,134,1.26,0.9692,100,1.27,0.9769,1,1.28,0.9846,319,0
SPY190807P284,2019-08-05,2019-08-05 09:35:22.000,1.29,0.9923,103,1.27,0.9769,24,1.27,0.9769,1,1.28,0.9846,319,0
SPY190807P284,2019-08-05,2019-08-05 09:35:22.000,1.30,1.00,134,1.28,0.9846,100,1.27,0.9769,1,1.29,0.9923,319,0
SPY190807P284,2019-08-05,2019-08-05 09:35:23.000,1.29,0.9923,84,1.27,0.9769,100,1.27,0.9769,1,1.28,0.9846,319,0
SPY190807P284,2019-08-05,2019-08-05 09:35:24.000,1.29,0.9923,70,1.25,0.9615,710,1.27,0.9769,1,1.27,0.9769,319,0
SPY190807P284,2019-08-05,2019-08-05 09:35:24.000,1.29,0.9923,84,1.28,0.9846,25,1.27,0.9769,1,1.285,0.9884,319,0
SPY190807P284,2019-08-05,2019-08-05 09:35:25.000,1.29,0.9923,87,1.26,0.9692,24,1.27,0.9769,1,1.275,0.9807,319,0
SPY190807P284,2019-08-05,2019-08-05 09:35:25.000,1.29,0.9923,84,1.26,0.9692,24,1.27,0.9769,1,1.275,0.9807,319,0
SPY190807P284,2019-08-05,2019-08-05 09:35:26.000,1.29,0.9923,84,1.28,0.9846,1,1.27,0.9769,1,1.285,0.9884,319,0
SPY190807P284,2019-08-05,2019-08-05 09:35:27.000,1.29,0.9923,150,1.25,0.9615,97,1.28,0.9846,1,1.27,0.9769,320,0
SPY190807P284,2019-08-05,2019-08-05 09:35:27.000,1.29,0.9923,130,1.25,0.9615,265,1.28,0.9846,1,1.27,0.9769,320,1
SPY190807P284,2019-08-05,2019-08-05 09:35:28.000,1.29,0.9923,186,1.26,0.9692,5,1.28,0.9846,1,1.275,0.9807,320,0
SPY190807P284,2019-08-05,2019-08-05 09:35:28.000,1.27,0.9769,70,1.25,0.9615,16,1.28,0.9846,1,1.26,0.9692,320,0
SPY190807P284,2019-08-05,2019-08-05 09:35:29.000,1.27,0.9769,70,1.25,0.9615,161,1.28,0.9846,1,1.26,0.9692,320,0
SPY190807P284,2019-08-05,2019-08-05 09:35:29.000,1.27,0.9769,136,1.25,0.9615,106,1.28,0.9846,1,1.26,0.9692,320,0
SPY190807P284,2019-08-05,2019-08-05 09:35:30.000,1.28,0.9846,134,1.26,0.9692,5,1.28,0.9846,1,1.27,0.9769,320,0
SPY190807P284,2019-08-05,2019-08-05 09:35:30.000,1.28,0.9846,88,1.26,0.9692,37,1.28,0.9846,1,1.27,0.9769,320,0
SPY190807P284,2019-08-05,2019-08-05 09:35:31.000,1.28,0.9846,70,1.27,0.9769,16,1.28,0.9846,1,1.275,0.9807,320,0
SPY190807P284,2019-08-05,2019-08-05 09:35:31.000,1.28,0.9846,70,1.27,0.9769,5,1.28,0.9846,1,1.275,0.9807,320,0
SPY190807P284,2019-08-05,2019-08-05 09:35:32.000,1.28,0.9846,70,1.27,0.9769,119,1.28,0.9846,1,1.275,0.9807,320,0
SPY190807P284,2019-08-05,2019-08-05 09:35:32.000,1.29,0.9923,88,1.27,0.9769,119,1.28,0.9846,1,1.28,0.9846,320,0
SPY190807P284,2019-08-05,2019-08-05 09:35:33.000,1.30,1.00,88,1.28,0.9846,191,1.28,0.9846,1,1.29,0.9923,320,0
SPY190807P284,2019-08-05,2019-08-05 09:35:33.000,1.30,1.00,136,1.28,0.9846,5,1.28,0.9846,1,1.29,0.9923,320,0
SPY190807P284,2019-08-05,2019-08-05 09:35:34.000,1.30,1.00,88,1.28,0.9846,191,1.28,0.9846,1,1.29,0.9923,320,0
SPY190807P284,2019-08-05,2019-08-05 09:35:34.000,1.30,1.00,105,1.28,0.9846,121,1.28,0.9846,1,1.29,0.9923,320,0
SPY190807P284,2019-08-05,2019-08-05 09:35:35.000,1.29,0.9923,106,1.28,0.9846,72,1.28,0.9846,1,1.285,0.9884,320,0
SPY190807P284,2019-08-05,2019-08-05 09:35:35.000,1.29,0.9923,70,1.28,0.9846,16,1.28,0.9846,1,1.285,0.9884,320,0
SPY190807P284,2019-08-05,2019-08-05 09:35:36.000,1.29,0.9923,70,1.28,0.9846,35,1.28,0.9846,1,1.285,0.9884,320,0
SPY190807P284,2019-08-05,2019-08-05 09:35:37.000,1.30,1.00,175,1.28,0.9846,85,1.28,0.9846,1,1.29,0.9923,320,0
SPY190807P284,2019-08-05,2019-08-05 09:35:37.000,1.29,0.9923,91,1.28,0.9846,85,1.28,0.9846,1,1.285,0.9884,320,0
SPY190807P284,2019-08-05,2019-08-05 09:35:38.000,1.29,0.9923,171,1.27,0.9769,150,1.28,0.9846,1,1.28,0.9846,320,0
SPY190807P284,2019-08-05,2019-08-05 09:35:39.000,1.29,0.9923,171,1.27,0.9769,142,1.28,0.9846,1,1.28,0.9846,320,0
SPY190807P284,2019-08-05,2019-08-05 09:35:39.000,1.29,0.9923,194,1.27,0.9769,36,1.28,0.9846,1,1.28,0.9846,320,0
SPY190807P284,2019-08-05,2019-08-05 09:35:40.000,1.29,0.9923,84,1.25,0.9615,323,1.28,0.9846,1,1.27,0.9769,320,0
SPY190807P284,2019-08-05,2019-08-05 09:35:40.000,1.29,0.9923,204,1.27,0.9769,97,1.28,0.9846,1,1.28,0.9846,320,0
SPY190807P284,2019-08-05,2019-08-05 09:35:41.000,1.29,0.9923,285,1.26,0.9692,194,1.28,0.9846,1,1.275,0.9807,320,0
SPY190807P284,2019-08-05,2019-08-05 09:35:41.000,1.28,0.9846,81,1.27,0.9769,122,1.28,0.9846,1,1.275,0.9807,320,0
SPY190807P284,2019-08-05,2019-08-05 09:35:42.000,1.28,0.9846,121,1.27,0.9769,5,1.28,0.9846,1,1.275,0.9807,320,0
SPY190807P284,2019-08-05,2019-08-05 09:35:43.000,1.28,0.9846,81,1.27,0.9769,100,1.28,0.9846,1,1.275,0.9807,320,0
SPY190807P284,2019-08-05,2019-08-05 09:35:43.000,1.29,0.9923,150,1.27,0.9769,16,1.28,0.9846,1,1.28,0.9846,320,0
SPY190807P284,2019-08-05,2019-08-05 09:35:44.000,1.28,0.9846,81,1.27,0.9769,118,1.28,0.9846,1,1.275,0.9807,320,0
SPY190807P284,2019-08-05,2019-08-05 09:35:44.000,1.28,0.9846,88,1.27,0.9769,5,1.28,0.9846,1,1.275,0.9807,320,0
SPY190807P284,2019-08-05,2019-08-05 09:35:45.000,1.28,0.9846,218,1.25,0.9615,41,1.27,0.9769,8,1.265,0.973,328,0
SPY190807P284,2019-08-05,2019-08-05 09:35:45.000,1.28,0.9846,88,1.27,0.9769,79,1.27,0.9769,8,1.275,0.9807,328,8
SPY190807P284,2019-08-05,2019-08-05 09:35:46.000,1.28,0.9846,88,1.27,0.9769,112,1.27,0.9769,8,1.275,0.9807,328,0
SPY190807P284,2019-08-05,2019-08-05 09:35:46.000,1.28,0.9846,136,1.26,0.9692,98,1.27,0.9769,8,1.27,0.9769,328,0
SPY190807P284,2019-08-05,2019-08-05 09:35:47.000,1.27,0.9769,36,1.26,0.9692,116,1.27,0.9769,8,1.265,0.973,328,0
SPY190807P284,2019-08-05,2019-08-05 09:35:47.000,1.28,0.9846,88,1.26,0.9692,159,1.27,0.9769,8,1.27,0.9769,328,0
SPY190807P284,2019-08-05,2019-08-05 09:35:48.000,1.28,0.9846,136,1.26,0.9692,131,1.27,0.9769,8,1.27,0.9769,328,0
SPY190807P284,2019-08-05,2019-08-05 09:35:48.000,1.27,0.9769,36,1.26,0.9692,116,1.27,0.9769,8,1.265,0.973,328,0
SPY190807P284,2019-08-05,2019-08-05 09:35:49.000,1.29,0.9923,118,1.26,0.9692,36,1.27,0.9769,8,1.275,0.9807,328,0
SPY190807P284,2019-08-05,2019-08-05 09:35:49.000,1.28,0.9846,136,1.26,0.9692,176,1.27,0.9769,8,1.27,0.9769,328,0
SPY190807P284,2019-08-05,2019-08-05 09:35:50.000,1.29,0.9923,70,1.26,0.9692,36,1.27,0.9769,8,1.275,0.9807,328,0
SPY190807P284,2019-08-05,2019-08-05 09:35:50.000,1.31,1.0076,377,1.28,0.9846,5,1.27,0.9769,8,1.295,0.9961,328,0
SPY190807P284,2019-08-05,2019-08-05 09:35:51.000,1.30,1.00,88,1.28,0.9846,7,1.27,0.9769,8,1.29,0.9923,328,0
SPY190807P284,2019-08-05,2019-08-05 09:35:51.000,1.30,1.00,70,1.28,0.9846,148,1.27,0.9769,8,1.29,0.9923,328,0
SPY190807P284,2019-08-05,2019-08-05 09:35:52.000,1.30,1.00,70,1.28,0.9846,161,1.27,0.9769,8,1.29,0.9923,328,0
SPY190807P284,2019-08-05,2019-08-05 09:35:52.000,1.30,1.00,70,1.29,0.9923,1,1.27,0.9769,8,1.295,0.9961,328,0
SPY190807P284,2019-08-05,2019-08-05 09:35:53.000,1.29,0.9923,106,1.27,0.9769,36,1.27,0.9769,8,1.28,0.9846,328,0
SPY190807P284,2019-08-05,2019-08-05 09:35:53.000,1.30,1.00,141,1.27,0.9769,167,1.27,0.9769,8,1.285,0.9884,328,0
SPY190807P284,2019-08-05,2019-08-05 09:35:54.000,1.29,0.9923,106,1.28,0.9846,93,1.27,0.9769,8,1.285,0.9884,328,0
SPY190807P284,2019-08-05,2019-08-05 09:35:54.000,1.30,1.00,105,1.28,0.9846,93,1.27,0.9769,8,1.29,0.9923,328,0
SPY190807P284,2019-08-05,2019-08-05 09:35:55.000,1.29,0.9923,70,1.28,0.9846,151,1.27,0.9769,8,1.285,0.9884,328,0
SPY190807P284,2019-08-05,2019-08-05 09:35:55.000,1.30,1.00,118,1.27,0.9769,18,1.27,0.9769,8,1.285,0.9884,328,0
SPY190807P284,2019-08-05,2019-08-05 09:35:56.000,1.30,1.00,106,1.28,0.9846,151,1.27,0.9769,8,1.29,0.9923,328,0
SPY190807P284,2019-08-05,2019-08-05 09:35:57.000,1.30,1.00,88,1.29,0.9923,128,1.27,0.9769,8,1.295,0.9961,328,0
SPY190807P284,2019-08-05,2019-08-05 09:35:57.000,1.30,1.00,106,1.28,0.9846,210,1.27,0.9769,8,1.29,0.9923,328,0
SPY190807P284,2019-08-05,2019-08-05 09:35:58.000,1.31,1.0076,89,1.29,0.9923,148,1.27,0.9769,8,1.30,1.00,328,0
SPY190807P284,2019-08-05,2019-08-05 09:35:58.000,1.31,1.0076,100,1.30,1.00,1,1.30,1.00,1,1.305,1.0038,330,2
SPY190807P284,2019-08-05,2019-08-05 09:35:59.000,1.31,1.0076,100,1.29,0.9923,186,1.30,1.00,1,1.30,1.00,330,0
SPY190807P284,2019-08-05,2019-08-05 09:36:00.000,1.31,1.0076,118,1.29,0.9923,5,1.30,1.00,1,1.30,1.00,330,0
SPY190807P284,2019-08-05,2019-08-05 09:36:00.000,1.31,1.0076,84,1.29,0.9923,260,1.30,1.00,1,1.30,1.00,330,0
SPY190807P284,2019-08-05,2019-08-05 09:36:01.000,1.32,1.0153,567,1.29,0.9923,147,1.30,1.00,1,1.305,1.0038,330,0
SPY190807P284,2019-08-05,2019-08-05 09:36:01.000,1.31,1.0076,100,1.29,0.9923,147,1.30,1.00,1,1.30,1.00,330,0
SPY190807P284,2019-08-05,2019-08-05 09:36:02.000,1.31,1.0076,70,1.29,0.9923,183,1.30,1.00,1,1.30,1.00,330,0
SPY190807P284,2019-08-05,2019-08-05 09:36:02.000,1.32,1.0153,88,1.30,1.00,25,1.30,1.00,1,1.31,1.0076,330,0
SPY190807P284,2019-08-05,2019-08-05 09:36:03.000,1.32,1.0153,106,1.31,1.0076,5,1.30,1.00,1,1.315,1.0115,330,0
SPY190807P284,2019-08-05,2019-08-05 09:36:03.000,1.32,1.0153,89,1.31,1.0076,5,1.30,1.00,1,1.315,1.0115,330,0
SPY190807P284,2019-08-05,2019-08-05 09:36:04.000,1.33,1.023,118,1.31,1.0076,198,1.30,1.00,1,1.32,1.0153,330,0
SPY190807P284,2019-08-05,2019-08-05 09:36:04.000,1.33,1.023,88,1.31,1.0076,95,1.30,1.00,1,1.32,1.0153,330,0
SPY190807P284,2019-08-05,2019-08-05 09:36:05.000,1.35,1.0384,203,1.32,1.0153,613,1.30,1.00,1,1.335,1.0269,330,0
SPY190807P284,2019-08-05,2019-08-05 09:36:05.000,1.35,1.0384,100,1.33,1.023,5,1.30,1.00,1,1.34,1.0307,330,0
SPY190807P284,2019-08-05,2019-08-05 09:36:06.000,1.35,1.0384,117,1.33,1.023,5,1.30,1.00,1,1.34,1.0307,330,0
SPY190807P284,2019-08-05,2019-08-05 09:36:06.000,1.35,1.0384,84,1.34,1.0307,5,1.30,1.00,1,1.345,1.0346,330,0
SPY190807P284,2019-08-05,2019-08-05 09:36:07.000,1.35,1.0384,88,1.34,1.0307,5,1.30,1.00,1,1.345,1.0346,330,0
SPY190807P284,2019-08-05,2019-08-05 09:36:08.000,1.36,1.0461,112,1.34,1.0307,5,1.30,1.00,1,1.35,1.0384,330,0
SPY190807P284,2019-08-05,2019-08-05 09:36:08.000,1.35,1.0384,87,1.34,1.0307,5,1.30,1.00,1,1.345,1.0346,330,0
SPY190807P284,2019-08-05,2019-08-05 09:36:09.000,1.36,1.0461,112,1.33,1.023,5,1.30,1.00,1,1.345,1.0346,330,0
SPY190807P284,2019-08-05,2019-08-05 09:36:10.000,1.35,1.0384,18,1.33,1.023,169,1.30,1.00,1,1.34,1.0307,330,0
SPY190807P284,2019-08-05,2019-08-05 09:36:11.000,1.35,1.0384,18,1.33,1.023,182,1.30,1.00,1,1.34,1.0307,330,0
SPY190807P284,2019-08-05,2019-08-05 09:36:11.000,1.35,1.0384,91,1.33,1.023,208,1.30,1.00,1,1.34,1.0307,330,0
SPY190807P284,2019-08-05,2019-08-05 09:36:12.000,1.35,1.0384,36,1.34,1.0307,16,1.30,1.00,1,1.345,1.0346,330,0
SPY190807P284,2019-08-05,2019-08-05 09:36:12.000,1.35,1.0384,91,1.33,1.023,208,1.30,1.00,1,1.34,1.0307,330,0
SPY190807P284,2019-08-05,2019-08-05 09:36:13.000,1.36,1.0461,238,1.34,1.0307,28,1.35,1.0384,1,1.35,1.0384,331,1
SPY190807P284,2019-08-05,2019-08-05 09:36:13.000,1.36,1.0461,236,1.34,1.0307,16,1.30,1.00,1,1.35,1.0384,330,0
SPY190807P284,2019-08-05,2019-08-05 09:36:14.000,1.36,1.0461,236,1.34,1.0307,16,1.35,1.0384,1,1.35,1.0384,331,0
SPY190807P284,2019-08-05,2019-08-05 09:36:14.000,1.37,1.0538,284,1.34,1.0307,16,1.35,1.0384,1,1.355,1.0423,331,0
SPY190807P284,2019-08-05,2019-08-05 09:36:15.000,1.37,1.0538,284,1.35,1.0384,5,1.35,1.0384,1,1.36,1.0461,331,0
SPY190807P284,2019-08-05,2019-08-05 09:36:16.000,1.36,1.0461,36,1.35,1.0384,16,1.35,1.0384,1,1.355,1.0423,331,0
SPY190807P284,2019-08-05,2019-08-05 09:36:16.000,1.38,1.0615,360,1.35,1.0384,50,1.35,1.0384,1,1.365,1.05,331,0
SPY190807P284,2019-08-05,2019-08-05 09:36:17.000,1.36,1.0461,150,1.35,1.0384,50,1.35,1.0384,1,1.355,1.0423,331,0
SPY190807P284,2019-08-05,2019-08-05 09:36:17.000,1.36,1.0461,186,1.35,1.0384,50,1.35,1.0384,1,1.355,1.0423,331,0
SPY190807P284,2019-08-05,2019-08-05 09:36:18.000,1.36,1.0461,169,1.35,1.0384,50,1.36,1.0461,1,1.355,1.0423,332,0
SPY190807P284,2019-08-05,2019-08-05 09:36:18.000,1.36,1.0461,169,1.35,1.0384,50,1.36,1.0461,1,1.355,1.0423,332,1
SPY190807P284,2019-08-05,2019-08-05 09:36:19.000,1.36,1.0461,98,1.35,1.0384,1,1.36,1.0461,1,1.355,1.0423,332,0
SPY190807P284,2019-08-05,2019-08-05 09:36:19.000,1.37,1.0538,490,1.35,1.0384,50,1.36,1.0461,1,1.36,1.0461,332,0
SPY190807P284,2019-08-05,2019-08-05 09:36:20.000,1.37,1.0538,585,1.35,1.0384,1,1.36,1.0461,1,1.36,1.0461,332,0
SPY190807P284,2019-08-05,2019-08-05 09:36:20.000,1.36,1.0461,18,1.35,1.0384,1,1.36,1.0461,1,1.355,1.0423,332,0
SPY190807P284,2019-08-05,2019-08-05 09:36:21.000,1.36,1.0461,36,1.35,1.0384,16,1.35,1.0384,5,1.355,1.0423,337,0
SPY190807P284,2019-08-05,2019-08-05 09:36:21.000,1.36,1.0461,18,1.35,1.0384,83,1.35,1.0384,5,1.355,1.0423,337,5
SPY190807P284,2019-08-05,2019-08-05 09:36:22.000,1.36,1.0461,18,1.35,1.0384,77,1.35,1.0384,5,1.355,1.0423,337,0
SPY190807P284,2019-08-05,2019-08-05 09:36:22.000,1.37,1.0538,203,1.35,1.0384,91,1.35,1.0384,5,1.36,1.0461,337,0
SPY190807P284,2019-08-05,2019-08-05 09:36:23.000,1.36,1.0461,70,1.35,1.0384,124,1.35,1.0384,5,1.355,1.0423,337,0
SPY190807P284,2019-08-05,2019-08-05 09:36:23.000,1.37,1.0538,88,1.36,1.0461,32,1.35,1.0384,5,1.365,1.05,337,0
SPY190807P284,2019-08-05,2019-08-05 09:36:24.000,1.36,1.0461,70,1.35,1.0384,124,1.35,1.0384,5,1.355,1.0423,337,0
SPY190807P284,2019-08-05,2019-08-05 09:36:24.000,1.36,1.0461,118,1.35,1.0384,1,1.35,1.0384,5,1.355,1.0423,337,0
SPY190807P284,2019-08-05,2019-08-05 09:36:25.000,1.36,1.0461,118,1.35,1.0384,74,1.35,1.0384,1,1.355,1.0423,338,0
SPY190807P284,2019-08-05,2019-08-05 09:36:25.000,1.36,1.0461,118,1.35,1.0384,1,1.35,1.0384,1,1.355,1.0423,338,1
SPY190807P284,2019-08-05,2019-08-05 09:36:26.000,1.35,1.0384,70,1.34,1.0307,143,1.36,1.0461,2,1.345,1.0346,340,0
SPY190807P284,2019-08-05,2019-08-05 09:36:26.000,1.35,1.0384,70,1.34,1.0307,143,1.36,1.0461,2,1.345,1.0346,340,2
SPY190807P284,2019-08-05,2019-08-05 09:36:27.000,1.35,1.0384,85,1.34,1.0307,134,1.36,1.0461,2,1.345,1.0346,340,0
SPY190807P284,2019-08-05,2019-08-05 09:36:27.000,1.35,1.0384,70,1.34,1.0307,134,1.36,1.0461,2,1.345,1.0346,340,0
SPY190807P284,2019-08-05,2019-08-05 09:36:28.000,1.35,1.0384,85,1.34,1.0307,134,1.36,1.0461,2,1.345,1.0346,340,0
SPY190807P284,2019-08-05,2019-08-05 09:36:28.000,1.35,1.0384,70,1.34,1.0307,60,1.36,1.0461,2,1.345,1.0346,340,0
SPY190807P284,2019-08-05,2019-08-05 09:36:29.000,1.36,1.0461,100,1.34,1.0307,16,1.36,1.0461,2,1.35,1.0384,340,0
SPY190807P284,2019-08-05,2019-08-05 09:36:30.000,1.36,1.0461,118,1.35,1.0384,37,1.36,1.0461,1,1.355,1.0423,341,0
SPY190807P284,2019-08-05,2019-08-05 09:36:30.000,1.36,1.0461,118,1.35,1.0384,40,1.36,1.0461,1,1.355,1.0423,341,1
SPY190807P284,2019-08-05,2019-08-05 09:36:31.000,1.35,1.0384,360,1.33,1.023,176,1.36,1.0461,1,1.34,1.0307,341,0
SPY190807P284,2019-08-05,2019-08-05 09:36:31.000,1.35,1.0384,478,1.33,1.023,176,1.36,1.0461,1,1.34,1.0307,341,0
SPY190807P284,2019-08-05,2019-08-05 09:36:32.000,1.35,1.0384,403,1.33,1.023,124,1.36,1.0461,1,1.34,1.0307,341,0
SPY190807P284,2019-08-05,2019-08-05 09:36:32.000,1.35,1.0384,465,1.33,1.023,100,1.36,1.0461,1,1.34,1.0307,341,0
SPY190807P284,2019-08-05,2019-08-05 09:36:33.000,1.35,1.0384,93,1.33,1.023,177,1.36,1.0461,1,1.34,1.0307,341,0
SPY190807P284,2019-08-05,2019-08-05 09:36:33.000,1.36,1.0461,459,1.34,1.0307,24,1.36,1.0461,1,1.35,1.0384,341,0
SPY190807P284,2019-08-05,2019-08-05 09:36:34.000,1.36,1.0461,580,1.34,1.0307,75,1.36,1.0461,1,1.35,1.0384,341,0
SPY190807P284,2019-08-05,2019-08-05 09:36:34.000,1.36,1.0461,580,1.34,1.0307,62,1.36,1.0461,1,1.35,1.0384,341,0
SPY190807P284,2019-08-05,2019-08-05 09:36:35.000,1.36,1.0461,459,1.34,1.0307,75,1.36,1.0461,1,1.35,1.0384,341,0
SPY190807P284,2019-08-05,2019-08-05 09:36:36.000,1.36,1.0461,162,1.34,1.0307,117,1.36,1.0461,1,1.35,1.0384,341,0
SPY190807P284,2019-08-05,2019-08-05 09:36:36.000,1.36,1.0461,590,1.34,1.0307,85,1.36,1.0461,1,1.35,1.0384,341,0
SPY190807P284,2019-08-05,2019-08-05 09:36:37.000,1.36,1.0461,140,1.34,1.0307,117,1.36,1.0461,1,1.35,1.0384,341,0
SPY190807P284,2019-08-05,2019-08-05 09:36:37.000,1.35,1.0384,36,1.34,1.0307,84,1.36,1.0461,1,1.345,1.0346,341,0
SPY190807P284,2019-08-05,2019-08-05 09:36:38.000,1.35,1.0384,36,1.34,1.0307,84,1.36,1.0461,1,1.345,1.0346,341,0
SPY190807P284,2019-08-05,2019-08-05 09:36:38.000,1.35,1.0384,18,1.34,1.0307,84,1.36,1.0461,1,1.345,1.0346,341,0
SPY190807P284,2019-08-05,2019-08-05 09:36:39.000,1.36,1.0461,94,1.34,1.0307,173,1.36,1.0461,1,1.35,1.0384,341,0
SPY190807P284,2019-08-05,2019-08-05 09:36:39.000,1.35,1.0384,18,1.34,1.0307,85,1.36,1.0461,1,1.345,1.0346,341,0
SPY190807P284,2019-08-05,2019-08-05 09:36:40.000,1.36,1.0461,36,1.34,1.0307,248,1.36,1.0461,1,1.35,1.0384,341,0
SPY190807P284,2019-08-05,2019-08-05 09:36:40.000,1.36,1.0461,36,1.35,1.0384,16,1.36,1.0461,1,1.355,1.0423,341,0
SPY190807P284,2019-08-05,2019-08-05 09:36:41.000,1.36,1.0461,1,1.35,1.0384,66,1.36,1.0461,1,1.355,1.0423,341,0
SPY190807P284,2019-08-05,2019-08-05 09:36:41.000,1.36,1.0461,1,1.35,1.0384,78,1.36,1.0461,1,1.355,1.0423,341,0
SPY190807P284,2019-08-05,2019-08-05 09:36:42.000,1.36,1.0461,36,1.35,1.0384,53,1.36,1.0461,1,1.355,1.0423,341,0
SPY190807P284,2019-08-05,2019-08-05 09:36:42.000,1.36,1.0461,36,1.35,1.0384,100,1.36,1.0461,1,1.355,1.0423,341,0
SPY190807P284,2019-08-05,2019-08-05 09:36:43.000,1.36,1.0461,36,1.35,1.0384,5,1.36,1.0461,1,1.355,1.0423,341,0
SPY190807P284,2019-08-05,2019-08-05 09:36:43.000,1.36,1.0461,36,1.35,1.0384,100,1.36,1.0461,1,1.355,1.0423,341,0
SPY190807P284,2019-08-05,2019-08-05 09:36:44.000,1.36,1.0461,118,1.34,1.0307,117,1.36,1.0461,1,1.35,1.0384,341,0
SPY190807P284,2019-08-05,2019-08-05 09:36:44.000,1.36,1.0461,36,1.34,1.0307,117,1.36,1.0461,1,1.35,1.0384,341,0
SPY190807P284,2019-08-05,2019-08-05 09:36:45.000,1.36,1.0461,93,1.34,1.0307,132,1.36,1.0461,1,1.35,1.0384,343,2
SPY190807P284,2019-08-05,2019-08-05 09:36:45.000,1.36,1.0461,118,1.34,1.0307,132,1.36,1.0461,1,1.35,1.0384,341,0
SPY190807P284,2019-08-05,2019-08-05 09:36:46.000,1.36,1.0461,186,1.34,1.0307,138,1.36,1.0461,1,1.35,1.0384,343,0
SPY190807P284,2019-08-05,2019-08-05 09:36:46.000,1.36,1.0461,93,1.34,1.0307,153,1.36,1.0461,1,1.35,1.0384,343,0
SPY190807P284,2019-08-05,2019-08-05 09:36:47.000,1.36,1.0461,106,1.35,1.0384,5,1.35,1.0384,1,1.355,1.0423,344,1
SPY190807P284,2019-08-05,2019-08-05 09:36:47.000,1.36,1.0461,85,1.35,1.0384,115,1.35,1.0384,1,1.355,1.0423,344,0
SPY190807P284,2019-08-05,2019-08-05 09:36:48.000,1.36,1.0461,24,1.35,1.0384,115,1.35,1.0384,1,1.355,1.0423,344,0
SPY190807P284,2019-08-05,2019-08-05 09:36:48.000,1.36,1.0461,94,1.35,1.0384,103,1.35,1.0384,1,1.355,1.0423,344,0
SPY190807P284,2019-08-05,2019-08-05 09:36:49.000,1.36,1.0461,94,1.35,1.0384,92,1.36,1.0461,60,1.355,1.0423,404,60
SPY190807P284,2019-08-05,2019-08-05 09:36:49.000,1.36,1.0461,94,1.35,1.0384,92,1.36,1.0461,60,1.355,1.0423,404,0
SPY190807P284,2019-08-05,2019-08-05 09:36:50.000,1.36,1.0461,82,1.34,1.0307,100,1.36,1.0461,60,1.35,1.0384,404,0
SPY190807P284,2019-08-05,2019-08-05 09:36:50.000,1.36,1.0461,85,1.34,1.0307,177,1.36,1.0461,60,1.35,1.0384,404,0
SPY190807P284,2019-08-05,2019-08-05 09:36:51.000,1.36,1.0461,85,1.34,1.0307,177,1.36,1.0461,60,1.35,1.0384,404,0
SPY190807P284,2019-08-05,2019-08-05 09:36:51.000,1.36,1.0461,85,1.34,1.0307,180,1.36,1.0461,60,1.35,1.0384,404,0
SPY190807P284,2019-08-05,2019-08-05 09:36:52.000,1.36,1.0461,24,1.35,1.0384,97,1.36,1.0461,1,1.355,1.0423,405,0
SPY190807P284,2019-08-05,2019-08-05 09:36:52.000,1.36,1.0461,24,1.35,1.0384,110,1.36,1.0461,1,1.355,1.0423,405,1
SPY190807P284,2019-08-05,2019-08-05 09:36:53.000,1.36,1.0461,24,1.35,1.0384,97,1.36,1.0461,1,1.355,1.0423,405,0
SPY190807P284,2019-08-05,2019-08-05 09:36:54.000,1.36,1.0461,1,1.35,1.0384,97,1.36,1.0461,1,1.355,1.0423,405,0
SPY190807P284,2019-08-05,2019-08-05 09:36:54.000,1.39,1.0692,560,1.35,1.0384,124,1.36,1.0461,1,1.37,1.0538,406,1
SPY190807P284,2019-08-05,2019-08-05 09:36:55.000,1.37,1.0538,88,1.35,1.0384,46,1.36,1.0461,1,1.36,1.0461,406,0
SPY190807P284,2019-08-05,2019-08-05 09:36:55.000,1.37,1.0538,88,1.36,1.0461,5,1.36,1.0461,1,1.365,1.05,406,0
SPY190807P284,2019-08-05,2019-08-05 09:36:56.000,1.37,1.0538,88,1.35,1.0384,177,1.36,1.0461,1,1.36,1.0461,406,0
SPY190807P284,2019-08-05,2019-08-05 09:36:57.000,1.37,1.0538,88,1.35,1.0384,177,1.36,1.0461,1,1.36,1.0461,406,0
SPY190807P284,2019-08-05,2019-08-05 09:36:58.000,1.37,1.0538,546,1.35,1.0384,143,1.36,1.0461,1,1.36,1.0461,406,0
SPY190807P284,2019-08-05,2019-08-05 09:36:58.000,1.37,1.0538,84,1.35,1.0384,143,1.36,1.0461,1,1.36,1.0461,406,0
SPY190807P284,2019-08-05,2019-08-05 09:36:59.000,1.37,1.0538,84,1.35,1.0384,158,1.36,1.0461,1,1.36,1.0461,406,0
SPY190807P284,2019-08-05,2019-08-05 09:37:00.000,1.38,1.0615,350,1.36,1.0461,177,1.36,1.0461,1,1.37,1.0538,406,0
SPY190807P284,2019-08-05,2019-08-05 09:37:00.000,1.37,1.0538,84,1.35,1.0384,105,1.36,1.0461,1,1.36,1.0461,406,0
SPY190807P284,2019-08-05,2019-08-05 09:37:01.000,1.38,1.0615,134,1.36,1.0461,177,1.36,1.0461,1,1.37,1.0538,406,0
SPY190807P284,2019-08-05,2019-08-05 09:37:01.000,1.38,1.0615,92,1.37,1.0538,5,1.36,1.0461,1,1.375,1.0576,406,0
SPY190807P284,2019-08-05,2019-08-05 09:37:02.000,1.38,1.0615,84,1.37,1.0538,5,1.36,1.0461,1,1.375,1.0576,406,0
SPY190807P284,2019-08-05,2019-08-05 09:37:02.000,1.39,1.0692,365,1.37,1.0538,5,1.36,1.0461,1,1.38,1.0615,406,0
SPY190807P284,2019-08-05,2019-08-05 09:37:03.000,1.38,1.0615,84,1.37,1.0538,5,1.36,1.0461,1,1.375,1.0576,406,0
SPY190807P284,2019-08-05,2019-08-05 09:37:03.000,1.39,1.0692,387,1.37,1.0538,5,1.36,1.0461,1,1.38,1.0615,406,0
SPY190807P284,2019-08-05,2019-08-05 09:37:04.000,1.39,1.0692,615,1.37,1.0538,5,1.36,1.0461,1,1.38,1.0615,406,0
SPY190807P284,2019-08-05,2019-08-05 09:37:04.000,1.38,1.0615,130,1.37,1.0538,5,1.36,1.0461,1,1.375,1.0576,406,0
SPY190807P284,2019-08-05,2019-08-05 09:37:05.000,1.38,1.0615,130,1.37,1.0538,5,1.36,1.0461,1,1.375,1.0576,406,0
SPY190807P284,2019-08-05,2019-08-05 09:37:05.000,1.38,1.0615,100,1.37,1.0538,5,1.36,1.0461,1,1.375,1.0576,406,0
SPY190807P284,2019-08-05,2019-08-05 09:37:06.000,1.38,1.0615,184,1.36,1.0461,5,1.36,1.0461,1,1.37,1.0538,406,0
SPY190807P284,2019-08-05,2019-08-05 09:37:06.000,1.38,1.0615,581,1.34,1.0307,5,1.36,1.0461,1,1.36,1.0461,406,0
SPY190807P284,2019-08-05,2019-08-05 09:37:07.000,1.38,1.0615,261,1.34,1.0307,15,1.36,1.0461,1,1.36,1.0461,406,0
SPY190807P284,2019-08-05,2019-08-05 09:37:07.000,1.38,1.0615,106,1.35,1.0384,177,1.36,1.0461,1,1.365,1.05,406,0
SPY190807P284,2019-08-05,2019-08-05 09:37:08.000,1.38,1.0615,88,1.36,1.0461,10,1.36,1.0461,1,1.37,1.0538,406,0
SPY190807P284,2019-08-05,2019-08-05 09:37:08.000,1.39,1.0692,168,1.36,1.0461,124,1.36,1.0461,1,1.375,1.0576,406,0
SPY190807P284,2019-08-05,2019-08-05 09:37:09.000,1.39,1.0692,285,1.36,1.0461,177,1.36,1.0461,1,1.375,1.0576,406,0
SPY190807P284,2019-08-05,2019-08-05 09:37:09.000,1.38,1.0615,106,1.36,1.0461,177,1.36,1.0461,1,1.37,1.0538,406,0
SPY190807P284,2019-08-05,2019-08-05 09:37:10.000,1.38,1.0615,106,1.36,1.0461,115,1.36,1.0461,1,1.37,1.0538,406,0
SPY190807P284,2019-08-05,2019-08-05 09:37:10.000,1.38,1.0615,106,1.36,1.0461,100,1.36,1.0461,1,1.37,1.0538,406,0
SPY190807P284,2019-08-05,2019-08-05 09:37:11.000,1.38,1.0615,91,1.36,1.0461,169,1.36,1.0461,1,1.37,1.0538,406,0
SPY190807P284,2019-08-05,2019-08-05 09:37:11.000,1.37,1.0538,36,1.36,1.0461,169,1.36,1.0461,1,1.365,1.05,406,0
SPY190807P284,2019-08-05,2019-08-05 09:37:12.000,1.37,1.0538,36,1.36,1.0461,78,1.36,1.0461,2,1.365,1.05,408,2
SPY190807P284,2019-08-05,2019-08-05 09:37:12.000,1.37,1.0538,36,1.36,1.0461,80,1.36,1.0461,1,1.365,1.05,406,0
SPY190807P284,2019-08-05,2019-08-05 09:37:13.000,1.37,1.0538,147,1.35,1.0384,5,1.36,1.0461,2,1.36,1.0461,408,0
SPY190807P284,2019-08-05,2019-08-05 09:37:13.000,1.37,1.0538,36,1.36,1.0461,5,1.36,1.0461,2,1.365,1.05,408,0
SPY190807P284,2019-08-05,2019-08-05 09:37:14.000,1.37,1.0538,84,1.35,1.0384,141,1.36,1.0461,2,1.36,1.0461,408,0
SPY190807P284,2019-08-05,2019-08-05 09:37:14.000,1.37,1.0538,145,1.35,1.0384,100,1.36,1.0461,2,1.36,1.0461,408,0
SPY190807P284,2019-08-05,2019-08-05 09:37:15.000,1.36,1.0461,36,1.35,1.0384,124,1.36,1.0461,2,1.355,1.0423,408,0
SPY190807P284,2019-08-05,2019-08-05 09:37:16.000,1.38,1.0615,100,1.35,1.0384,24,1.36,1.0461,2,1.365,1.05,408,0
SPY190807P284,2019-08-05,2019-08-05 09:37:16.000,1.37,1.0538,70,1.35,1.0384,117,1.36,1.0461,2,1.36,1.0461,408,0
SPY190807P284,2019-08-05,2019-08-05 09:37:17.000,1.38,1.0615,90,1.35,1.0384,24,1.36,1.0461,2,1.365,1.05,408,0
SPY190807P284,2019-08-05,2019-08-05 09:37:18.000,1.38,1.0615,106,1.36,1.0461,177,1.36,1.0461,2,1.37,1.0538,408,0
SPY190807P284,2019-08-05,2019-08-05 09:37:19.000,1.39,1.0692,569,1.36,1.0461,177,1.36,1.0461,2,1.375,1.0576,408,0
SPY190807P284,2019-08-05,2019-08-05 09:37:19.000,1.38,1.0615,18,1.37,1.0538,5,1.36,1.0461,2,1.375,1.0576,408,0
SPY190807P284,2019-08-05,2019-08-05 09:37:20.000,1.38,1.0615,18,1.36,1.0461,262,1.36,1.0461,2,1.37,1.0538,408,0
SPY190807P284,2019-08-05,2019-08-05 09:37:20.000,1.38,1.0615,90,1.36,1.0461,262,1.36,1.0461,2,1.37,1.0538,408,0
SPY190807P284,2019-08-05,2019-08-05 09:37:21.000,1.38,1.0615,90,1.36,1.0461,262,1.36,1.0461,2,1.37,1.0538,408,0
SPY190807P284,2019-08-05,2019-08-05 09:37:21.000,1.37,1.0538,36,1.36,1.0461,117,1.38,1.0615,1,1.365,1.05,409,1
SPY190807P284,2019-08-05,2019-08-05 09:37:22.000,1.39,1.0692,764,1.36,1.0461,92,1.38,1.0615,1,1.375,1.0576,409,0
SPY190807P284,2019-08-05,2019-08-05 09:37:22.000,1.38,1.0615,5,1.36,1.0461,5,1.38,1.0615,1,1.37,1.0538,409,0
SPY190807P284,2019-08-05,2019-08-05 09:37:23.000,1.37,1.0538,36,1.36,1.0461,5,1.38,1.0615,1,1.365,1.05,409,0
SPY190807P284,2019-08-05,2019-08-05 09:37:23.000,1.37,1.0538,36,1.36,1.0461,50,1.38,1.0615,1,1.365,1.05,409,0
SPY190807P284,2019-08-05,2019-08-05 09:37:24.000,1.36,1.0461,88,1.34,1.0307,177,1.35,1.0384,2,1.35,1.0384,411,2
SPY190807P284,2019-08-05,2019-08-05 09:37:24.000,1.36,1.0461,36,1.34,1.0307,88,1.38,1.0615,1,1.35,1.0384,409,0
SPY190807P284,2019-08-05,2019-08-05 09:37:25.000,1.36,1.0461,88,1.34,1.0307,154,1.35,1.0384,2,1.35,1.0384,411,0
SPY190807P284,2019-08-05,2019-08-05 09:37:25.000,1.36,1.0461,452,1.34,1.0307,154,1.35,1.0384,2,1.35,1.0384,411,0
SPY190807P284,2019-08-05,2019-08-05 09:37:26.000,1.36,1.0461,70,1.34,1.0307,177,1.35,1.0384,2,1.35,1.0384,411,0
SPY190807P284,2019-08-05,2019-08-05 09:37:26.000,1.36,1.0461,136,1.34,1.0307,112,1.35,1.0384,2,1.35,1.0384,411,0
SPY190807P284,2019-08-05,2019-08-05 09:37:27.000,1.36,1.0461,254,1.33,1.023,36,1.35,1.0384,2,1.345,1.0346,411,0
SPY190807P284,2019-08-05,2019-08-05 09:37:27.000,1.36,1.0461,118,1.34,1.0307,37,1.35,1.0384,2,1.35,1.0384,411,0
SPY190807P284,2019-08-05,2019-08-05 09:37:28.000,1.36,1.0461,277,1.34,1.0307,178,1.35,1.0384,2,1.35,1.0384,411,0
SPY190807P284,2019-08-05,2019-08-05 09:37:28.000,1.36,1.0461,496,1.34,1.0307,178,1.35,1.0384,2,1.35,1.0384,411,0
SPY190807P284,2019-08-05,2019-08-05 09:37:29.000,1.36,1.0461,106,1.34,1.0307,205,1.35,1.0384,2,1.35,1.0384,411,0
SPY190807P284,2019-08-05,2019-08-05 09:37:29.000,1.36,1.0461,36,1.35,1.0384,114,1.35,1.0384,2,1.355,1.0423,411,0
SPY190807P284,2019-08-05,2019-08-05 09:37:30.000,1.37,1.0538,221,1.35,1.0384,114,1.37,1.0538,1,1.36,1.0461,412,1
SPY190807P284,2019-08-05,2019-08-05 09:37:30.000,1.37,1.0538,136,1.35,1.0384,114,1.37,1.0538,1,1.36,1.0461,412,0
SPY190807P284,2019-08-05,2019-08-05 09:37:31.000,1.37,1.0538,136,1.35,1.0384,114,1.37,1.0538,1,1.36,1.0461,412,0
SPY190807P284,2019-08-05,2019-08-05 09:37:32.000,1.37,1.0538,152,1.35,1.0384,5,1.37,1.0538,1,1.36,1.0461,412,0
SPY190807P284,2019-08-05,2019-08-05 09:37:32.000,1.37,1.0538,118,1.35,1.0384,127,1.37,1.0538,1,1.36,1.0461,412,0
SPY190807P284,2019-08-05,2019-08-05 09:37:33.000,1.37,1.0538,88,1.35,1.0384,142,1.37,1.0538,1,1.36,1.0461,412,0
SPY190807P284,2019-08-05,2019-08-05 09:37:33.000,1.37,1.0538,118,1.35,1.0384,127,1.37,1.0538,1,1.36,1.0461,412,0
SPY190807P284,2019-08-05,2019-08-05 09:37:34.000,1.38,1.0615,105,1.36,1.0461,111,1.37,1.0538,1,1.37,1.0538,412,0
SPY190807P284,2019-08-05,2019-08-05 09:37:34.000,1.37,1.0538,17,1.36,1.0461,111,1.37,1.0538,1,1.365,1.05,412,0
SPY190807P284,2019-08-05,2019-08-05 09:37:35.000,1.38,1.0615,84,1.36,1.0461,111,1.37,1.0538,1,1.37,1.0538,412,0
SPY190807P284,2019-08-05,2019-08-05 09:37:36.000,1.38,1.0615,153,1.36,1.0461,140,1.37,1.0538,1,1.37,1.0538,412,0
SPY190807P284,2019-08-05,2019-08-05 09:37:36.000,1.39,1.0692,689,1.35,1.0384,263,1.37,1.0538,1,1.37,1.0538,412,0
SPY190807P284,2019-08-05,2019-08-05 09:37:37.000,1.38,1.0615,90,1.37,1.0538,5,1.37,1.0538,1,1.375,1.0576,412,0
SPY190807P284,2019-08-05,2019-08-05 09:37:37.000,1.38,1.0615,106,1.36,1.0461,129,1.37,1.0538,1,1.37,1.0538,412,0
SPY190807P284,2019-08-05,2019-08-05 09:37:38.000,1.38,1.0615,121,1.36,1.0461,114,1.37,1.0538,1,1.37,1.0538,412,0
SPY190807P284,2019-08-05,2019-08-05 09:37:38.000,1.38,1.0615,116,1.36,1.0461,183,1.37,1.0538,1,1.37,1.0538,412,0
SPY190807P284,2019-08-05,2019-08-05 09:37:39.000,1.38,1.0615,450,1.36,1.0461,127,1.38,1.0615,4,1.37,1.0538,416,4
SPY190807P284,2019-08-05,2019-08-05 09:37:39.000,1.38,1.0615,481,1.36,1.0461,111,1.37,1.0538,1,1.37,1.0538,412,0
SPY190807P284,2019-08-05,2019-08-05 09:37:40.000,1.38,1.0615,487,1.36,1.0461,111,1.38,1.0615,4,1.37,1.0538,416,0
SPY190807P284,2019-08-05,2019-08-05 09:37:41.000,1.38,1.0615,1103,1.35,1.0384,235,1.38,1.0615,4,1.365,1.05,416,0
SPY190807P284,2019-08-05,2019-08-05 09:37:41.000,1.38,1.0615,864,1.35,1.0384,235,1.38,1.0615,4,1.365,1.05,416,0
SPY190807P284,2019-08-05,2019-08-05 09:37:42.000,1.37,1.0538,18,1.35,1.0384,313,1.38,1.0615,4,1.36,1.0461,416,0
SPY190807P284,2019-08-05,2019-08-05 09:37:42.000,1.38,1.0615,563,1.36,1.0461,17,1.38,1.0615,4,1.37,1.0538,416,0
SPY190807P284,2019-08-05,2019-08-05 09:37:43.000,1.37,1.0538,251,1.35,1.0384,323,1.38,1.0615,4,1.36,1.0461,416,0
SPY190807P284,2019-08-05,2019-08-05 09:37:43.000,1.38,1.0615,95,1.35,1.0384,293,1.38,1.0615,4,1.365,1.05,416,0
SPY190807P284,2019-08-05,2019-08-05 09:37:44.000,1.38,1.0615,130,1.36,1.0461,145,1.38,1.0615,4,1.37,1.0538,416,0
SPY190807P284,2019-08-05,2019-08-05 09:37:44.000,1.38,1.0615,84,1.36,1.0461,129,1.38,1.0615,4,1.37,1.0538,416,0
SPY190807P284,2019-08-05,2019-08-05 09:37:45.000,1.38,1.0615,90,1.36,1.0461,161,1.38,1.0615,4,1.37,1.0538,416,0
SPY190807P284,2019-08-05,2019-08-05 09:37:45.000,1.38,1.0615,130,1.36,1.0461,128,1.38,1.0615,4,1.37,1.0538,416,0
SPY190807P284,2019-08-05,2019-08-05 09:37:46.000,1.38,1.0615,130,1.36,1.0461,128,1.38,1.0615,4,1.37,1.0538,416,0
SPY190807P284,2019-08-05,2019-08-05 09:37:46.000,1.37,1.0538,36,1.36,1.0461,129,1.38,1.0615,4,1.365,1.05,416,0
SPY190807P284,2019-08-05,2019-08-05 09:37:47.000,1.37,1.0538,95,1.36,1.0461,69,1.38,1.0615,4,1.365,1.05,416,0
SPY190807P284,2019-08-05,2019-08-05 09:37:47.000,1.37,1.0538,106,1.35,1.0384,162,1.38,1.0615,4,1.36,1.0461,416,0
SPY190807P284,2019-08-05,2019-08-05 09:37:48.000,1.38,1.0615,321,1.35,1.0384,51,1.37,1.0538,1,1.365,1.05,417,0
SPY190807P284,2019-08-05,2019-08-05 09:37:48.000,1.37,1.0538,95,1.35,1.0384,217,1.37,1.0538,1,1.36,1.0461,417,1
SPY190807P284,2019-08-05,2019-08-05 09:37:49.000,1.38,1.0615,484,1.36,1.0461,69,1.37,1.0538,1,1.37,1.0538,417,0
SPY190807P284,2019-08-05,2019-08-05 09:37:49.000,1.37,1.0538,95,1.36,1.0461,34,1.37,1.0538,1,1.365,1.05,417,0
SPY190807P284,2019-08-05,2019-08-05 09:37:50.000,1.37,1.0538,94,1.35,1.0384,171,1.37,1.0538,1,1.36,1.0461,417,0
SPY190807P284,2019-08-05,2019-08-05 09:37:51.000,1.37,1.0538,36,1.36,1.0461,150,1.37,1.0538,1,1.365,1.05,417,0
SPY190807P284,2019-08-05,2019-08-05 09:37:51.000,1.38,1.0615,17,1.37,1.0538,70,1.37,1.0538,1,1.375,1.0576,453,36
SPY190807P284,2019-08-05,2019-08-05 09:37:52.000,1.39,1.0692,514,1.37,1.0538,88,1.37,1.0538,1,1.38,1.0615,453,0
SPY190807P284,2019-08-05,2019-08-05 09:37:52.000,1.39,1.0692,154,1.37,1.0538,88,1.37,1.0538,1,1.38,1.0615,453,0
SPY190807P284,2019-08-05,2019-08-05 09:37:53.000,1.39,1.0692,25,1.38,1.0615,36,1.37,1.0538,1,1.385,1.0653,453,0
SPY190807P284,2019-08-05,2019-08-05 09:37:53.000,1.39,1.0692,401,1.37,1.0538,70,1.37,1.0538,1,1.38,1.0615,453,0
SPY190807P284,2019-08-05,2019-08-05 09:37:54.000,1.40,1.0769,583,1.38,1.0615,17,1.37,1.0538,1,1.39,1.0692,453,0
SPY190807P284,2019-08-05,2019-08-05 09:37:54.000,1.39,1.0692,480,1.37,1.0538,123,1.37,1.0538,1,1.38,1.0615,453,0
SPY190807P284,2019-08-05,2019-08-05 09:37:55.000,1.39,1.0692,420,1.37,1.0538,36,1.37,1.0538,1,1.38,1.0615,453,0
SPY190807P284,2019-08-05,2019-08-05 09:37:55.000,1.39,1.0692,420,1.37,1.0538,138,1.37,1.0538,1,1.38,1.0615,453,0
SPY190807P284,2019-08-05,2019-08-05 09:37:56.000,1.39,1.0692,129,1.37,1.0538,78,1.37,1.0538,1,1.38,1.0615,453,0
SPY190807P284,2019-08-05,2019-08-05 09:37:56.000,1.39,1.0692,159,1.37,1.0538,62,1.37,1.0538,1,1.38,1.0615,453,0
SPY190807P284,2019-08-05,2019-08-05 09:37:57.000,1.39,1.0692,124,1.37,1.0538,65,1.37,1.0538,50,1.38,1.0615,503,50
SPY190807P284,2019-08-05,2019-08-05 09:37:57.000,1.39,1.0692,111,1.37,1.0538,62,1.37,1.0538,50,1.38,1.0615,503,0
SPY190807P284,2019-08-05,2019-08-05 09:37:58.000,1.39,1.0692,120,1.37,1.0538,79,1.37,1.0538,50,1.38,1.0615,503,0
SPY190807P284,2019-08-05,2019-08-05 09:37:58.000,1.40,1.0769,1082,1.38,1.0615,6,1.37,1.0538,50,1.39,1.0692,503,0
SPY190807P284,2019-08-05,2019-08-05 09:37:59.000,1.40,1.0769,360,1.37,1.0538,190,1.37,1.0538,50,1.385,1.0653,503,0
SPY190807P284,2019-08-05,2019-08-05 09:38:00.000,1.39,1.0692,141,1.38,1.0615,2,1.37,1.0538,50,1.385,1.0653,503,0
SPY190807P284,2019-08-05,2019-08-05 09:38:00.000,1.39,1.0692,82,1.38,1.0615,2,1.37,1.0538,50,1.385,1.0653,503,0
SPY190807P284,2019-08-05,2019-08-05 09:38:01.000,1.38,1.0615,173,1.37,1.0538,4,1.38,1.0615,2,1.375,1.0576,505,0
SPY190807P284,2019-08-05,2019-08-05 09:38:01.000,1.38,1.0615,67,1.37,1.0538,4,1.38,1.0615,2,1.375,1.0576,505,2
SPY190807P284,2019-08-05,2019-08-05 09:38:02.000,1.38,1.0615,124,1.37,1.0538,36,1.38,1.0615,2,1.375,1.0576,505,0
SPY190807P284,2019-08-05,2019-08-05 09:38:02.000,1.38,1.0615,106,1.37,1.0538,36,1.38,1.0615,2,1.375,1.0576,505,0
SPY190807P284,2019-08-05,2019-08-05 09:38:03.000,1.39,1.0692,319,1.38,1.0615,34,1.38,1.0615,2,1.385,1.0653,505,0
SPY190807P284,2019-08-05,2019-08-05 09:38:03.000,1.38,1.0615,124,1.37,1.0538,36,1.38,1.0615,2,1.375,1.0576,505,0
SPY190807P284,2019-08-05,2019-08-05 09:38:04.000,1.38,1.0615,5,1.37,1.0538,34,1.38,1.0615,2,1.375,1.0576,505,0
SPY190807P284,2019-08-05,2019-08-05 09:38:04.000,1.39,1.0692,379,1.37,1.0538,62,1.38,1.0615,2,1.38,1.0615,505,0
SPY190807P284,2019-08-05,2019-08-05 09:38:05.000,1.39,1.0692,735,1.37,1.0538,28,1.38,1.0615,2,1.38,1.0615,505,0
SPY190807P284,2019-08-05,2019-08-05 09:38:05.000,1.39,1.0692,734,1.37,1.0538,21,1.38,1.0615,2,1.38,1.0615,505,0
SPY190807P284,2019-08-05,2019-08-05 09:38:06.000,1.38,1.0615,360,1.37,1.0538,21,1.38,1.0615,2,1.375,1.0576,505,0
SPY190807P284,2019-08-05,2019-08-05 09:38:06.000,1.38,1.0615,163,1.37,1.0538,21,1.37,1.0538,4,1.375,1.0576,509,4
SPY190807P284,2019-08-05,2019-08-05 09:38:07.000,1.36,1.0461,5,1.34,1.0307,22,1.36,1.0461,1,1.35,1.0384,511,2
SPY190807P284,2019-08-05,2019-08-05 09:38:07.000,1.37,1.0538,617,1.33,1.023,164,1.36,1.0461,1,1.35,1.0384,512,1
SPY190807P284,2019-08-05,2019-08-05 09:38:08.000,1.34,1.0307,5,1.32,1.0153,104,1.36,1.0461,1,1.33,1.023,512,0
SPY190807P284,2019-08-05,2019-08-05 09:38:08.000,1.35,1.0384,70,1.32,1.0153,101,1.36,1.0461,1,1.335,1.0269,512,0
SPY190807P284,2019-08-05,2019-08-05 09:38:09.000,1.34,1.0307,5,1.32,1.0153,82,1.36,1.0461,1,1.33,1.023,512,0
SPY190807P284,2019-08-05,2019-08-05 09:38:09.000,1.35,1.0384,149,1.32,1.0153,34,1.36,1.0461,1,1.335,1.0269,512,0
SPY190807P284,2019-08-05,2019-08-05 09:38:10.000,1.34,1.0307,360,1.32,1.0153,20,1.35,1.0384,1,1.33,1.023,513,1
SPY190807P284,2019-08-05,2019-08-05 09:38:10.000,1.34,1.0307,17,1.31,1.0076,98,1.35,1.0384,1,1.325,1.0192,513,0
SPY190807P284,2019-08-05,2019-08-05 09:38:11.000,1.32,1.0153,5,1.30,1.00,183,1.35,1.0384,1,1.31,1.0076,513,0
SPY190807P284,2019-08-05,2019-08-05 09:38:11.000,1.33,1.023,614,1.30,1.00,213,1.35,1.0384,1,1.315,1.0115,513,0
SPY190807P284,2019-08-05,2019-08-05 09:38:12.000,1.34,1.0307,579,1.31,1.0076,167,1.35,1.0384,1,1.325,1.0192,513,0
SPY190807P284,2019-08-05,2019-08-05 09:38:12.000,1.33,1.023,603,1.30,1.00,219,1.35,1.0384,1,1.315,1.0115,513,0
SPY190807P284,2019-08-05,2019-08-05 09:38:13.000,1.34,1.0307,509,1.31,1.0076,134,1.35,1.0384,1,1.325,1.0192,513,0
SPY190807P284,2019-08-05,2019-08-05 09:38:13.000,1.32,1.0153,5,1.30,1.00,175,1.35,1.0384,1,1.31,1.0076,513,0
SPY190807P284,2019-08-05,2019-08-05 09:38:14.000,1.32,1.0153,405,1.30,1.00,175,1.35,1.0384,1,1.31,1.0076,513,0
SPY190807P284,2019-08-05,2019-08-05 09:38:14.000,1.32,1.0153,427,1.29,0.9923,710,1.35,1.0384,1,1.305,1.0038,513,0
SPY190807P284,2019-08-05,2019-08-05 09:38:15.000,1.32,1.0153,514,1.30,1.00,36,1.35,1.0384,1,1.31,1.0076,513,0
SPY190807P284,2019-08-05,2019-08-05 09:38:15.000,1.32,1.0153,360,1.29,0.9923,162,1.35,1.0384,1,1.305,1.0038,513,0
SPY190807P284,2019-08-05,2019-08-05 09:38:16.000,1.32,1.0153,614,1.30,1.00,11,1.35,1.0384,1,1.31,1.0076,513,0
SPY190807P284,2019-08-05,2019-08-05 09:38:16.000,1.32,1.0153,5,1.31,1.0076,36,1.35,1.0384,1,1.315,1.0115,513,0
SPY190807P284,2019-08-05,2019-08-05 09:38:17.000,1.33,1.023,100,1.31,1.0076,88,1.35,1.0384,1,1.32,1.0153,513,0
SPY190807P284,2019-08-05,2019-08-05 09:38:17.000,1.33,1.023,154,1.31,1.0076,136,1.35,1.0384,1,1.32,1.0153,513,0
SPY190807P284,2019-08-05,2019-08-05 09:38:18.000,1.33,1.023,5,1.31,1.0076,120,1.35,1.0384,1,1.32,1.0153,513,0
SPY190807P284,2019-08-05,2019-08-05 09:38:18.000,1.33,1.023,531,1.31,1.0076,84,1.35,1.0384,1,1.32,1.0153,513,0
SPY190807P284,2019-08-05,2019-08-05 09:38:19.000,1.33,1.023,154,1.31,1.0076,101,1.35,1.0384,1,1.32,1.0153,513,0
SPY190807P284,2019-08-05,2019-08-05 09:38:19.000,1.33,1.023,109,1.31,1.0076,101,1.35,1.0384,1,1.32,1.0153,513,0
SPY190807P284,2019-08-05,2019-08-05 09:38:20.000,1.33,1.023,437,1.30,1.00,590,1.35,1.0384,1,1.315,1.0115,513,0
SPY190807P284,2019-08-05,2019-08-05 09:38:20.000,1.33,1.023,437,1.31,1.0076,96,1.35,1.0384,1,1.32,1.0153,513,0
SPY190807P284,2019-08-05,2019-08-05 09:38:21.000,1.33,1.023,137,1.31,1.0076,17,1.35,1.0384,1,1.32,1.0153,513,0
SPY190807P284,2019-08-05,2019-08-05 09:38:22.000,1.33,1.023,141,1.31,1.0076,96,1.35,1.0384,1,1.32,1.0153,513,0
SPY190807P284,2019-08-05,2019-08-05 09:38:22.000,1.33,1.023,492,1.31,1.0076,17,1.35,1.0384,1,1.32,1.0153,513,0
SPY190807P284,2019-08-05,2019-08-05 09:38:23.000,1.32,1.0153,5,1.31,1.0076,70,1.35,1.0384,1,1.315,1.0115,513,0
SPY190807P284,2019-08-05,2019-08-05 09:38:24.000,1.32,1.0153,514,1.30,1.00,36,1.35,1.0384,1,1.31,1.0076,513,0
SPY190807P284,2019-08-05,2019-08-05 09:38:25.000,1.32,1.0153,514,1.30,1.00,106,1.35,1.0384,1,1.31,1.0076,513,0
SPY190807P284,2019-08-05,2019-08-05 09:38:25.000,1.32,1.0153,593,1.30,1.00,106,1.35,1.0384,1,1.31,1.0076,513,0
SPY190807P284,2019-08-05,2019-08-05 09:38:26.000,1.32,1.0153,369,1.30,1.00,172,1.35,1.0384,1,1.31,1.0076,513,0
SPY190807P284,2019-08-05,2019-08-05 09:38:26.000,1.32,1.0153,439,1.30,1.00,242,1.35,1.0384,1,1.31,1.0076,513,0
SPY190807P284,2019-08-05,2019-08-05 09:38:27.000,1.32,1.0153,43,1.30,1.00,242,1.35,1.0384,1,1.31,1.0076,513,0
SPY190807P284,2019-08-05,2019-08-05 09:38:27.000,1.32,1.0153,501,1.29,0.9923,630,1.35,1.0384,1,1.305,1.0038,513,0
SPY190807P284,2019-08-05,2019-08-05 09:38:28.000,1.32,1.0153,510,1.29,0.9923,260,1.35,1.0384,1,1.305,1.0038,513,0
SPY190807P284,2019-08-05,2019-08-05 09:38:28.000,1.32,1.0153,744,1.29,0.9923,282,1.35,1.0384,1,1.305,1.0038,513,0
SPY190807P284,2019-08-05,2019-08-05 09:38:29.000,1.32,1.0153,542,1.29,0.9923,452,1.35,1.0384,1,1.305,1.0038,513,0
SPY190807P284,2019-08-05,2019-08-05 09:38:29.000,1.31,1.0076,578,1.28,0.9846,254,1.35,1.0384,1,1.295,0.9961,513,0
SPY190807P284,2019-08-05,2019-08-05 09:38:30.000,1.32,1.0153,5,1.30,1.00,14,1.35,1.0384,1,1.31,1.0076,513,0
SPY190807P284,2019-08-05,2019-08-05 09:38:30.000,1.33,1.023,634,1.30,1.00,5,1.35,1.0384,1,1.315,1.0115,513,0
SPY190807P284,2019-08-05,2019-08-05 09:38:31.000,1.32,1.0153,145,1.30,1.00,93,1.35,1.0384,1,1.31,1.0076,513,0
SPY190807P284,2019-08-05,2019-08-05 09:38:31.000,1.32,1.0153,1,1.30,1.00,85,1.32,1.0153,1,1.31,1.0076,514,1
SPY190807P284,2019-08-05,2019-08-05 09:38:32.000,1.33,1.023,529,1.31,1.0076,52,1.32,1.0153,1,1.32,1.0153,514,0
SPY190807P284,2019-08-05,2019-08-05 09:38:32.000,1.33,1.023,542,1.31,1.0076,6,1.32,1.0153,1,1.32,1.0153,514,0
SPY190807P284,2019-08-05,2019-08-05 09:38:33.000,1.34,1.0307,480,1.31,1.0076,16,1.32,1.0153,1,1.325,1.0192,514,0
SPY190807P284,2019-08-05,2019-08-05 09:38:33.000,1.33,1.023,696,1.31,1.0076,52,1.32,1.0153,1,1.32,1.0153,514,0
SPY190807P284,2019-08-05,2019-08-05 09:38:34.000,1.33,1.023,112,1.31,1.0076,154,1.32,1.0153,1,1.32,1.0153,514,0
SPY190807P284,2019-08-05,2019-08-05 09:38:34.000,1.33,1.023,70,1.31,1.0076,154,1.32,1.0153,1,1.32,1.0153,514,0
SPY190807P284,2019-08-05,2019-08-05 09:38:35.000,1.33,1.023,70,1.31,1.0076,154,1.32,1.0153,1,1.32,1.0153,514,0
SPY190807P284,2019-08-05,2019-08-05 09:38:35.000,1.33,1.023,335,1.31,1.0076,154,1.32,1.0153,1,1.32,1.0153,514,0
SPY190807P284,2019-08-05,2019-08-05 09:38:36.000,1.34,1.0307,609,1.32,1.0153,5,1.32,1.0153,1,1.33,1.023,514,0
SPY190807P284,2019-08-05,2019-08-05 09:38:36.000,1.33,1.023,110,1.31,1.0076,169,1.32,1.0153,1,1.32,1.0153,514,0
SPY190807P284,2019-08-05,2019-08-05 09:38:37.000,1.34,1.0307,134,1.32,1.0153,133,1.32,1.0153,1,1.33,1.023,514,0
SPY190807P284,2019-08-05,2019-08-05 09:38:37.000,1.34,1.0307,614,1.32,1.0153,5,1.32,1.0153,1,1.33,1.023,514,0
SPY190807P284,2019-08-05,2019-08-05 09:38:38.000,1.34,1.0307,70,1.32,1.0153,361,1.32,1.0153,1,1.33,1.023,514,0
SPY190807P284,2019-08-05,2019-08-05 09:38:38.000,1.34,1.0307,70,1.32,1.0153,190,1.32,1.0153,1,1.33,1.023,514,0
SPY190807P284,2019-08-05,2019-08-05 09:38:39.000,1.34,1.0307,70,1.32,1.0153,300,1.32,1.0153,1,1.33,1.023,514,0
SPY190807P284,2019-08-05,2019-08-05 09:38:39.000,1.35,1.0384,668,1.32,1.0153,300,1.32,1.0153,1,1.335,1.0269,514,0
SPY190807P284,2019-08-05,2019-08-05 09:38:40.000,1.34,1.0307,147,1.32,1.0153,141,1.32,1.0153,1,1.33,1.023,514,0
SPY190807P284,2019-08-05,2019-08-05 09:38:40.000,1.34,1.0307,142,1.32,1.0153,141,1.32,1.0153,1,1.33,1.023,514,0
SPY190807P284,2019-08-05,2019-08-05 09:38:41.000,1.33,1.023,103,1.31,1.0076,185,1.32,1.0153,1,1.32,1.0153,514,0
SPY190807P284,2019-08-05,2019-08-05 09:38:41.000,1.33,1.023,100,1.31,1.0076,170,1.32,1.0153,1,1.32,1.0153,514,0
SPY190807P284,2019-08-05,2019-08-05 09:38:42.000,1.33,1.023,103,1.32,1.0153,101,1.32,1.0153,1,1.325,1.0192,514,0
SPY190807P284,2019-08-05,2019-08-05 09:38:43.000,1.34,1.0307,84,1.32,1.0153,15,1.32,1.0153,1,1.33,1.023,514,0
SPY190807P284,2019-08-05,2019-08-05 09:38:43.000,1.33,1.023,103,1.32,1.0153,51,1.32,1.0153,1,1.325,1.0192,514,0
SPY190807P284,2019-08-05,2019-08-05 09:38:44.000,1.34,1.0307,657,1.32,1.0153,36,1.32,1.0153,1,1.33,1.023,514,0
SPY190807P284,2019-08-05,2019-08-05 09:38:44.000,1.34,1.0307,84,1.32,1.0153,14,1.32,1.0153,1,1.33,1.023,514,0
SPY190807P284,2019-08-05,2019-08-05 09:38:45.000,1.34,1.0307,656,1.32,1.0153,58,1.32,1.0153,1,1.33,1.023,514,0
SPY190807P284,2019-08-05,2019-08-05 09:38:45.000,1.34,1.0307,653,1.32,1.0153,58,1.32,1.0153,1,1.33,1.023,514,0
SPY190807P284,2019-08-05,2019-08-05 09:38:46.000,1.34,1.0307,653,1.32,1.0153,58,1.32,1.0153,1,1.33,1.023,514,0
SPY190807P284,2019-08-05,2019-08-05 09:38:46.000,1.34,1.0307,653,1.33,1.023,15,1.32,1.0153,1,1.335,1.0269,514,0
SPY190807P284,2019-08-05,2019-08-05 09:38:47.000,1.34,1.0307,653,1.33,1.023,30,1.32,1.0153,1,1.335,1.0269,514,0
SPY190807P284,2019-08-05,2019-08-05 09:38:47.000,1.35,1.0384,150,1.33,1.023,16,1.32,1.0153,1,1.34,1.0307,514,0
SPY190807P284,2019-08-05,2019-08-05 09:38:48.000,1.35,1.0384,317,1.33,1.023,16,1.32,1.0153,1,1.34,1.0307,514,0
SPY190807P284,2019-08-05,2019-08-05 09:38:48.000,1.35,1.0384,710,1.33,1.023,16,1.32,1.0153,1,1.34,1.0307,514,0
SPY190807P284,2019-08-05,2019-08-05 09:38:49.000,1.35,1.0384,473,1.33,1.023,16,1.32,1.0153,1,1.34,1.0307,514,0
SPY190807P284,2019-08-05,2019-08-05 09:38:49.000,1.35,1.0384,691,1.33,1.023,16,1.32,1.0153,1,1.34,1.0307,514,0
SPY190807P284,2019-08-05,2019-08-05 09:38:50.000,1.35,1.0384,529,1.33,1.023,67,1.32,1.0153,1,1.34,1.0307,514,0
SPY190807P284,2019-08-05,2019-08-05 09:38:51.000,1.34,1.0307,1,1.33,1.023,67,1.32,1.0153,1,1.335,1.0269,514,0
SPY190807P284,2019-08-05,2019-08-05 09:38:51.000,1.35,1.0384,151,1.33,1.023,81,1.34,1.0307,1,1.34,1.0307,516,2
SPY190807P284,2019-08-05,2019-08-05 09:38:52.000,1.35,1.0384,70,1.34,1.0307,36,1.34,1.0307,1,1.345,1.0346,516,0
SPY190807P284,2019-08-05,2019-08-05 09:38:52.000,1.35,1.0384,70,1.34,1.0307,51,1.34,1.0307,1,1.345,1.0346,516,0
SPY190807P284,2019-08-05,2019-08-05 09:38:53.000,1.34,1.0307,70,1.33,1.023,66,1.34,1.0307,1,1.335,1.0269,568,52
SPY190807P284,2019-08-05,2019-08-05 09:38:53.000,1.35,1.0384,70,1.33,1.023,153,1.34,1.0307,1,1.34,1.0307,516,0
SPY190807P284,2019-08-05,2019-08-05 09:38:54.000,1.34,1.0307,70,1.33,1.023,124,1.34,1.0307,1,1.335,1.0269,568,0
SPY190807P284,2019-08-05,2019-08-05 09:38:55.000,1.34,1.0307,70,1.33,1.023,106,1.34,1.0307,1,1.335,1.0269,568,0
SPY190807P284,2019-08-05,2019-08-05 09:38:55.000,1.34,1.0307,70,1.33,1.023,124,1.34,1.0307,1,1.335,1.0269,568,0
SPY190807P284,2019-08-05,2019-08-05 09:38:56.000,1.34,1.0307,70,1.34,1.0307,30,1.34,1.0307,1,1.34,1.0307,568,0
SPY190807P284,2019-08-05,2019-08-05 09:38:56.000,1.35,1.0384,70,1.34,1.0307,5,1.34,1.0307,1,1.345,1.0346,568,0
SPY190807P284,2019-08-05,2019-08-05 09:38:57.000,1.35,1.0384,223,1.32,1.0153,154,1.34,1.0307,1,1.335,1.0269,568,0
SPY190807P284,2019-08-05,2019-08-05 09:38:57.000,1.35,1.0384,100,1.33,1.023,16,1.34,1.0307,1,1.34,1.0307,568,0
SPY190807P284,2019-08-05,2019-08-05 09:38:58.000,1.35,1.0384,70,1.33,1.023,16,1.34,1.0307,1,1.34,1.0307,568,0
SPY190807P284,2019-08-05,2019-08-05 09:38:58.000,1.35,1.0384,118,1.33,1.023,5,1.34,1.0307,1,1.34,1.0307,568,0
SPY190807P284,2019-08-05,2019-08-05 09:38:59.000,1.35,1.0384,70,1.33,1.023,149,1.34,1.0307,1,1.34,1.0307,568,0
SPY190807P284,2019-08-05,2019-08-05 09:38:59.000,1.36,1.0461,370,1.34,1.0307,5,1.34,1.0307,1,1.35,1.0384,568,0
SPY190807P284,2019-08-05,2019-08-05 09:39:00.000,1.37,1.0538,136,1.34,1.0307,263,1.34,1.0307,1,1.355,1.0423,568,0
SPY190807P284,2019-08-05,2019-08-05 09:39:00.000,1.38,1.0615,106,1.34,1.0307,155,1.34,1.0307,1,1.36,1.0461,568,0
SPY190807P284,2019-08-05,2019-08-05 09:39:01.000,1.39,1.0692,400,1.35,1.0384,155,1.34,1.0307,1,1.37,1.0538,568,0
SPY190807P284,2019-08-05,2019-08-05 09:39:01.000,1.39,1.0692,400,1.36,1.0461,124,1.34,1.0307,1,1.375,1.0576,568,0
SPY190807P284,2019-08-05,2019-08-05 09:39:02.000,1.39,1.0692,283,1.36,1.0461,178,1.34,1.0307,1,1.375,1.0576,568,0
SPY190807P284,2019-08-05,2019-08-05 09:39:02.000,1.38,1.0615,70,1.36,1.0461,125,1.34,1.0307,1,1.37,1.0538,568,0
SPY190807P284,2019-08-05,2019-08-05 09:39:03.000,1.39,1.0692,162,1.37,1.0538,100,1.34,1.0307,1,1.38,1.0615,568,0
SPY190807P284,2019-08-05,2019-08-05 09:39:04.000,1.37,1.0538,100,1.35,1.0384,196,1.34,1.0307,1,1.36,1.0461,568,0
SPY190807P284,2019-08-05,2019-08-05 09:39:04.000,1.38,1.0615,136,1.36,1.0461,178,1.34,1.0307,1,1.37,1.0538,568,0
SPY190807P284,2019-08-05,2019-08-05 09:39:05.000,1.38,1.0615,181,1.36,1.0461,91,1.34,1.0307,1,1.37,1.0538,568,0
SPY190807P284,2019-08-05,2019-08-05 09:39:05.000,1.37,1.0538,100,1.35,1.0384,81,1.34,1.0307,1,1.36,1.0461,568,0
SPY190807P284,2019-08-05,2019-08-05 09:39:06.000,1.36,1.0461,100,1.33,1.023,70,1.34,1.0307,1,1.345,1.0346,568,0
SPY190807P284,2019-08-05,2019-08-05 09:39:06.000,1.37,1.0538,100,1.35,1.0384,124,1.34,1.0307,1,1.36,1.0461,568,0
SPY190807P284,2019-08-05,2019-08-05 09:39:07.000,1.37,1.0538,118,1.35,1.0384,127,1.34,1.0307,1,1.36,1.0461,568,0
SPY190807P284,2019-08-05,2019-08-05 09:39:07.000,1.37,1.0538,118,1.35,1.0384,174,1.34,1.0307,1,1.36,1.0461,568,0
SPY190807P284,2019-08-05,2019-08-05 09:39:08.000,1.37,1.0538,136,1.35,1.0384,127,1.34,1.0307,1,1.36,1.0461,568,0
SPY190807P284,2019-08-05,2019-08-05 09:39:09.000,1.37,1.0538,268,1.35,1.0384,5,1.34,1.0307,1,1.36,1.0461,568,0
SPY190807P284,2019-08-05,2019-08-05 09:39:09.000,1.36,1.0461,106,1.34,1.0307,275,1.34,1.0307,1,1.35,1.0384,568,0
SPY190807P284,2019-08-05,2019-08-05 09:39:10.000,1.36,1.0461,136,1.34,1.0307,334,1.34,1.0307,1,1.35,1.0384,568,0
SPY190807P284,2019-08-05,2019-08-05 09:39:10.000,1.37,1.0538,4,1.34,1.0307,508,1.34,1.0307,1,1.355,1.0423,568,0
SPY190807P284,2019-08-05,2019-08-05 09:39:11.000,1.35,1.0384,123,1.33,1.023,25,1.34,1.0307,1,1.34,1.0307,568,0
SPY190807P284,2019-08-05,2019-08-05 09:39:11.000,1.35,1.0384,70,1.33,1.023,185,1.34,1.0307,1,1.34,1.0307,568,0
SPY190807P284,2019-08-05,2019-08-05 09:39:12.000,1.35,1.0384,123,1.33,1.023,166,1.34,1.0307,1,1.34,1.0307,568,0
SPY190807P284,2019-08-05,2019-08-05 09:39:13.000,1.35,1.0384,100,1.33,1.023,181,1.34,1.0307,1,1.34,1.0307,568,0
SPY190807P284,2019-08-05,2019-08-05 09:39:13.000,1.36,1.0461,123,1.34,1.0307,155,1.34,1.0307,1,1.35,1.0384,568,0
SPY190807P284,2019-08-05,2019-08-05 09:39:14.000,1.36,1.0461,94,1.34,1.0307,169,1.34,1.0307,1,1.35,1.0384,568,0
SPY190807P284,2019-08-05,2019-08-05 09:39:14.000,1.36,1.0461,88,1.34,1.0307,155,1.34,1.0307,1,1.35,1.0384,568,0
SPY190807P284,2019-08-05,2019-08-05 09:39:15.000,1.37,1.0538,217,1.32,1.0153,360,1.34,1.0307,1,1.345,1.0346,568,0
SPY190807P284,2019-08-05,2019-08-05 09:39:15.000,1.36,1.0461,120,1.34,1.0307,139,1.34,1.0307,1,1.35,1.0384,568,0
SPY190807P284,2019-08-05,2019-08-05 09:39:16.000,1.38,1.0615,268,1.35,1.0384,105,1.34,1.0307,1,1.365,1.05,568,0
SPY190807P284,2019-08-05,2019-08-05 09:39:16.000,1.38,1.0615,268,1.35,1.0384,195,1.34,1.0307,1,1.365,1.05,568,0
SPY190807P284,2019-08-05,2019-08-05 09:39:17.000,1.37,1.0538,96,1.35,1.0384,81,1.34,1.0307,1,1.36,1.0461,568,0
SPY190807P284,2019-08-05,2019-08-05 09:39:17.000,1.36,1.0461,181,1.34,1.0307,112,1.34,1.0307,1,1.35,1.0384,568,0
SPY190807P284,2019-08-05,2019-08-05 09:39:18.000,1.36,1.0461,135,1.34,1.0307,155,1.34,1.0307,1,1.35,1.0384,568,0
SPY190807P284,2019-08-05,2019-08-05 09:39:18.000,1.36,1.0461,70,1.34,1.0307,150,1.34,1.0307,1,1.35,1.0384,568,0
SPY190807P284,2019-08-05,2019-08-05 09:39:19.000,1.36,1.0461,90,1.34,1.0307,127,1.34,1.0307,1,1.35,1.0384,568,0
SPY190807P284,2019-08-05,2019-08-05 09:39:19.000,1.36,1.0461,96,1.34,1.0307,180,1.34,1.0307,1,1.35,1.0384,568,0
SPY190807P284,2019-08-05,2019-08-05 09:39:20.000,1.37,1.0538,192,1.35,1.0384,82,1.34,1.0307,1,1.36,1.0461,568,0
SPY190807P284,2019-08-05,2019-08-05 09:39:21.000,1.37,1.0538,192,1.35,1.0384,113,1.34,1.0307,1,1.36,1.0461,568,0
SPY190807P284,2019-08-05,2019-08-05 09:39:21.000,1.36,1.0461,91,1.35,1.0384,5,1.34,1.0307,1,1.355,1.0423,568,0
SPY190807P284,2019-08-05,2019-08-05 09:39:22.000,1.37,1.0538,370,1.35,1.0384,5,1.34,1.0307,1,1.36,1.0461,568,0
SPY190807P284,2019-08-05,2019-08-05 09:39:22.000,1.37,1.0538,192,1.35,1.0384,97,1.35,1.0384,25,1.36,1.0461,593,25
SPY190807P284,2019-08-05,2019-08-05 09:39:23.000,1.38,1.0615,5,1.36,1.0461,44,1.35,1.0384,25,1.37,1.0538,593,0
SPY190807P284,2019-08-05,2019-08-05 09:39:23.000,1.38,1.0615,5,1.36,1.0461,59,1.35,1.0384,25,1.37,1.0538,593,0
SPY190807P284,2019-08-05,2019-08-05 09:39:24.000,1.38,1.0615,136,1.36,1.0461,44,1.35,1.0384,25,1.37,1.0538,593,0
SPY190807P284,2019-08-05,2019-08-05 09:39:25.000,1.38,1.0615,5,1.35,1.0384,123,1.35,1.0384,25,1.365,1.05,593,0
SPY190807P284,2019-08-05,2019-08-05 09:39:25.000,1.38,1.0615,40,1.36,1.0461,5,1.35,1.0384,25,1.37,1.0538,593,0
SPY190807P284,2019-08-05,2019-08-05 09:39:26.000,1.38,1.0615,66,1.36,1.0461,113,1.35,1.0384,25,1.37,1.0538,593,0
SPY190807P284,2019-08-05,2019-08-05 09:39:26.000,1.39,1.0692,722,1.36,1.0461,196,1.35,1.0384,25,1.375,1.0576,593,0
SPY190807P284,2019-08-05,2019-08-05 09:39:27.000,1.38,1.0615,96,1.36,1.0461,118,1.35,1.0384,25,1.37,1.0538,593,0
SPY190807P284,2019-08-05,2019-08-05 09:39:27.000,1.39,1.0692,722,1.36,1.0461,196,1.35,1.0384,25,1.375,1.0576,593,0
SPY190807P284,2019-08-05,2019-08-05 09:39:28.000,1.39,1.0692,128,1.37,1.0538,47,1.35,1.0384,25,1.38,1.0615,593,0
SPY190807P284,2019-08-05,2019-08-05 09:39:28.000,1.38,1.0615,96,1.36,1.0461,118,1.35,1.0384,25,1.37,1.0538,593,0
SPY190807P284,2019-08-05,2019-08-05 09:39:29.000,1.39,1.0692,128,1.37,1.0538,139,1.35,1.0384,25,1.38,1.0615,593,0
SPY190807P284,2019-08-05,2019-08-05 09:39:29.000,1.39,1.0692,128,1.37,1.0538,122,1.35,1.0384,25,1.38,1.0615,593,0
SPY190807P284,2019-08-05,2019-08-05 09:39:30.000,1.39,1.0692,70,1.37,1.0538,147,1.35,1.0384,25,1.38,1.0615,593,0
SPY190807P284,2019-08-05,2019-08-05 09:39:30.000,1.39,1.0692,128,1.37,1.0538,139,1.35,1.0384,25,1.38,1.0615,593,0
SPY190807P284,2019-08-05,2019-08-05 09:39:31.000,1.40,1.0769,511,1.38,1.0615,147,1.35,1.0384,25,1.39,1.0692,593,0
SPY190807P284,2019-08-05,2019-08-05 09:39:31.000,1.39,1.0692,70,1.38,1.0615,133,1.35,1.0384,25,1.385,1.0653,593,0
SPY190807P284,2019-08-05,2019-08-05 09:39:32.000,1.40,1.0769,511,1.38,1.0615,147,1.35,1.0384,25,1.39,1.0692,593,0
SPY190807P284,2019-08-05,2019-08-05 09:39:33.000,1.40,1.0769,370,1.38,1.0615,145,1.35,1.0384,25,1.39,1.0692,593,0
SPY190807P284,2019-08-05,2019-08-05 09:39:34.000,1.40,1.0769,281,1.37,1.0538,70,1.35,1.0384,25,1.385,1.0653,593,0
SPY190807P284,2019-08-05,2019-08-05 09:39:34.000,1.41,1.0846,360,1.37,1.0538,70,1.35,1.0384,25,1.39,1.0692,593,0
SPY190807P284,2019-08-05,2019-08-05 09:39:35.000,1.40,1.0769,335,1.37,1.0538,70,1.35,1.0384,25,1.385,1.0653,593,0
SPY190807P284,2019-08-05,2019-08-05 09:39:35.000,1.40,1.0769,335,1.38,1.0615,233,1.35,1.0384,25,1.39,1.0692,593,0
SPY190807P284,2019-08-05,2019-08-05 09:39:36.000,1.40,1.0769,33,1.39,1.0692,107,1.35,1.0384,25,1.395,1.073,593,0
SPY190807P284,2019-08-05,2019-08-05 09:39:36.000,1.40,1.0769,70,1.39,1.0692,107,1.35,1.0384,25,1.395,1.073,593,0
SPY190807P284,2019-08-05,2019-08-05 09:39:37.000,1.40,1.0769,70,1.39,1.0692,107,1.35,1.0384,25,1.395,1.073,593,0
SPY190807P284,2019-08-05,2019-08-05 09:39:38.000,1.40,1.0769,70,1.38,1.0615,181,1.35,1.0384,25,1.39,1.0692,593,0
SPY190807P284,2019-08-05,2019-08-05 09:39:38.000,1.40,1.0769,18,1.36,1.0461,541,1.35,1.0384,25,1.38,1.0615,593,0
SPY190807P284,2019-08-05,2019-08-05 09:39:39.000,1.40,1.0769,36,1.39,1.0692,49,1.35,1.0384,25,1.395,1.073,593,0
SPY190807P284,2019-08-05,2019-08-05 09:39:39.000,1.40,1.0769,36,1.39,1.0692,34,1.35,1.0384,25,1.395,1.073,593,0
SPY190807P284,2019-08-05,2019-08-05 09:39:40.000,1.40,1.0769,136,1.38,1.0615,148,1.35,1.0384,25,1.39,1.0692,593,0
SPY190807P284,2019-08-05,2019-08-05 09:39:40.000,1.40,1.0769,106,1.39,1.0692,49,1.35,1.0384,25,1.395,1.073,593,0
SPY190807P284,2019-08-05,2019-08-05 09:39:41.000,1.40,1.0769,265,1.37,1.0538,50,1.35,1.0384,25,1.385,1.0653,593,0
SPY190807P284,2019-08-05,2019-08-05 09:39:41.000,1.40,1.0769,136,1.38,1.0615,55,1.35,1.0384,25,1.39,1.0692,593,0
SPY190807P284,2019-08-05,2019-08-05 09:39:42.000,1.40,1.0769,265,1.36,1.0461,170,1.35,1.0384,25,1.38,1.0615,593,0
SPY190807P284,2019-08-05,2019-08-05 09:39:42.000,1.38,1.0615,106,1.36,1.0461,185,1.35,1.0384,25,1.37,1.0538,593,0
SPY190807P284,2019-08-05,2019-08-05 09:39:43.000,1.38,1.0615,122,1.36,1.0461,130,1.35,1.0384,25,1.37,1.0538,593,0
SPY190807P284,2019-08-05,2019-08-05 09:39:43.000,1.38,1.0615,106,1.36,1.0461,43,1.35,1.0384,25,1.37,1.0538,593,0
SPY190807P284,2019-08-05,2019-08-05 09:39:44.000,1.38,1.0615,88,1.36,1.0461,154,1.35,1.0384,25,1.37,1.0538,593,0
SPY190807P284,2019-08-05,2019-08-05 09:39:45.000,1.38,1.0615,88,1.36,1.0461,138,1.35,1.0384,25,1.37,1.0538,593,0
SPY190807P284,2019-08-05,2019-08-05 09:39:45.000,1.38,1.0615,100,1.36,1.0461,70,1.35,1.0384,25,1.37,1.0538,593,0
SPY190807P284,2019-08-05,2019-08-05 09:39:46.000,1.38,1.0615,100,1.36,1.0461,70,1.35,1.0384,25,1.37,1.0538,593,0
SPY190807P284,2019-08-05,2019-08-05 09:39:47.000,1.36,1.0461,24,1.35,1.0384,132,1.35,1.0384,25,1.355,1.0423,593,0
SPY190807P284,2019-08-05,2019-08-05 09:39:47.000,1.37,1.0538,200,1.35,1.0384,132,1.35,1.0384,25,1.36,1.0461,593,0
SPY190807P284,2019-08-05,2019-08-05 09:39:48.000,1.36,1.0461,28,1.35,1.0384,116,1.35,1.0384,25,1.355,1.0423,593,0
SPY190807P284,2019-08-05,2019-08-05 09:39:48.000,1.36,1.0461,89,1.33,1.023,185,1.35,1.0384,25,1.345,1.0346,593,0
SPY190807P284,2019-08-05,2019-08-05 09:39:49.000,1.35,1.0384,114,1.33,1.023,157,1.35,1.0384,25,1.34,1.0307,593,0
SPY190807P284,2019-08-05,2019-08-05 09:39:49.000,1.35,1.0384,360,1.33,1.023,5,1.35,1.0384,25,1.34,1.0307,593,0
SPY190807P284,2019-08-05,2019-08-05 09:39:50.000,1.35,1.0384,519,1.33,1.023,157,1.35,1.0384,25,1.34,1.0307,593,0
SPY190807P284,2019-08-05,2019-08-05 09:39:50.000,1.35,1.0384,129,1.33,1.023,157,1.35,1.0384,25,1.34,1.0307,593,0
SPY190807P284,2019-08-05,2019-08-05 09:39:51.000,1.35,1.0384,480,1.33,1.023,118,1.35,1.0384,25,1.34,1.0307,593,0
SPY190807P284,2019-08-05,2019-08-05 09:39:51.000,1.34,1.0307,510,1.33,1.023,96,1.35,1.0384,25,1.335,1.0269,593,0
SPY190807P284,2019-08-05,2019-08-05 09:39:52.000,1.35,1.0384,798,1.32,1.0153,170,1.35,1.0384,25,1.335,1.0269,593,0
SPY190807P284,2019-08-05,2019-08-05 09:39:52.000,1.33,1.023,36,1.31,1.0076,120,1.35,1.0384,25,1.32,1.0153,593,0
SPY190807P284,2019-08-05,2019-08-05 09:39:53.000,1.34,1.0307,70,1.32,1.0153,170,1.35,1.0384,25,1.33,1.023,593,0
SPY190807P284,2019-08-05,2019-08-05 09:39:53.000,1.34,1.0307,106,1.32,1.0153,100,1.35,1.0384,25,1.33,1.023,593,0
SPY190807P284,2019-08-05,2019-08-05 09:39:54.000,1.33,1.023,96,1.31,1.0076,259,1.35,1.0384,25,1.32,1.0153,593,0
SPY190807P284,2019-08-05,2019-08-05 09:39:54.000,1.34,1.0307,537,1.32,1.0153,94,1.35,1.0384,25,1.33,1.023,593,0
SPY190807P284,2019-08-05,2019-08-05 09:39:55.000,1.33,1.023,201,1.31,1.0076,118,1.35,1.0384,25,1.32,1.0153,593,0
SPY190807P284,2019-08-05,2019-08-05 09:39:55.000,1.33,1.023,201,1.31,1.0076,154,1.35,1.0384,25,1.32,1.0153,593,0
SPY190807P284,2019-08-05,2019-08-05 09:39:56.000,1.31,1.0076,1,1.30,1.00,3,1.31,1.0076,1,1.305,1.0038,643,50
SPY190807P284,2019-08-05,2019-08-05 09:39:56.000,1.31,1.0076,70,1.30,1.00,68,1.31,1.0076,1,1.305,1.0038,643,0
SPY190807P284,2019-08-05,2019-08-05 09:39:57.000,1.31,1.0076,70,1.30,1.00,28,1.31,1.0076,1,1.305,1.0038,644,1
SPY190807P284,2019-08-05,2019-08-05 09:39:57.000,1.31,1.0076,70,1.30,1.00,28,1.31,1.0076,1,1.305,1.0038,644,0
SPY190807P284,2019-08-05,2019-08-05 09:39:58.000,1.31,1.0076,195,1.30,1.00,3,1.31,1.0076,1,1.305,1.0038,644,0
SPY190807P284,2019-08-05,2019-08-05 09:39:58.000,1.31,1.0076,96,1.30,1.00,5,1.31,1.0076,1,1.305,1.0038,644,0
SPY190807P284,2019-08-05,2019-08-05 09:39:59.000,1.29,0.9923,100,1.28,0.9846,5,1.30,1.00,1,1.285,0.9884,649,0
SPY190807P284,2019-08-05,2019-08-05 09:39:59.000,1.30,1.00,25,1.28,0.9846,5,1.30,1.00,1,1.29,0.9923,649,5
SPY190807P284,2019-08-05,2019-08-05 09:40:00.000,1.30,1.00,164,1.28,0.9846,5,1.30,1.00,1,1.29,0.9923,649,0
SPY190807P284,2019-08-05,2019-08-05 09:40:01.000,1.30,1.00,164,1.28,0.9846,5,1.30,1.00,1,1.29,0.9923,649,0
SPY190807P284,2019-08-05,2019-08-05 09:40:02.000,1.30,1.00,119,1.28,0.9846,16,1.30,1.00,1,1.29,0.9923,650,1
SPY190807P284,2019-08-05,2019-08-05 09:40:02.000,1.30,1.00,70,1.28,0.9846,16,1.30,1.00,1,1.29,0.9923,650,0
SPY190807P284,2019-08-05,2019-08-05 09:40:03.000,1.31,1.0076,70,1.28,0.9846,244,1.30,1.00,1,1.295,0.9961,650,0
SPY190807P284,2019-08-05,2019-08-05 09:40:03.000,1.31,1.0076,89,1.28,0.9846,244,1.30,1.00,1,1.295,0.9961,650,0
SPY190807P284,2019-08-05,2019-08-05 09:40:04.000,1.32,1.0153,120,1.29,0.9923,229,1.30,1.00,1,1.305,1.0038,650,0
SPY190807P284,2019-08-05,2019-08-05 09:40:04.000,1.31,1.0076,94,1.29,0.9923,229,1.30,1.00,1,1.30,1.00,650,0
SPY190807P284,2019-08-05,2019-08-05 09:40:05.000,1.32,1.0153,178,1.30,1.00,5,1.30,1.00,1,1.31,1.0076,650,0
SPY190807P284,2019-08-05,2019-08-05 09:40:06.000,1.32,1.0153,120,1.30,1.00,5,1.30,1.00,1,1.31,1.0076,650,0
SPY190807P284,2019-08-05,2019-08-05 09:40:07.000,1.32,1.0153,153,1.30,1.00,5,1.30,1.00,1,1.31,1.0076,650,0
SPY190807P284,2019-08-05,2019-08-05 09:40:07.000,1.32,1.0153,84,1.30,1.00,5,1.30,1.00,1,1.31,1.0076,650,0
SPY190807P284,2019-08-05,2019-08-05 09:40:08.000,1.33,1.023,40,1.30,1.00,906,1.30,1.00,1,1.315,1.0115,650,0
SPY190807P284,2019-08-05,2019-08-05 09:40:08.000,1.33,1.023,124,1.31,1.0076,15,1.30,1.00,1,1.32,1.0153,650,0
SPY190807P284,2019-08-05,2019-08-05 09:40:09.000,1.33,1.023,100,1.31,1.0076,147,1.30,1.00,1,1.32,1.0153,650,0
SPY190807P284,2019-08-05,2019-08-05 09:40:09.000,1.33,1.023,10,1.31,1.0076,20,1.30,1.00,1,1.32,1.0153,650,0
SPY190807P284,2019-08-05,2019-08-05 09:40:10.000,1.33,1.023,136,1.31,1.0076,159,1.30,1.00,1,1.32,1.0153,650,0
SPY190807P284,2019-08-05,2019-08-05 09:40:11.000,1.33,1.023,136,1.31,1.0076,159,1.30,1.00,1,1.32,1.0153,650,0
SPY190807P284,2019-08-05,2019-08-05 09:40:11.000,1.33,1.023,136,1.31,1.0076,139,1.30,1.00,1,1.32,1.0153,650,0
SPY190807P284,2019-08-05,2019-08-05 09:40:12.000,1.33,1.023,42,1.32,1.0153,5,1.30,1.00,1,1.325,1.0192,650,0
SPY190807P284,2019-08-05,2019-08-05 09:40:12.000,1.33,1.023,42,1.31,1.0076,139,1.30,1.00,1,1.32,1.0153,650,0
SPY190807P284,2019-08-05,2019-08-05 09:40:13.000,1.35,1.0384,400,1.32,1.0153,534,1.33,1.023,10,1.335,1.0269,660,10
SPY190807P284,2019-08-05,2019-08-05 09:40:13.000,1.35,1.0384,247,1.32,1.0153,534,1.33,1.023,10,1.335,1.0269,660,0
SPY190807P284,2019-08-05,2019-08-05 09:40:14.000,1.36,1.0461,231,1.32,1.0153,132,1.33,1.023,10,1.34,1.0307,660,0
SPY190807P284,2019-08-05,2019-08-05 09:40:14.000,1.34,1.0307,136,1.32,1.0153,218,1.33,1.023,10,1.33,1.023,660,0
SPY190807P284,2019-08-05,2019-08-05 09:40:15.000,1.36,1.0461,70,1.33,1.023,430,1.33,1.023,10,1.345,1.0346,660,0
SPY190807P284,2019-08-05,2019-08-05 09:40:15.000,1.36,1.0461,100,1.33,1.023,360,1.33,1.023,10,1.345,1.0346,660,0
SPY190807P284,2019-08-05,2019-08-05 09:40:16.000,1.39,1.0692,360,1.35,1.0384,5,1.33,1.023,10,1.37,1.0538,660,0
SPY190807P284,2019-08-05,2019-08-05 09:40:17.000,1.38,1.0615,116,1.36,1.0461,5,1.33,1.023,10,1.37,1.0538,660,0
SPY190807P284,2019-08-05,2019-08-05 09:40:17.000,1.37,1.0538,117,1.35,1.0384,100,1.33,1.023,10,1.36,1.0461,660,0
SPY190807P284,2019-08-05,2019-08-05 09:40:18.000,1.38,1.0615,18,1.37,1.0538,5,1.33,1.023,10,1.375,1.0576,660,0
SPY190807P284,2019-08-05,2019-08-05 09:40:18.000,1.41,1.0846,480,1.37,1.0538,5,1.33,1.023,10,1.39,1.0692,660,0
SPY190807P284,2019-08-05,2019-08-05 09:40:19.000,1.38,1.0615,18,1.37,1.0538,5,1.33,1.023,10,1.375,1.0576,660,0
SPY190807P284,2019-08-05,2019-08-05 09:40:20.000,1.38,1.0615,18,1.37,1.0538,5,1.33,1.023,10,1.375,1.0576,660,0
SPY190807P284,2019-08-05,2019-08-05 09:40:20.000,1.39,1.0692,94,1.37,1.0538,584,1.33,1.023,10,1.38,1.0615,660,0
SPY190807P284,2019-08-05,2019-08-05 09:40:21.000,1.39,1.0692,18,1.37,1.0538,584,1.33,1.023,10,1.38,1.0615,660,0
SPY190807P284,2019-08-05,2019-08-05 09:40:21.000,1.40,1.0769,36,1.38,1.0615,5,1.33,1.023,10,1.39,1.0692,660,0
SPY190807P284,2019-08-05,2019-08-05 09:40:22.000,1.41,1.0846,36,1.38,1.0615,5,1.33,1.023,10,1.395,1.073,660,0
SPY190807P284,2019-08-05,2019-08-05 09:40:22.000,1.40,1.0769,94,1.38,1.0615,5,1.33,1.023,10,1.39,1.0692,660,0
SPY190807P284,2019-08-05,2019-08-05 09:40:23.000,1.41,1.0846,370,1.38,1.0615,8,1.41,1.0846,1,1.395,1.073,661,1
SPY190807P284,2019-08-05,2019-08-05 09:40:23.000,1.43,1.10,360,1.38,1.0615,5,1.33,1.023,10,1.405,1.0807,660,0
SPY190807P284,2019-08-05,2019-08-05 09:40:24.000,1.41,1.0846,227,1.39,1.0692,5,1.41,1.0846,1,1.40,1.0769,661,0
SPY190807P284,2019-08-05,2019-08-05 09:40:24.000,1.42,1.0923,104,1.39,1.0692,120,1.41,1.0846,1,1.405,1.0807,661,0
SPY190807P284,2019-08-05,2019-08-05 09:40:25.000,1.41,1.0846,111,1.39,1.0692,148,1.41,1.0846,1,1.40,1.0769,661,0
SPY190807P284,2019-08-05,2019-08-05 09:40:25.000,1.41,1.0846,136,1.38,1.0615,339,1.41,1.0846,1,1.395,1.073,661,0
SPY190807P284,2019-08-05,2019-08-05 09:40:26.000,1.41,1.0846,40,1.39,1.0692,559,1.41,1.0846,1,1.40,1.0769,661,0
SPY190807P284,2019-08-05,2019-08-05 09:40:26.000,1.41,1.0846,40,1.39,1.0692,597,1.41,1.0846,1,1.40,1.0769,661,0
SPY190807P284,2019-08-05,2019-08-05 09:40:27.000,1.42,1.0923,30,1.40,1.0769,484,1.41,1.0846,1,1.41,1.0846,661,0
SPY190807P284,2019-08-05,2019-08-05 09:40:27.000,1.43,1.10,40,1.41,1.0846,102,1.41,1.0846,1,1.42,1.0923,661,0
SPY190807P284,2019-08-05,2019-08-05 09:40:28.000,1.43,1.10,82,1.41,1.0846,119,1.41,1.0846,1,1.42,1.0923,661,0
SPY190807P284,2019-08-05,2019-08-05 09:40:28.000,1.43,1.10,82,1.40,1.0769,384,1.41,1.0846,1,1.415,1.0884,661,0
SPY190807P284,2019-08-05,2019-08-05 09:40:29.000,1.43,1.10,36,1.41,1.0846,5,1.41,1.0846,1,1.42,1.0923,661,0
SPY190807P284,2019-08-05,2019-08-05 09:40:29.000,1.43,1.10,40,1.41,1.0846,5,1.41,1.0846,1,1.42,1.0923,661,0
SPY190807P284,2019-08-05,2019-08-05 09:40:30.000,1.43,1.10,36,1.41,1.0846,5,1.41,1.0846,1,1.42,1.0923,661,0
SPY190807P284,2019-08-05,2019-08-05 09:40:31.000,1.44,1.1076,185,1.41,1.0846,427,1.41,1.0846,2,1.425,1.0961,663,2
SPY190807P284,2019-08-05,2019-08-05 09:40:31.000,1.44,1.1076,187,1.41,1.0846,150,1.41,1.0846,2,1.425,1.0961,663,0
SPY190807P284,2019-08-05,2019-08-05 09:40:32.000,1.44,1.1076,255,1.41,1.0846,232,1.41,1.0846,2,1.425,1.0961,663,0
SPY190807P284,2019-08-05,2019-08-05 09:40:33.000,1.44,1.1076,137,1.41,1.0846,65,1.41,1.0846,2,1.425,1.0961,663,0
SPY190807P284,2019-08-05,2019-08-05 09:40:33.000,1.45,1.1153,185,1.42,1.0923,524,1.41,1.0846,2,1.435,1.1038,663,0
SPY190807P284,2019-08-05,2019-08-05 09:40:34.000,1.46,1.123,186,1.43,1.10,518,1.41,1.0846,2,1.445,1.1115,663,0
SPY190807P284,2019-08-05,2019-08-05 09:40:34.000,1.46,1.123,65,1.43,1.10,6,1.41,1.0846,2,1.445,1.1115,663,0
SPY190807P284,2019-08-05,2019-08-05 09:40:35.000,1.46,1.123,66,1.43,1.10,509,1.41,1.0846,2,1.445,1.1115,663,0
SPY190807P284,2019-08-05,2019-08-05 09:40:35.000,1.46,1.123,118,1.44,1.1076,5,1.41,1.0846,2,1.45,1.1153,663,0
SPY190807P284,2019-08-05,2019-08-05 09:40:36.000,1.46,1.123,118,1.43,1.10,173,1.41,1.0846,2,1.445,1.1115,663,0
SPY190807P284,2019-08-05,2019-08-05 09:40:36.000,1.46,1.123,118,1.43,1.10,529,1.41,1.0846,2,1.445,1.1115,663,0
SPY190807P284,2019-08-05,2019-08-05 09:40:37.000,1.46,1.123,216,1.43,1.10,529,1.41,1.0846,2,1.445,1.1115,663,0
SPY190807P284,2019-08-05,2019-08-05 09:40:37.000,1.44,1.1076,138,1.41,1.0846,524,1.41,1.0846,2,1.425,1.0961,663,0
SPY190807P284,2019-08-05,2019-08-05 09:40:38.000,1.44,1.1076,152,1.41,1.0846,529,1.41,1.0846,2,1.425,1.0961,663,0
SPY190807P284,2019-08-05,2019-08-05 09:40:38.000,1.44,1.1076,222,1.41,1.0846,629,1.41,1.0846,2,1.425,1.0961,663,0
SPY190807P284,2019-08-05,2019-08-05 09:40:39.000,1.43,1.10,168,1.40,1.0769,518,1.41,1.0846,2,1.415,1.0884,663,0
SPY190807P284,2019-08-05,2019-08-05 09:40:39.000,1.43,1.10,110,1.41,1.0846,22,1.41,1.0846,2,1.42,1.0923,663,0
SPY190807P284,2019-08-05,2019-08-05 09:40:40.000,1.41,1.0846,150,1.39,1.0692,61,1.41,1.0846,2,1.40,1.0769,663,0
SPY190807P284,2019-08-05,2019-08-05 09:40:40.000,1.42,1.0923,5,1.38,1.0615,5,1.41,1.0846,2,1.40,1.0769,663,0
SPY190807P284,2019-08-05,2019-08-05 09:40:41.000,1.41,1.0846,171,1.39,1.0692,55,1.41,1.0846,2,1.40,1.0769,663,0
SPY190807P284,2019-08-05,2019-08-05 09:40:41.000,1.41,1.0846,153,1.39,1.0692,61,1.41,1.0846,2,1.40,1.0769,663,0
SPY190807P284,2019-08-05,2019-08-05 09:40:42.000,1.42,1.0923,533,1.39,1.0692,430,1.41,1.0846,2,1.405,1.0807,663,0
SPY190807P284,2019-08-05,2019-08-05 09:40:42.000,1.40,1.0769,18,1.39,1.0692,5,1.41,1.0846,2,1.395,1.073,663,0
SPY190807P284,2019-08-05,2019-08-05 09:40:43.000,1.40,1.0769,70,1.38,1.0615,140,1.41,1.0846,2,1.39,1.0692,663,0
SPY190807P284,2019-08-05,2019-08-05 09:40:43.000,1.41,1.0846,235,1.38,1.0615,24,1.41,1.0846,2,1.395,1.073,663,0
SPY190807P284,2019-08-05,2019-08-05 09:40:44.000,1.41,1.0846,235,1.38,1.0615,24,1.41,1.0846,2,1.395,1.073,663,0
SPY190807P284,2019-08-05,2019-08-05 09:40:44.000,1.41,1.0846,152,1.39,1.0692,70,1.41,1.0846,2,1.40,1.0769,663,0
SPY190807P284,2019-08-05,2019-08-05 09:40:45.000,1.41,1.0846,145,1.39,1.0692,43,1.41,1.0846,2,1.40,1.0769,663,0
SPY190807P284,2019-08-05,2019-08-05 09:40:45.000,1.41,1.0846,138,1.39,1.0692,72,1.41,1.0846,2,1.40,1.0769,663,0
SPY190807P284,2019-08-05,2019-08-05 09:40:46.000,1.41,1.0846,198,1.38,1.0615,594,1.41,1.0846,2,1.395,1.073,663,0
SPY190807P284,2019-08-05,2019-08-05 09:40:46.000,1.41,1.0846,136,1.39,1.0692,11,1.41,1.0846,2,1.40,1.0769,663,0
SPY190807P284,2019-08-05,2019-08-05 09:40:47.000,1.40,1.0769,219,1.38,1.0615,68,1.41,1.0846,2,1.39,1.0692,663,0
SPY190807P284,2019-08-05,2019-08-05 09:40:47.000,1.41,1.0846,150,1.38,1.0615,509,1.41,1.0846,2,1.395,1.073,663,0
SPY190807P284,2019-08-05,2019-08-05 09:40:48.000,1.40,1.0769,279,1.36,1.0461,360,1.41,1.0846,2,1.38,1.0615,663,0
SPY190807P284,2019-08-05,2019-08-05 09:40:48.000,1.40,1.0769,400,1.38,1.0615,35,1.41,1.0846,2,1.39,1.0692,663,0
SPY190807P284,2019-08-05,2019-08-05 09:40:49.000,1.39,1.0692,168,1.36,1.0461,16,1.41,1.0846,2,1.375,1.0576,663,0
SPY190807P284,2019-08-05,2019-08-05 09:40:49.000,1.39,1.0692,77,1.37,1.0538,5,1.41,1.0846,2,1.38,1.0615,663,0
SPY190807P284,2019-08-05,2019-08-05 09:40:50.000,1.38,1.0615,235,1.36,1.0461,460,1.41,1.0846,2,1.37,1.0538,663,0
SPY190807P284,2019-08-05,2019-08-05 09:40:50.000,1.38,1.0615,150,1.36,1.0461,59,1.41,1.0846,2,1.37,1.0538,663,0
SPY190807P284,2019-08-05,2019-08-05 09:40:51.000,1.39,1.0692,448,1.36,1.0461,609,1.41,1.0846,2,1.375,1.0576,663,0
SPY190807P284,2019-08-05,2019-08-05 09:40:51.000,1.39,1.0692,273,1.36,1.0461,609,1.41,1.0846,2,1.375,1.0576,663,0
SPY190807P284,2019-08-05,2019-08-05 09:40:52.000,1.39,1.0692,274,1.36,1.0461,228,1.41,1.0846,2,1.375,1.0576,663,0
SPY190807P284,2019-08-05,2019-08-05 09:40:52.000,1.39,1.0692,448,1.36,1.0461,228,1.41,1.0846,2,1.375,1.0576,663,0
SPY190807P284,2019-08-05,2019-08-05 09:40:53.000,1.38,1.0615,5,1.36,1.0461,52,1.41,1.0846,2,1.37,1.0538,663,0
SPY190807P284,2019-08-05,2019-08-05 09:40:53.000,1.37,1.0538,5,1.35,1.0384,5,1.41,1.0846,2,1.36,1.0461,663,0
SPY190807P284,2019-08-05,2019-08-05 09:40:54.000,1.37,1.0538,116,1.34,1.0307,360,1.41,1.0846,2,1.355,1.0423,663,0
SPY190807P284,2019-08-05,2019-08-05 09:40:54.000,1.37,1.0538,156,1.35,1.0384,62,1.41,1.0846,2,1.36,1.0461,663,0
SPY190807P284,2019-08-05,2019-08-05 09:40:55.000,1.39,1.0692,106,1.36,1.0461,565,1.41,1.0846,2,1.375,1.0576,663,0
SPY190807P284,2019-08-05,2019-08-05 09:40:55.000,1.38,1.0615,150,1.34,1.0307,150,1.41,1.0846,2,1.36,1.0461,663,0
SPY190807P284,2019-08-05,2019-08-05 09:40:56.000,1.39,1.0692,168,1.37,1.0538,100,1.41,1.0846,2,1.38,1.0615,663,0
SPY190807P284,2019-08-05,2019-08-05 09:40:57.000,1.39,1.0692,27,1.37,1.0538,466,1.41,1.0846,2,1.38,1.0615,663,0
SPY190807P284,2019-08-05,2019-08-05 09:40:57.000,1.39,1.0692,77,1.37,1.0538,466,1.41,1.0846,2,1.38,1.0615,663,0
SPY190807P284,2019-08-05,2019-08-05 09:40:58.000,1.38,1.0615,83,1.35,1.0384,460,1.41,1.0846,2,1.365,1.05,663,0
SPY190807P284,2019-08-05,2019-08-05 09:40:58.000,1.39,1.0692,188,1.37,1.0538,466,1.41,1.0846,2,1.38,1.0615,663,0
SPY190807P284,2019-08-05,2019-08-05 09:40:59.000,1.38,1.0615,166,1.35,1.0384,609,1.41,1.0846,2,1.365,1.05,663,0
SPY190807P284,2019-08-05,2019-08-05 09:40:59.000,1.38,1.0615,115,1.36,1.0461,5,1.41,1.0846,2,1.37,1.0538,663,0
SPY190807P284,2019-08-05,2019-08-05 09:41:00.000,1.37,1.0538,18,1.35,1.0384,616,1.41,1.0846,2,1.36,1.0461,663,0
SPY190807P284,2019-08-05,2019-08-05 09:41:00.000,1.38,1.0615,185,1.35,1.0384,460,1.41,1.0846,2,1.365,1.05,663,0
SPY190807P284,2019-08-05,2019-08-05 09:41:01.000,1.38,1.0615,491,1.35,1.0384,579,1.41,1.0846,2,1.365,1.05,663,0
SPY190807P284,2019-08-05,2019-08-05 09:41:01.000,1.38,1.0615,491,1.35,1.0384,509,1.41,1.0846,2,1.365,1.05,663,0
SPY190807P284,2019-08-05,2019-08-05 09:41:02.000,1.37,1.0538,70,1.35,1.0384,509,1.41,1.0846,2,1.36,1.0461,663,0
SPY190807P284,2019-08-05,2019-08-05 09:41:03.000,1.39,1.0692,276,1.36,1.0461,509,1.41,1.0846,2,1.375,1.0576,663,0
SPY190807P284,2019-08-05,2019-08-05 09:41:03.000,1.39,1.0692,88,1.37,1.0538,15,1.41,1.0846,2,1.38,1.0615,663,0
SPY190807P284,2019-08-05,2019-08-05 09:41:04.000,1.39,1.0692,70,1.36,1.0461,492,1.41,1.0846,2,1.375,1.0576,663,0
SPY190807P284,2019-08-05,2019-08-05 09:41:04.000,1.38,1.0615,284,1.35,1.0384,360,1.41,1.0846,2,1.365,1.05,663,0
SPY190807P284,2019-08-05,2019-08-05 09:41:05.000,1.38,1.0615,284,1.35,1.0384,360,1.41,1.0846,2,1.365,1.05,663,0
SPY190807P284,2019-08-05,2019-08-05 09:41:05.000,1.38,1.0615,298,1.35,1.0384,430,1.41,1.0846,2,1.365,1.05,663,0
SPY190807P284,2019-08-05,2019-08-05 09:41:06.000,1.38,1.0615,166,1.36,1.0461,5,1.41,1.0846,2,1.37,1.0538,663,0
SPY190807P284,2019-08-05,2019-08-05 09:41:06.000,1.38,1.0615,99,1.35,1.0384,509,1.41,1.0846,2,1.365,1.05,663,0
SPY190807P284,2019-08-05,2019-08-05 09:41:07.000,1.37,1.0538,29,1.35,1.0384,496,1.41,1.0846,2,1.36,1.0461,663,0
SPY190807P284,2019-08-05,2019-08-05 09:41:07.000,1.37,1.0538,29,1.35,1.0384,609,1.41,1.0846,2,1.36,1.0461,663,0
SPY190807P284,2019-08-05,2019-08-05 09:41:08.000,1.38,1.0615,147,1.36,1.0461,180,1.41,1.0846,2,1.37,1.0538,663,0
SPY190807P284,2019-08-05,2019-08-05 09:41:08.000,1.37,1.0538,36,1.35,1.0384,298,1.41,1.0846,2,1.36,1.0461,663,0
SPY190807P284,2019-08-05,2019-08-05 09:41:09.000,1.36,1.0461,36,1.35,1.0384,25,1.41,1.0846,2,1.355,1.0423,663,0
SPY190807P284,2019-08-05,2019-08-05 09:41:09.000,1.36,1.0461,36,1.34,1.0307,665,1.41,1.0846,2,1.35,1.0384,663,0
SPY190807P284,2019-08-05,2019-08-05 09:41:10.000,1.38,1.0615,263,1.35,1.0384,219,1.41,1.0846,2,1.365,1.05,663,0
SPY190807P284,2019-08-05,2019-08-05 09:41:10.000,1.38,1.0615,348,1.34,1.0307,620,1.41,1.0846,2,1.36,1.0461,663,0
SPY190807P284,2019-08-05,2019-08-05 09:41:11.000,1.38,1.0615,70,1.36,1.0461,5,1.41,1.0846,2,1.37,1.0538,663,0
SPY190807P284,2019-08-05,2019-08-05 09:41:11.000,1.37,1.0538,78,1.35,1.0384,479,1.41,1.0846,2,1.36,1.0461,663,0
SPY190807P284,2019-08-05,2019-08-05 09:41:12.000,1.36,1.0461,36,1.35,1.0384,30,1.41,1.0846,2,1.355,1.0423,663,0
SPY190807P284,2019-08-05,2019-08-05 09:41:13.000,1.37,1.0538,118,1.35,1.0384,166,1.41,1.0846,2,1.36,1.0461,663,0
SPY190807P284,2019-08-05,2019-08-05 09:41:13.000,1.37,1.0538,118,1.34,1.0307,460,1.41,1.0846,2,1.355,1.0423,663,0
SPY190807P284,2019-08-05,2019-08-05 09:41:14.000,1.38,1.0615,84,1.36,1.0461,5,1.41,1.0846,2,1.37,1.0538,663,0
SPY190807P284,2019-08-05,2019-08-05 09:41:14.000,1.39,1.0692,302,1.36,1.0461,100,1.41,1.0846,2,1.375,1.0576,663,0
SPY190807P284,2019-08-05,2019-08-05 09:41:15.000,1.38,1.0615,136,1.36,1.0461,32,1.41,1.0846,2,1.37,1.0538,663,0
SPY190807P284,2019-08-05,2019-08-05 09:41:15.000,1.38,1.0615,255,1.35,1.0384,399,1.41,1.0846,2,1.365,1.05,663,0
SPY190807P284,2019-08-05,2019-08-05 09:41:16.000,1.38,1.0615,255,1.35,1.0384,399,1.41,1.0846,2,1.365,1.05,663,0
SPY190807P284,2019-08-05,2019-08-05 09:41:16.000,1.38,1.0615,70,1.35,1.0384,298,1.35,1.0384,1,1.365,1.05,664,1
SPY190807P284,2019-08-05,2019-08-05 09:41:17.000,1.37,1.0538,36,1.35,1.0384,154,1.35,1.0384,1,1.36,1.0461,664,0
SPY190807P284,2019-08-05,2019-08-05 09:41:17.000,1.37,1.0538,36,1.35,1.0384,136,1.35,1.0384,1,1.36,1.0461,664,0
SPY190807P284,2019-08-05,2019-08-05 09:41:18.000,1.39,1.0692,32,1.36,1.0461,509,1.35,1.0384,1,1.375,1.0576,664,0
SPY190807P284,2019-08-05,2019-08-05 09:41:18.000,1.37,1.0538,36,1.35,1.0384,120,1.35,1.0384,1,1.36,1.0461,664,0
SPY190807P284,2019-08-05,2019-08-05 09:41:19.000,1.39,1.0692,104,1.37,1.0538,5,1.35,1.0384,1,1.38,1.0615,664,0
SPY190807P284,2019-08-05,2019-08-05 09:41:19.000,1.39,1.0692,138,1.36,1.0461,375,1.35,1.0384,1,1.375,1.0576,664,0
SPY190807P284,2019-08-05,2019-08-05 09:41:20.000,1.39,1.0692,133,1.37,1.0538,5,1.35,1.0384,1,1.38,1.0615,664,0
SPY190807P284,2019-08-05,2019-08-05 09:41:20.000,1.39,1.0692,110,1.37,1.0538,5,1.35,1.0384,1,1.38,1.0615,664,0
SPY190807P284,2019-08-05,2019-08-05 09:41:21.000,1.39,1.0692,133,1.36,1.0461,1029,1.35,1.0384,1,1.375,1.0576,664,0
SPY190807P284,2019-08-05,2019-08-05 09:41:21.000,1.39,1.0692,133,1.37,1.0538,5,1.35,1.0384,1,1.38,1.0615,664,0
SPY190807P284,2019-08-05,2019-08-05 09:41:22.000,1.38,1.0615,172,1.36,1.0461,148,1.35,1.0384,1,1.37,1.0538,664,0
SPY190807P284,2019-08-05,2019-08-05 09:41:22.000,1.38,1.0615,172,1.36,1.0461,99,1.35,1.0384,1,1.37,1.0538,664,0
SPY190807P284,2019-08-05,2019-08-05 09:41:23.000,1.38,1.0615,158,1.36,1.0461,73,1.35,1.0384,1,1.37,1.0538,664,0
SPY190807P284,2019-08-05,2019-08-05 09:41:23.000,1.38,1.0615,144,1.36,1.0461,70,1.35,1.0384,1,1.37,1.0538,664,0
SPY190807P284,2019-08-05,2019-08-05 09:41:24.000,1.38,1.0615,219,1.36,1.0461,3,1.35,1.0384,1,1.37,1.0538,664,0
SPY190807P284,2019-08-05,2019-08-05 09:41:24.000,1.38,1.0615,158,1.36,1.0461,3,1.35,1.0384,1,1.37,1.0538,664,0
SPY190807P284,2019-08-05,2019-08-05 09:41:25.000,1.37,1.0538,18,1.36,1.0461,3,1.35,1.0384,1,1.365,1.05,664,0
SPY190807P284,2019-08-05,2019-08-05 09:41:25.000,1.37,1.0538,36,1.36,1.0461,3,1.35,1.0384,1,1.365,1.05,664,0
SPY190807P284,2019-08-05,2019-08-05 09:41:26.000,1.37,1.0538,69,1.36,1.0461,3,1.35,1.0384,1,1.365,1.05,664,0
SPY190807P284,2019-08-05,2019-08-05 09:41:26.000,1.37,1.0538,86,1.36,1.0461,3,1.35,1.0384,1,1.365,1.05,664,0
SPY190807P284,2019-08-05,2019-08-05 09:41:27.000,1.36,1.0461,101,1.34,1.0307,177,1.36,1.0461,3,1.35,1.0384,667,3
SPY190807P284,2019-08-05,2019-08-05 09:41:27.000,1.37,1.0538,284,1.36,1.0461,3,1.35,1.0384,1,1.365,1.05,664,0
SPY190807P284,2019-08-05,2019-08-05 09:41:28.000,1.36,1.0461,106,1.34,1.0307,147,1.36,1.0461,3,1.35,1.0384,667,0
SPY190807P284,2019-08-05,2019-08-05 09:41:28.000,1.36,1.0461,95,1.34,1.0307,147,1.36,1.0461,3,1.35,1.0384,667,0
SPY190807P284,2019-08-05,2019-08-05 09:41:29.000,1.36,1.0461,444,1.33,1.023,219,1.36,1.0461,3,1.345,1.0346,667,0
SPY190807P284,2019-08-05,2019-08-05 09:41:29.000,1.36,1.0461,62,1.34,1.0307,147,1.36,1.0461,3,1.35,1.0384,667,0
SPY190807P284,2019-08-05,2019-08-05 09:41:30.000,1.35,1.0384,86,1.33,1.023,191,1.36,1.0461,3,1.34,1.0307,667,0
SPY190807P284,2019-08-05,2019-08-05 09:41:30.000,1.36,1.0461,444,1.33,1.023,219,1.36,1.0461,3,1.345,1.0346,667,0
SPY190807P284,2019-08-05,2019-08-05 09:41:31.000,1.36,1.0461,246,1.33,1.023,94,1.36,1.0461,3,1.345,1.0346,667,0
SPY190807P284,2019-08-05,2019-08-05 09:41:31.000,1.35,1.0384,79,1.33,1.023,102,1.36,1.0461,3,1.34,1.0307,667,0
SPY190807P284,2019-08-05,2019-08-05 09:41:32.000,1.35,1.0384,149,1.33,1.023,136,1.36,1.0461,3,1.34,1.0307,667,0
SPY190807P284,2019-08-05,2019-08-05 09:41:32.000,1.36,1.0461,246,1.33,1.023,605,1.36,1.0461,3,1.345,1.0346,667,0
SPY190807P284,2019-08-05,2019-08-05 09:41:33.000,1.35,1.0384,285,1.32,1.0153,608,1.36,1.0461,3,1.335,1.0269,667,0
SPY190807P284,2019-08-05,2019-08-05 09:41:33.000,1.35,1.0384,285,1.32,1.0153,572,1.36,1.0461,3,1.335,1.0269,667,0
SPY190807P284,2019-08-05,2019-08-05 09:41:34.000,1.35,1.0384,136,1.33,1.023,136,1.36,1.0461,3,1.34,1.0307,667,0
SPY190807P284,2019-08-05,2019-08-05 09:41:34.000,1.36,1.0461,350,1.33,1.023,86,1.36,1.0461,3,1.345,1.0346,667,0
SPY190807P284,2019-08-05,2019-08-05 09:41:35.000,1.35,1.0384,273,1.32,1.0153,805,1.36,1.0461,3,1.335,1.0269,667,0
SPY190807P284,2019-08-05,2019-08-05 09:41:35.000,1.36,1.0461,147,1.33,1.023,249,1.36,1.0461,3,1.345,1.0346,667,0
SPY190807P284,2019-08-05,2019-08-05 09:41:36.000,1.36,1.0461,147,1.33,1.023,249,1.36,1.0461,3,1.345,1.0346,667,0
SPY190807P284,2019-08-05,2019-08-05 09:41:37.000,1.36,1.0461,184,1.34,1.0307,128,1.36,1.0461,3,1.35,1.0384,667,0
SPY190807P284,2019-08-05,2019-08-05 09:41:37.000,1.35,1.0384,66,1.33,1.023,398,1.36,1.0461,3,1.34,1.0307,667,0
SPY190807P284,2019-08-05,2019-08-05 09:41:38.000,1.36,1.0461,5,1.34,1.0307,754,1.36,1.0461,3,1.35,1.0384,667,0
SPY190807P284,2019-08-05,2019-08-05 09:41:38.000,1.36,1.0461,136,1.34,1.0307,353,1.36,1.0461,3,1.35,1.0384,667,0
SPY190807P284,2019-08-05,2019-08-05 09:41:39.000,1.37,1.0538,147,1.35,1.0384,31,1.36,1.0461,3,1.36,1.0461,667,0
SPY190807P284,2019-08-05,2019-08-05 09:41:39.000,1.37,1.0538,147,1.35,1.0384,1,1.36,1.0461,3,1.36,1.0461,667,0
SPY190807P284,2019-08-05,2019-08-05 09:41:40.000,1.36,1.0461,87,1.34,1.0307,97,1.36,1.0461,1,1.35,1.0384,668,0
SPY190807P284,2019-08-05,2019-08-05 09:41:40.000,1.36,1.0461,109,1.34,1.0307,97,1.36,1.0461,1,1.35,1.0384,668,1
SPY190807P284,2019-08-05,2019-08-05 09:41:41.000,1.36,1.0461,130,1.34,1.0307,134,1.36,1.0461,1,1.35,1.0384,668,0
SPY190807P284,2019-08-05,2019-08-05 09:41:41.000,1.37,1.0538,417,1.34,1.0307,105,1.36,1.0461,1,1.355,1.0423,668,0
SPY190807P284,2019-08-05,2019-08-05 09:41:42.000,1.36,1.0461,98,1.34,1.0307,193,1.36,1.0461,1,1.35,1.0384,668,0
SPY190807P284,2019-08-05,2019-08-05 09:41:42.000,1.37,1.0538,536,1.34,1.0307,189,1.36,1.0461,1,1.355,1.0423,668,0
SPY190807P284,2019-08-05,2019-08-05 09:41:43.000,1.37,1.0538,201,1.34,1.0307,189,1.36,1.0461,1,1.355,1.0423,668,0
SPY190807P284,2019-08-05,2019-08-05 09:41:43.000,1.37,1.0538,145,1.35,1.0384,85,1.36,1.0461,1,1.36,1.0461,668,0
SPY190807P284,2019-08-05,2019-08-05 09:41:44.000,1.37,1.0538,145,1.35,1.0384,70,1.36,1.0461,1,1.36,1.0461,668,0
SPY190807P284,2019-08-05,2019-08-05 09:41:45.000,1.37,1.0538,18,1.35,1.0384,574,1.36,1.0461,1,1.36,1.0461,668,0
SPY190807P284,2019-08-05,2019-08-05 09:41:45.000,1.37,1.0538,145,1.35,1.0384,119,1.36,1.0461,1,1.36,1.0461,668,0
SPY190807P284,2019-08-05,2019-08-05 09:41:46.000,1.38,1.0615,236,1.36,1.0461,10,1.36,1.0461,1,1.37,1.0538,668,0
SPY190807P284,2019-08-05,2019-08-05 09:41:46.000,1.38,1.0615,350,1.35,1.0384,360,1.36,1.0461,1,1.365,1.05,668,0
SPY190807P284,2019-08-05,2019-08-05 09:41:47.000,1.38,1.0615,91,1.36,1.0461,516,1.36,1.0461,1,1.37,1.0538,668,0
SPY190807P284,2019-08-05,2019-08-05 09:41:47.000,1.38,1.0615,70,1.36,1.0461,8,1.36,1.0461,1,1.37,1.0538,668,0
SPY190807P284,2019-08-05,2019-08-05 09:41:48.000,1.39,1.0692,512,1.36,1.0461,598,1.36,1.0461,1,1.375,1.0576,668,0
SPY190807P284,2019-08-05,2019-08-05 09:41:48.000,1.39,1.0692,512,1.37,1.0538,5,1.36,1.0461,1,1.38,1.0615,668,0
SPY190807P284,2019-08-05,2019-08-05 09:41:49.000,1.39,1.0692,236,1.36,1.0461,453,1.36,1.0461,1,1.375,1.0576,668,0
SPY190807P284,2019-08-05,2019-08-05 09:41:49.000,1.39,1.0692,96,1.37,1.0538,8,1.36,1.0461,1,1.38,1.0615,668,0
SPY190807P284,2019-08-05,2019-08-05 09:41:50.000,1.39,1.0692,212,1.36,1.0461,772,1.36,1.0461,1,1.375,1.0576,668,0
SPY190807P284,2019-08-05,2019-08-05 09:41:50.000,1.40,1.0769,240,1.37,1.0538,663,1.36,1.0461,1,1.385,1.0653,668,0
SPY190807P284,2019-08-05,2019-08-05 09:41:51.000,1.40,1.0769,240,1.38,1.0615,409,1.36,1.0461,1,1.39,1.0692,668,0
SPY190807P284,2019-08-05,2019-08-05 09:41:51.000,1.40,1.0769,147,1.38,1.0615,409,1.36,1.0461,1,1.39,1.0692,668,0
SPY190807P284,2019-08-05,2019-08-05 09:41:52.000,1.40,1.0769,147,1.38,1.0615,416,1.36,1.0461,1,1.39,1.0692,668,0
SPY190807P284,2019-08-05,2019-08-05 09:41:52.000,1.42,1.0923,36,1.40,1.0769,100,1.36,1.0461,1,1.41,1.0846,668,0
SPY190807P284,2019-08-05,2019-08-05 09:41:53.000,1.42,1.0923,18,1.40,1.0769,523,1.36,1.0461,1,1.41,1.0846,668,0
SPY190807P284,2019-08-05,2019-08-05 09:41:53.000,1.43,1.10,82,1.40,1.0769,430,1.36,1.0461,1,1.415,1.0884,668,0
SPY190807P284,2019-08-05,2019-08-05 09:41:54.000,1.43,1.10,75,1.41,1.0846,5,1.36,1.0461,1,1.42,1.0923,668,0
SPY190807P284,2019-08-05,2019-08-05 09:41:54.000,1.43,1.10,99,1.40,1.0769,435,1.36,1.0461,1,1.415,1.0884,668,0
SPY190807P284,2019-08-05,2019-08-05 09:41:55.000,1.43,1.10,151,1.40,1.0769,128,1.36,1.0461,1,1.415,1.0884,668,0
SPY190807P284,2019-08-05,2019-08-05 09:41:55.000,1.42,1.0923,18,1.41,1.0846,5,1.36,1.0461,1,1.415,1.0884,668,0
SPY190807P284,2019-08-05,2019-08-05 09:41:56.000,1.42,1.0923,18,1.41,1.0846,5,1.36,1.0461,1,1.415,1.0884,668,0
SPY190807P284,2019-08-05,2019-08-05 09:41:56.000,1.42,1.0923,18,1.40,1.0769,465,1.36,1.0461,1,1.41,1.0846,668,0
SPY190807P284,2019-08-05,2019-08-05 09:41:57.000,1.42,1.0923,18,1.40,1.0769,16,1.36,1.0461,1,1.41,1.0846,668,0
SPY190807P284,2019-08-05,2019-08-05 09:41:57.000,1.41,1.0846,18,1.40,1.0769,51,1.36,1.0461,1,1.405,1.0807,668,0
SPY190807P284,2019-08-05,2019-08-05 09:41:58.000,1.41,1.0846,36,1.40,1.0769,100,1.36,1.0461,1,1.405,1.0807,668,0
SPY190807P284,2019-08-05,2019-08-05 09:41:59.000,1.41,1.0846,36,1.40,1.0769,5,1.36,1.0461,1,1.405,1.0807,668,0
SPY190807P284,2019-08-05,2019-08-05 09:41:59.000,1.41,1.0846,36,1.40,1.0769,69,1.36,1.0461,1,1.405,1.0807,668,0
SPY190807P284,2019-08-05,2019-08-05 09:42:00.000,1.41,1.0846,36,1.40,1.0769,5,1.36,1.0461,1,1.405,1.0807,668,0
SPY190807P284,2019-08-05,2019-08-05 09:42:01.000,1.43,1.10,514,1.40,1.0769,609,1.36,1.0461,1,1.415,1.0884,668,0
SPY190807P284,2019-08-05,2019-08-05 09:42:02.000,1.43,1.10,100,1.40,1.0769,1092,1.36,1.0461,1,1.415,1.0884,668,0
SPY190807P284,2019-08-05,2019-08-05 09:42:02.000,1.43,1.10,206,1.40,1.0769,611,1.36,1.0461,1,1.415,1.0884,668,0
SPY190807P284,2019-08-05,2019-08-05 09:42:03.000,1.43,1.10,223,1.40,1.0769,1092,1.36,1.0461,1,1.415,1.0884,668,0
SPY190807P284,2019-08-05,2019-08-05 09:42:03.000,1.43,1.10,153,1.40,1.0769,1092,1.36,1.0461,1,1.415,1.0884,668,0
SPY190807P284,2019-08-05,2019-08-05 09:42:04.000,1.43,1.10,184,1.41,1.0846,5,1.36,1.0461,1,1.42,1.0923,668,0
SPY190807P284,2019-08-05,2019-08-05 09:42:04.000,1.43,1.10,223,1.40,1.0769,1092,1.36,1.0461,1,1.415,1.0884,668,0
SPY190807P284,2019-08-05,2019-08-05 09:42:05.000,1.44,1.1076,186,1.40,1.0769,522,1.36,1.0461,1,1.42,1.0923,668,0
SPY190807P284,2019-08-05,2019-08-05 09:42:05.000,1.43,1.10,120,1.41,1.0846,297,1.36,1.0461,1,1.42,1.0923,668,0
SPY190807P284,2019-08-05,2019-08-05 09:42:06.000,1.43,1.10,36,1.41,1.0846,181,1.36,1.0461,1,1.42,1.0923,668,0
SPY190807P284,2019-08-05,2019-08-05 09:42:06.000,1.43,1.10,18,1.41,1.0846,550,1.36,1.0461,1,1.42,1.0923,668,0
SPY190807P284,2019-08-05,2019-08-05 09:42:07.000,1.43,1.10,36,1.41,1.0846,229,1.36,1.0461,1,1.42,1.0923,668,0
SPY190807P284,2019-08-05,2019-08-05 09:42:07.000,1.43,1.10,36,1.41,1.0846,295,1.36,1.0461,1,1.42,1.0923,668,0
SPY190807P284,2019-08-05,2019-08-05 09:42:08.000,1.43,1.10,36,1.41,1.0846,357,1.36,1.0461,1,1.42,1.0923,668,0
SPY190807P284,2019-08-05,2019-08-05 09:42:08.000,1.43,1.10,36,1.41,1.0846,373,1.36,1.0461,1,1.42,1.0923,668,0
SPY190807P284,2019-08-05,2019-08-05 09:42:09.000,1.43,1.10,228,1.40,1.0769,280,1.36,1.0461,1,1.415,1.0884,668,0
SPY190807P284,2019-08-05,2019-08-05 09:42:09.000,1.42,1.0923,36,1.41,1.0846,8,1.36,1.0461,1,1.415,1.0884,668,0
SPY190807P284,2019-08-05,2019-08-05 09:42:10.000,1.44,1.1076,216,1.40,1.0769,491,1.36,1.0461,1,1.42,1.0923,668,0
SPY190807P284,2019-08-05,2019-08-05 09:42:10.000,1.44,1.1076,730,1.40,1.0769,491,1.36,1.0461,1,1.42,1.0923,668,0
SPY190807P284,2019-08-05,2019-08-05 09:42:11.000,1.44,1.1076,70,1.42,1.0923,451,1.36,1.0461,1,1.43,1.10,668,0
SPY190807P284,2019-08-05,2019-08-05 09:42:11.000,1.43,1.10,73,1.41,1.0846,232,1.36,1.0461,1,1.42,1.0923,668,0
SPY190807P284,2019-08-05,2019-08-05 09:42:12.000,1.45,1.1153,120,1.43,1.10,49,1.36,1.0461,1,1.44,1.1076,668,0
SPY190807P284,2019-08-05,2019-08-05 09:42:12.000,1.45,1.1153,448,1.43,1.10,5,1.36,1.0461,1,1.44,1.1076,668,0
SPY190807P284,2019-08-05,2019-08-05 09:42:13.000,1.44,1.1076,36,1.42,1.0923,139,1.36,1.0461,1,1.43,1.10,668,0
SPY190807P284,2019-08-05,2019-08-05 09:42:13.000,1.44,1.1076,36,1.42,1.0923,600,1.36,1.0461,1,1.43,1.10,668,0
SPY190807P284,2019-08-05,2019-08-05 09:42:14.000,1.45,1.1153,81,1.43,1.10,124,1.36,1.0461,1,1.44,1.1076,668,0
SPY190807P284,2019-08-05,2019-08-05 09:42:14.000,1.46,1.123,400,1.43,1.10,90,1.36,1.0461,1,1.445,1.1115,668,0
SPY190807P284,2019-08-05,2019-08-05 09:42:15.000,1.45,1.1153,87,1.43,1.10,138,1.36,1.0461,1,1.44,1.1076,668,0
SPY190807P284,2019-08-05,2019-08-05 09:42:15.000,1.45,1.1153,87,1.43,1.10,194,1.36,1.0461,1,1.44,1.1076,668,0
SPY190807P284,2019-08-05,2019-08-05 09:42:16.000,1.45,1.1153,36,1.44,1.1076,35,1.36,1.0461,1,1.445,1.1115,668,0
SPY190807P284,2019-08-05,2019-08-05 09:42:16.000,1.45,1.1153,36,1.43,1.10,219,1.36,1.0461,1,1.44,1.1076,668,0
SPY190807P284,2019-08-05,2019-08-05 09:42:17.000,1.45,1.1153,34,1.43,1.10,227,1.36,1.0461,1,1.44,1.1076,668,0
SPY190807P284,2019-08-05,2019-08-05 09:42:17.000,1.45,1.1153,34,1.43,1.10,267,1.36,1.0461,1,1.44,1.1076,668,0
SPY190807P284,2019-08-05,2019-08-05 09:42:18.000,1.45,1.1153,68,1.43,1.10,115,1.36,1.0461,1,1.44,1.1076,668,0
SPY190807P284,2019-08-05,2019-08-05 09:42:18.000,1.45,1.1153,77,1.43,1.10,86,1.36,1.0461,1,1.44,1.1076,668,0
SPY190807P284,2019-08-05,2019-08-05 09:42:19.000,1.45,1.1153,75,1.43,1.10,128,1.36,1.0461,1,1.44,1.1076,668,0
SPY190807P284,2019-08-05,2019-08-05 09:42:20.000,1.45,1.1153,178,1.42,1.0923,208,1.36,1.0461,1,1.435,1.1038,668,0
SPY190807P284,2019-08-05,2019-08-05 09:42:20.000,1.45,1.1153,75,1.42,1.0923,179,1.36,1.0461,1,1.435,1.1038,668,0
SPY190807P284,2019-08-05,2019-08-05 09:42:21.000,1.43,1.10,21,1.41,1.0846,81,1.36,1.0461,1,1.42,1.0923,668,0
SPY190807P284,2019-08-05,2019-08-05 09:42:21.000,1.43,1.10,121,1.39,1.0692,527,1.36,1.0461,1,1.41,1.0846,668,0
SPY190807P284,2019-08-05,2019-08-05 09:42:22.000,1.45,1.1153,5,1.41,1.0846,172,1.36,1.0461,1,1.43,1.10,668,0
SPY190807P284,2019-08-05,2019-08-05 09:42:22.000,1.46,1.123,395,1.42,1.0923,15,1.36,1.0461,1,1.44,1.1076,668,0
SPY190807P284,2019-08-05,2019-08-05 09:42:23.000,1.43,1.10,36,1.41,1.0846,103,1.36,1.0461,1,1.42,1.0923,668,0
SPY190807P284,2019-08-05,2019-08-05 09:42:23.000,1.43,1.10,36,1.40,1.0769,189,1.36,1.0461,1,1.415,1.0884,668,0
SPY190807P284,2019-08-05,2019-08-05 09:42:24.000,1.44,1.1076,240,1.40,1.0769,37,1.36,1.0461,1,1.42,1.0923,668,0
SPY190807P284,2019-08-05,2019-08-05 09:42:24.000,1.42,1.0923,106,1.40,1.0769,25,1.36,1.0461,1,1.41,1.0846,668,0
SPY190807P284,2019-08-05,2019-08-05 09:42:25.000,1.42,1.0923,156,1.39,1.0692,706,1.36,1.0461,1,1.405,1.0807,668,0
SPY190807P284,2019-08-05,2019-08-05 09:42:25.000,1.42,1.0923,82,1.40,1.0769,4,1.36,1.0461,1,1.41,1.0846,668,0
SPY190807P284,2019-08-05,2019-08-05 09:42:26.000,1.42,1.0923,156,1.39,1.0692,710,1.36,1.0461,1,1.405,1.0807,668,0
SPY190807P284,2019-08-05,2019-08-05 09:42:26.000,1.42,1.0923,156,1.39,1.0692,913,1.36,1.0461,1,1.405,1.0807,668,0
SPY190807P284,2019-08-05,2019-08-05 09:42:27.000,1.41,1.0846,78,1.39,1.0692,164,1.36,1.0461,1,1.40,1.0769,668,0
SPY190807P284,2019-08-05,2019-08-05 09:42:27.000,1.42,1.0923,156,1.40,1.0769,5,1.36,1.0461,1,1.41,1.0846,668,0
SPY190807P284,2019-08-05,2019-08-05 09:42:28.000,1.42,1.0923,686,1.39,1.0692,202,1.36,1.0461,1,1.405,1.0807,668,0
SPY190807P284,2019-08-05,2019-08-05 09:42:28.000,1.43,1.10,273,1.40,1.0769,190,1.36,1.0461,1,1.415,1.0884,668,0
SPY190807P284,2019-08-05,2019-08-05 09:42:29.000,1.43,1.10,132,1.40,1.0769,238,1.36,1.0461,1,1.415,1.0884,668,0
SPY190807P284,2019-08-05,2019-08-05 09:42:30.000,1.43,1.10,189,1.41,1.0846,5,1.36,1.0461,1,1.42,1.0923,668,0
SPY190807P284,2019-08-05,2019-08-05 09:42:31.000,1.42,1.0923,78,1.40,1.0769,50,1.36,1.0461,1,1.41,1.0846,668,0
SPY190807P284,2019-08-05,2019-08-05 09:42:31.000,1.42,1.0923,144,1.39,1.0692,70,1.36,1.0461,1,1.405,1.0807,668,0
SPY190807P284,2019-08-05,2019-08-05 09:42:32.000,1.43,1.10,134,1.39,1.0692,116,1.42,1.0923,1,1.41,1.0846,669,1
SPY190807P284,2019-08-05,2019-08-05 09:42:32.000,1.43,1.10,186,1.40,1.0769,5,1.42,1.0923,1,1.415,1.0884,669,0
SPY190807P284,2019-08-05,2019-08-05 09:42:33.000,1.43,1.10,186,1.40,1.0769,5,1.42,1.0923,1,1.415,1.0884,669,0
SPY190807P284,2019-08-05,2019-08-05 09:42:33.000,1.43,1.10,448,1.40,1.0769,120,1.42,1.0923,2,1.415,1.0884,671,2
SPY190807P284,2019-08-05,2019-08-05 09:42:34.000,1.42,1.0923,74,1.40,1.0769,217,1.42,1.0923,2,1.41,1.0846,671,0
SPY190807P284,2019-08-05,2019-08-05 09:42:34.000,1.43,1.10,648,1.40,1.0769,217,1.42,1.0923,2,1.415,1.0884,671,0
SPY190807P284,2019-08-05,2019-08-05 09:42:35.000,1.42,1.0923,106,1.41,1.0846,5,1.42,1.0923,2,1.415,1.0884,671,0
SPY190807P284,2019-08-05,2019-08-05 09:42:35.000,1.42,1.0923,106,1.40,1.0769,71,1.42,1.0923,2,1.41,1.0846,671,0
SPY190807P284,2019-08-05,2019-08-05 09:42:36.000,1.43,1.10,413,1.41,1.0846,5,1.42,1.0923,2,1.42,1.0923,671,0
SPY190807P284,2019-08-05,2019-08-05 09:42:36.000,1.44,1.1076,249,1.41,1.0846,642,1.42,1.0923,2,1.425,1.0961,671,0
SPY190807P284,2019-08-05,2019-08-05 09:42:37.000,1.45,1.1153,396,1.42,1.0923,594,1.42,1.0923,2,1.435,1.1038,671,0
SPY190807P284,2019-08-05,2019-08-05 09:42:37.000,1.45,1.1153,398,1.42,1.0923,594,1.42,1.0923,2,1.435,1.1038,671,0
SPY190807P284,2019-08-05,2019-08-05 09:42:38.000,1.45,1.1153,398,1.42,1.0923,594,1.42,1.0923,2,1.435,1.1038,671,0
SPY190807P284,2019-08-05,2019-08-05 09:42:38.000,1.46,1.123,448,1.43,1.10,5,1.42,1.0923,2,1.445,1.1115,671,0
SPY190807P284,2019-08-05,2019-08-05 09:42:39.000,1.46,1.123,673,1.43,1.10,5,1.42,1.0923,2,1.445,1.1115,671,0
SPY190807P284,2019-08-05,2019-08-05 09:42:39.000,1.46,1.123,592,1.43,1.10,27,1.42,1.0923,2,1.445,1.1115,671,0
SPY190807P284,2019-08-05,2019-08-05 09:42:40.000,1.45,1.1153,127,1.42,1.0923,185,1.42,1.0923,2,1.435,1.1038,671,0
SPY190807P284,2019-08-05,2019-08-05 09:42:41.000,1.45,1.1153,127,1.42,1.0923,264,1.42,1.0923,2,1.435,1.1038,671,0
SPY190807P284,2019-08-05,2019-08-05 09:42:42.000,1.45,1.1153,105,1.43,1.10,18,1.42,1.0923,2,1.44,1.1076,671,0
SPY190807P284,2019-08-05,2019-08-05 09:42:42.000,1.45,1.1153,434,1.42,1.0923,279,1.42,1.0923,2,1.435,1.1038,671,0
SPY190807P284,2019-08-05,2019-08-05 09:42:43.000,1.45,1.1153,453,1.42,1.0923,143,1.42,1.0923,2,1.435,1.1038,671,0
SPY190807P284,2019-08-05,2019-08-05 09:42:43.000,1.44,1.1076,145,1.42,1.0923,35,1.42,1.0923,2,1.43,1.10,671,0
SPY190807P284,2019-08-05,2019-08-05 09:42:44.000,1.44,1.1076,135,1.42,1.0923,124,1.42,1.0923,2,1.43,1.10,671,0
SPY190807P284,2019-08-05,2019-08-05 09:42:44.000,1.44,1.1076,123,1.42,1.0923,124,1.42,1.0923,2,1.43,1.10,671,0
SPY190807P284,2019-08-05,2019-08-05 09:42:45.000,1.44,1.1076,350,1.41,1.0846,183,1.42,1.0923,2,1.425,1.0961,671,0
SPY190807P284,2019-08-05,2019-08-05 09:42:45.000,1.44,1.1076,559,1.41,1.0846,183,1.42,1.0923,2,1.425,1.0961,671,0
SPY190807P284,2019-08-05,2019-08-05 09:42:46.000,1.43,1.10,222,1.41,1.0846,73,1.42,1.0923,2,1.42,1.0923,671,0
SPY190807P284,2019-08-05,2019-08-05 09:42:46.000,1.44,1.1076,298,1.41,1.0846,183,1.42,1.0923,2,1.425,1.0961,671,0
SPY190807P284,2019-08-05,2019-08-05 09:42:47.000,1.43,1.10,192,1.41,1.0846,73,1.42,1.0923,2,1.42,1.0923,671,0
SPY190807P284,2019-08-05,2019-08-05 09:42:48.000,1.44,1.1076,36,1.42,1.0923,201,1.42,1.0923,2,1.43,1.10,671,0
SPY190807P284,2019-08-05,2019-08-05 09:42:48.000,1.44,1.1076,70,1.41,1.0846,35,1.42,1.0923,2,1.425,1.0961,671,0
SPY190807P284,2019-08-05,2019-08-05 09:42:49.000,1.44,1.1076,18,1.43,1.10,78,1.42,1.0923,2,1.435,1.1038,671,0
SPY190807P284,2019-08-05,2019-08-05 09:42:49.000,1.45,1.1153,221,1.42,1.0923,105,1.42,1.0923,2,1.435,1.1038,671,0
SPY190807P284,2019-08-05,2019-08-05 09:42:50.000,1.45,1.1153,150,1.43,1.10,78,1.42,1.0923,2,1.44,1.1076,671,0
SPY190807P284,2019-08-05,2019-08-05 09:42:50.000,1.45,1.1153,36,1.43,1.10,146,1.42,1.0923,2,1.44,1.1076,671,0
SPY190807P284,2019-08-05,2019-08-05 09:42:51.000,1.46,1.123,88,1.44,1.1076,109,1.42,1.0923,2,1.45,1.1153,671,0
SPY190807P284,2019-08-05,2019-08-05 09:42:51.000,1.46,1.123,219,1.43,1.10,594,1.42,1.0923,2,1.445,1.1115,671,0
SPY190807P284,2019-08-05,2019-08-05 09:42:52.000,1.46,1.123,88,1.44,1.1076,169,1.42,1.0923,2,1.45,1.1153,671,0
SPY190807P284,2019-08-05,2019-08-05 09:42:52.000,1.46,1.123,88,1.44,1.1076,209,1.42,1.0923,2,1.45,1.1153,671,0
SPY190807P284,2019-08-05,2019-08-05 09:42:53.000,1.47,1.1307,160,1.44,1.1076,465,1.42,1.0923,2,1.455,1.1192,671,0
SPY190807P284,2019-08-05,2019-08-05 09:42:53.000,1.47,1.1307,392,1.44,1.1076,465,1.42,1.0923,2,1.455,1.1192,671,0
SPY190807P284,2019-08-05,2019-08-05 09:42:54.000,1.47,1.1307,160,1.45,1.1153,186,1.42,1.0923,2,1.46,1.123,671,0
SPY190807P284,2019-08-05,2019-08-05 09:42:55.000,1.47,1.1307,18,1.45,1.1153,202,1.42,1.0923,2,1.46,1.123,671,0
SPY190807P284,2019-08-05,2019-08-05 09:42:55.000,1.47,1.1307,70,1.45,1.1153,202,1.42,1.0923,2,1.46,1.123,671,0
SPY190807P284,2019-08-05,2019-08-05 09:42:56.000,1.47,1.1307,79,1.46,1.123,35,1.42,1.0923,2,1.465,1.1269,671,0
