symbol,Date,quote_time,ask_price,norm_ask_price,ask_size,bid_price,norm_bid_price,bid_size,last_trade_price,norm_last_trade_price,last_trade_size,mark_price,norm_mark_price,volume,Volume
SPY190807C291,2019-08-05,2019-08-05 09:34:59,1.07,1.0,52,1.06,0.9906,5,1.06,0.9906,5,1.065,0.9953,667,667
SPY190807C291,2019-08-05,2019-08-05 09:35:00,1.07,1.0,300,1.04,0.9719,10,1.06,0.9906,5,1.055,0.9859,667,0
SPY190807C291,2019-08-05,2019-08-05 09:35:01,1.05,0.9813,26,1.04,0.9719,5,1.06,0.9906,5,1.045,0.9766,667,0
SPY190807C291,2019-08-05,2019-08-05 09:35:01,1.08,1.0093,112,1.03,0.9626,105,1.06,0.9906,5,1.055,0.9859,667,0
SPY190807C291,2019-08-05,2019-08-05 09:35:02,1.08,1.0093,150,1.04,0.9719,70,1.06,0.9906,5,1.06,0.9906,667,0
SPY190807C291,2019-08-05,2019-08-05 09:35:02,1.07,1.0,100,1.04,0.9719,5,1.06,0.9906,5,1.055,0.9859,667,0
SPY190807C291,2019-08-05,2019-08-05 09:35:03,1.08,1.0093,183,1.05,0.9813,6,1.06,0.9906,5,1.065,0.9953,667,0
SPY190807C291,2019-08-05,2019-08-05 09:35:03,1.14,1.0654,98,1.05,0.9813,5,1.06,0.9906,5,1.095,1.0233,667,0
SPY190807C291,2019-08-05,2019-08-05 09:35:04,1.07,1.0,18,1.04,0.9719,84,1.06,0.9906,5,1.055,0.9859,667,0
SPY190807C291,2019-08-05,2019-08-05 09:35:04,1.08,1.0093,118,1.04,0.9719,10,1.06,0.9906,5,1.06,0.9906,667,0
SPY190807C291,2019-08-05,2019-08-05 09:35:05,1.08,1.0093,136,1.06,0.9906,5,1.06,0.9906,5,1.07,1.0,667,0
SPY190807C291,2019-08-05,2019-08-05 09:35:05,1.09,1.0186,587,1.04,0.9719,179,1.06,0.9906,5,1.065,0.9953,667,0
SPY190807C291,2019-08-05,2019-08-05 09:35:06,1.08,1.0093,154,1.04,0.9719,260,1.06,0.9906,5,1.06,0.9906,667,0
SPY190807C291,2019-08-05,2019-08-05 09:35:06,1.08,1.0093,512,1.04,0.9719,260,1.06,0.9906,5,1.06,0.9906,667,0
SPY190807C291,2019-08-05,2019-08-05 09:35:07,1.08,1.0093,129,1.07,1.0,1,1.06,0.9906,5,1.075,1.0046,667,0
SPY190807C291,2019-08-05,2019-08-05 09:35:07,1.08,1.0093,178,1.05,0.9813,185,1.06,0.9906,5,1.065,0.9953,667,0
SPY190807C291,2019-08-05,2019-08-05 09:35:08,1.09,1.0186,150,1.07,1.0,1,1.06,0.9906,5,1.08,1.0093,667,0
SPY190807C291,2019-08-05,2019-08-05 09:35:08,1.08,1.0093,1,1.07,1.0,1,1.06,0.9906,5,1.075,1.0046,667,0
SPY190807C291,2019-08-05,2019-08-05 09:35:09,1.1,1.028,168,1.07,1.0,35,1.06,0.9906,5,1.085,1.014,667,0
SPY190807C291,2019-08-05,2019-08-05 09:35:09,1.09,1.0186,100,1.07,1.0,1,1.06,0.9906,5,1.08,1.0093,667,0
SPY190807C291,2019-08-05,2019-08-05 09:35:10,1.11,1.0373,136,1.08,1.0093,44,1.06,0.9906,5,1.095,1.0233,667,0
SPY190807C291,2019-08-05,2019-08-05 09:35:11,1.11,1.0373,136,1.08,1.0093,105,1.06,0.9906,5,1.095,1.0233,667,0
SPY190807C291,2019-08-05,2019-08-05 09:35:12,1.1,1.028,5,1.08,1.0093,5,1.06,0.9906,5,1.09,1.0186,667,0
SPY190807C291,2019-08-05,2019-08-05 09:35:12,1.1,1.028,88,1.08,1.0093,100,1.06,0.9906,5,1.09,1.0186,667,0
SPY190807C291,2019-08-05,2019-08-05 09:35:13,1.1,1.028,103,1.08,1.0093,5,1.06,0.9906,5,1.09,1.0186,667,0
SPY190807C291,2019-08-05,2019-08-05 09:35:14,1.1,1.028,85,1.08,1.0093,5,1.06,0.9906,5,1.09,1.0186,667,0
SPY190807C291,2019-08-05,2019-08-05 09:35:14,1.1,1.028,90,1.08,1.0093,5,1.06,0.9906,5,1.09,1.0186,667,0
SPY190807C291,2019-08-05,2019-08-05 09:35:15,1.09,1.0186,125,1.07,1.0,5,1.06,0.9906,5,1.08,1.0093,667,0
SPY190807C291,2019-08-05,2019-08-05 09:35:15,1.09,1.0186,150,1.01,0.9439,10,1.06,0.9906,5,1.05,0.9813,667,0
SPY190807C291,2019-08-05,2019-08-05 09:35:16,1.09,1.0186,95,1.07,1.0,5,1.06,0.9906,5,1.08,1.0093,667,0
SPY190807C291,2019-08-05,2019-08-05 09:35:17,1.08,1.0093,95,1.06,0.9906,5,1.07,1.0,5,1.07,1.0,672,0
SPY190807C291,2019-08-05,2019-08-05 09:35:17,1.07,1.0,70,1.06,0.9906,5,1.07,1.0,5,1.065,0.9953,672,5
SPY190807C291,2019-08-05,2019-08-05 09:35:18,1.08,1.0093,95,1.06,0.9906,5,1.07,1.0,1,1.07,1.0,673,0
SPY190807C291,2019-08-05,2019-08-05 09:35:18,1.07,1.0,1,1.06,0.9906,100,1.07,1.0,1,1.065,0.9953,673,1
SPY190807C291,2019-08-05,2019-08-05 09:35:19,1.07,1.0,84,1.05,0.9813,53,1.07,1.0,1,1.06,0.9906,673,0
SPY190807C291,2019-08-05,2019-08-05 09:35:19,1.08,1.0093,154,1.05,0.9813,100,1.07,1.0,1,1.065,0.9953,673,0
SPY190807C291,2019-08-05,2019-08-05 09:35:20,1.07,1.0,87,1.06,0.9906,5,1.07,1.0,1,1.065,0.9953,673,0
SPY190807C291,2019-08-05,2019-08-05 09:35:21,1.06,0.9906,33,1.04,0.9719,46,1.07,1.0,1,1.05,0.9813,673,0
SPY190807C291,2019-08-05,2019-08-05 09:35:21,1.06,0.9906,100,1.04,0.9719,100,1.07,1.0,1,1.05,0.9813,673,0
SPY190807C291,2019-08-05,2019-08-05 09:35:22,1.06,0.9906,95,1.04,0.9719,47,1.07,1.0,1,1.05,0.9813,673,0
SPY190807C291,2019-08-05,2019-08-05 09:35:22,1.06,0.9906,122,1.04,0.9719,5,1.07,1.0,1,1.05,0.9813,673,0
SPY190807C291,2019-08-05,2019-08-05 09:35:23,1.06,0.9906,87,1.05,0.9813,5,1.07,1.0,1,1.055,0.9859,673,0
SPY190807C291,2019-08-05,2019-08-05 09:35:23,1.06,0.9906,87,1.04,0.9719,5,1.07,1.0,1,1.05,0.9813,673,0
SPY190807C291,2019-08-05,2019-08-05 09:35:24,1.07,1.0,350,1.03,0.9626,117,1.07,1.0,1,1.05,0.9813,673,0
SPY190807C291,2019-08-05,2019-08-05 09:35:24,1.07,1.0,125,1.04,0.9719,29,1.07,1.0,1,1.055,0.9859,673,0
SPY190807C291,2019-08-05,2019-08-05 09:35:25,1.06,0.9906,88,1.05,0.9813,5,1.07,1.0,1,1.055,0.9859,673,0
SPY190807C291,2019-08-05,2019-08-05 09:35:25,1.06,0.9906,26,1.05,0.9813,5,1.07,1.0,1,1.055,0.9859,673,0
SPY190807C291,2019-08-05,2019-08-05 09:35:26,1.06,0.9906,96,1.04,0.9719,33,1.07,1.0,1,1.05,0.9813,673,0
SPY190807C291,2019-08-05,2019-08-05 09:35:26,1.06,0.9906,70,1.05,0.9813,5,1.07,1.0,1,1.055,0.9859,673,0
SPY190807C291,2019-08-05,2019-08-05 09:35:27,1.07,1.0,25,1.05,0.9813,5,1.07,1.0,1,1.06,0.9906,673,0
SPY190807C291,2019-08-05,2019-08-05 09:35:27,1.07,1.0,135,1.05,0.9813,5,1.07,1.0,1,1.06,0.9906,673,0
SPY190807C291,2019-08-05,2019-08-05 09:35:28,1.07,1.0,135,1.05,0.9813,52,1.07,1.0,1,1.06,0.9906,673,0
SPY190807C291,2019-08-05,2019-08-05 09:35:28,1.08,1.0093,113,1.05,0.9813,234,1.07,1.0,1,1.065,0.9953,673,0
SPY190807C291,2019-08-05,2019-08-05 09:35:29,1.08,1.0093,43,1.06,0.9906,217,1.07,1.0,1,1.07,1.0,673,0
SPY190807C291,2019-08-05,2019-08-05 09:35:29,1.08,1.0093,88,1.06,0.9906,5,1.07,1.0,1,1.07,1.0,673,0
SPY190807C291,2019-08-05,2019-08-05 09:35:30,1.07,1.0,35,1.06,0.9906,5,1.07,1.0,1,1.065,0.9953,673,0
SPY190807C291,2019-08-05,2019-08-05 09:35:30,1.07,1.0,26,1.06,0.9906,5,1.07,1.0,1,1.065,0.9953,673,0
SPY190807C291,2019-08-05,2019-08-05 09:35:31,1.06,0.9906,26,1.05,0.9813,5,1.07,1.0,10,1.055,0.9859,683,0
SPY190807C291,2019-08-05,2019-08-05 09:35:31,1.07,1.0,95,1.05,0.9813,184,1.07,1.0,10,1.06,0.9906,683,10
SPY190807C291,2019-08-05,2019-08-05 09:35:32,1.06,0.9906,16,1.04,0.9719,103,1.07,1.0,10,1.05,0.9813,683,0
SPY190807C291,2019-08-05,2019-08-05 09:35:32,1.06,0.9906,26,1.05,0.9813,5,1.07,1.0,10,1.055,0.9859,683,0
SPY190807C291,2019-08-05,2019-08-05 09:35:33,1.06,0.9906,16,1.05,0.9813,5,1.07,1.0,10,1.055,0.9859,683,0
SPY190807C291,2019-08-05,2019-08-05 09:35:34,1.06,0.9906,106,1.04,0.9719,5,1.07,1.0,10,1.05,0.9813,683,0
SPY190807C291,2019-08-05,2019-08-05 09:35:35,1.06,0.9906,88,1.05,0.9813,5,1.07,1.0,10,1.055,0.9859,683,0
SPY190807C291,2019-08-05,2019-08-05 09:35:35,1.06,0.9906,70,1.04,0.9719,219,1.07,1.0,10,1.05,0.9813,683,0
SPY190807C291,2019-08-05,2019-08-05 09:35:36,1.06,0.9906,80,1.05,0.9813,5,1.07,1.0,10,1.055,0.9859,683,0
SPY190807C291,2019-08-05,2019-08-05 09:35:36,1.06,0.9906,440,1.05,0.9813,5,1.07,1.0,10,1.055,0.9859,683,0
SPY190807C291,2019-08-05,2019-08-05 09:35:37,1.06,0.9906,440,1.05,0.9813,5,1.07,1.0,10,1.055,0.9859,683,0
SPY190807C291,2019-08-05,2019-08-05 09:35:38,1.07,1.0,440,1.06,0.9906,5,1.07,1.0,10,1.065,0.9953,683,0
SPY190807C291,2019-08-05,2019-08-05 09:35:38,1.06,0.9906,10,1.05,0.9813,3,1.07,1.0,10,1.055,0.9859,683,0
SPY190807C291,2019-08-05,2019-08-05 09:35:39,1.07,1.0,440,1.05,0.9813,17,1.07,1.0,10,1.06,0.9906,683,0
SPY190807C291,2019-08-05,2019-08-05 09:35:39,1.07,1.0,440,1.06,0.9906,5,1.07,1.0,10,1.065,0.9953,683,0
SPY190807C291,2019-08-05,2019-08-05 09:35:40,1.07,1.0,360,1.06,0.9906,5,1.07,1.0,10,1.065,0.9953,683,0
SPY190807C291,2019-08-05,2019-08-05 09:35:40,1.07,1.0,440,1.06,0.9906,5,1.07,1.0,10,1.065,0.9953,683,0
SPY190807C291,2019-08-05,2019-08-05 09:35:41,1.07,1.0,440,1.06,0.9906,5,1.07,1.0,10,1.065,0.9953,683,0
SPY190807C291,2019-08-05,2019-08-05 09:35:42,1.07,1.0,370,1.06,0.9906,5,1.07,1.0,10,1.065,0.9953,683,0
SPY190807C291,2019-08-05,2019-08-05 09:35:42,1.07,1.0,300,1.06,0.9906,5,1.07,1.0,10,1.065,0.9953,683,0
SPY190807C291,2019-08-05,2019-08-05 09:35:43,1.07,1.0,440,1.06,0.9906,5,1.07,1.0,10,1.065,0.9953,683,0
SPY190807C291,2019-08-05,2019-08-05 09:35:43,1.07,1.0,407,1.05,0.9813,2,1.07,1.0,10,1.06,0.9906,683,0
SPY190807C291,2019-08-05,2019-08-05 09:35:44,1.07,1.0,440,1.06,0.9906,5,1.07,1.0,10,1.065,0.9953,683,0
SPY190807C291,2019-08-05,2019-08-05 09:35:44,1.07,1.0,440,1.06,0.9906,208,1.07,1.0,10,1.065,0.9953,683,0
SPY190807C291,2019-08-05,2019-08-05 09:35:45,1.08,1.0093,378,1.06,0.9906,209,1.07,1.0,10,1.07,1.0,683,0
SPY190807C291,2019-08-05,2019-08-05 09:35:45,1.07,1.0,440,1.06,0.9906,13,1.07,1.0,10,1.065,0.9953,683,0
SPY190807C291,2019-08-05,2019-08-05 09:35:46,1.07,1.0,360,1.06,0.9906,133,1.07,1.0,10,1.065,0.9953,683,0
SPY190807C291,2019-08-05,2019-08-05 09:35:47,1.08,1.0093,419,1.07,1.0,5,1.07,1.0,10,1.075,1.0046,683,0
SPY190807C291,2019-08-05,2019-08-05 09:35:47,1.07,1.0,378,1.06,0.9906,5,1.07,1.0,10,1.065,0.9953,683,0
SPY190807C291,2019-08-05,2019-08-05 09:35:48,1.07,1.0,360,1.06,0.9906,100,1.07,1.0,10,1.065,0.9953,683,0
SPY190807C291,2019-08-05,2019-08-05 09:35:48,1.08,1.0093,419,1.07,1.0,5,1.07,1.0,10,1.075,1.0046,683,0
SPY190807C291,2019-08-05,2019-08-05 09:35:49,1.07,1.0,360,1.06,0.9906,5,1.07,1.0,10,1.065,0.9953,683,0
SPY190807C291,2019-08-05,2019-08-05 09:35:50,1.06,0.9906,36,1.05,0.9813,135,1.07,1.0,10,1.055,0.9859,683,0
SPY190807C291,2019-08-05,2019-08-05 09:35:50,1.06,0.9906,378,1.05,0.9813,5,1.07,1.0,10,1.055,0.9859,683,0
SPY190807C291,2019-08-05,2019-08-05 09:35:51,1.06,0.9906,408,1.05,0.9813,2,1.07,1.0,10,1.055,0.9859,683,0
SPY190807C291,2019-08-05,2019-08-05 09:35:52,1.06,0.9906,408,1.05,0.9813,2,1.07,1.0,10,1.055,0.9859,683,0
SPY190807C291,2019-08-05,2019-08-05 09:35:53,1.06,0.9906,318,1.05,0.9813,5,1.07,1.0,10,1.055,0.9859,683,0
SPY190807C291,2019-08-05,2019-08-05 09:35:53,1.06,0.9906,318,1.05,0.9813,100,1.07,1.0,10,1.055,0.9859,683,0
SPY190807C291,2019-08-05,2019-08-05 09:35:54,1.06,0.9906,360,1.05,0.9813,2,1.07,1.0,10,1.055,0.9859,683,0
SPY190807C291,2019-08-05,2019-08-05 09:35:54,1.06,0.9906,448,1.05,0.9813,2,1.07,1.0,10,1.055,0.9859,683,0
SPY190807C291,2019-08-05,2019-08-05 09:35:55,1.06,0.9906,360,1.05,0.9813,94,1.07,1.0,10,1.055,0.9859,683,0
SPY190807C291,2019-08-05,2019-08-05 09:35:55,1.06,0.9906,448,1.05,0.9813,2,1.07,1.0,10,1.055,0.9859,683,0
SPY190807C291,2019-08-05,2019-08-05 09:35:56,1.06,0.9906,483,1.05,0.9813,2,1.07,1.0,10,1.055,0.9859,683,0
SPY190807C291,2019-08-05,2019-08-05 09:35:56,1.06,0.9906,412,1.05,0.9813,2,1.07,1.0,10,1.055,0.9859,683,0
SPY190807C291,2019-08-05,2019-08-05 09:35:57,1.05,0.9813,396,1.05,0.9813,2,1.05,0.9813,2,1.05,0.9813,685,2
SPY190807C291,2019-08-05,2019-08-05 09:35:57,1.06,0.9906,448,1.05,0.9813,2,1.07,1.0,10,1.055,0.9859,683,0
SPY190807C291,2019-08-05,2019-08-05 09:35:58,1.05,0.9813,396,1.04,0.9719,5,1.05,0.9813,2,1.045,0.9766,685,0
SPY190807C291,2019-08-05,2019-08-05 09:35:58,1.05,0.9813,378,1.04,0.9719,5,1.05,0.9813,2,1.045,0.9766,685,0
SPY190807C291,2019-08-05,2019-08-05 09:35:59,1.04,0.9719,36,1.03,0.9626,202,1.05,0.9813,2,1.035,0.9672,685,0
SPY190807C291,2019-08-05,2019-08-05 09:35:59,1.04,0.9719,36,1.04,0.9719,5,1.05,0.9813,2,1.04,0.9719,685,0
SPY190807C291,2019-08-05,2019-08-05 09:36:00,1.05,0.9813,430,1.03,0.9626,209,1.05,0.9813,2,1.04,0.9719,685,0
SPY190807C291,2019-08-05,2019-08-05 09:36:01,1.04,0.9719,360,1.03,0.9626,191,1.05,0.9813,2,1.035,0.9672,685,0
SPY190807C291,2019-08-05,2019-08-05 09:36:01,1.05,0.9813,448,1.03,0.9626,191,1.05,0.9813,2,1.04,0.9719,685,0
SPY190807C291,2019-08-05,2019-08-05 09:36:02,1.03,0.9626,300,1.02,0.9532,5,1.05,0.9813,2,1.025,0.9579,685,0
SPY190807C291,2019-08-05,2019-08-05 09:36:02,1.03,0.9626,372,1.02,0.9532,100,1.05,0.9813,2,1.025,0.9579,685,0
SPY190807C291,2019-08-05,2019-08-05 09:36:03,1.03,0.9626,372,1.02,0.9532,100,1.05,0.9813,2,1.025,0.9579,685,0
SPY190807C291,2019-08-05,2019-08-05 09:36:03,1.03,0.9626,372,1.02,0.9532,5,1.05,0.9813,2,1.025,0.9579,685,0
SPY190807C291,2019-08-05,2019-08-05 09:36:04,1.02,0.9532,472,1.01,0.9439,5,1.05,0.9813,2,1.015,0.9485,685,0
SPY190807C291,2019-08-05,2019-08-05 09:36:04,1.03,0.9626,442,1.01,0.9439,100,1.05,0.9813,2,1.02,0.9532,685,0
SPY190807C291,2019-08-05,2019-08-05 09:36:05,1.02,0.9532,472,1.01,0.9439,5,1.05,0.9813,2,1.015,0.9485,685,0
SPY190807C291,2019-08-05,2019-08-05 09:36:06,1.01,0.9439,480,1.0,0.9345,191,1.05,0.9813,2,1.005,0.9392,685,0
SPY190807C291,2019-08-05,2019-08-05 09:36:06,1.02,0.9532,474,1.01,0.9439,5,1.05,0.9813,2,1.015,0.9485,685,0
SPY190807C291,2019-08-05,2019-08-05 09:36:07,1.01,0.9439,537,1.0,0.9345,191,1.05,0.9813,2,1.005,0.9392,685,0
SPY190807C291,2019-08-05,2019-08-05 09:36:08,1.01,0.9439,498,1.0,0.9345,100,1.05,0.9813,2,1.005,0.9392,685,0
SPY190807C291,2019-08-05,2019-08-05 09:36:08,1.01,0.9439,570,1.0,0.9345,191,1.05,0.9813,2,1.005,0.9392,685,0
SPY190807C291,2019-08-05,2019-08-05 09:36:09,1.01,0.9439,498,1.0,0.9345,100,1.05,0.9813,2,1.005,0.9392,685,0
SPY190807C291,2019-08-05,2019-08-05 09:36:09,1.01,0.9439,34,1.0,0.9345,5,1.05,0.9813,2,1.005,0.9392,685,0
SPY190807C291,2019-08-05,2019-08-05 09:36:10,1.01,0.9439,480,1.0,0.9345,100,1.05,0.9813,2,1.005,0.9392,685,0
SPY190807C291,2019-08-05,2019-08-05 09:36:11,1.01,0.9439,480,1.0,0.9345,100,1.05,0.9813,2,1.005,0.9392,685,0
SPY190807C291,2019-08-05,2019-08-05 09:36:12,1.01,0.9439,480,1.0,0.9345,100,1.05,0.9813,2,1.005,0.9392,685,0
SPY190807C291,2019-08-05,2019-08-05 09:36:12,1.01,0.9439,434,1.0,0.9345,100,1.05,0.9813,2,1.005,0.9392,685,0
SPY190807C291,2019-08-05,2019-08-05 09:36:13,1.01,0.9439,480,1.0,0.9345,100,1.05,0.9813,2,1.005,0.9392,685,0
SPY190807C291,2019-08-05,2019-08-05 09:36:13,1.01,0.9439,434,1.0,0.9345,100,1.05,0.9813,2,1.005,0.9392,685,0
SPY190807C291,2019-08-05,2019-08-05 09:36:14,1.01,0.9439,480,1.0,0.9345,100,1.05,0.9813,2,1.005,0.9392,685,0
SPY190807C291,2019-08-05,2019-08-05 09:36:14,1.01,0.9439,648,1.0,0.9345,5,1.05,0.9813,2,1.005,0.9392,685,0
SPY190807C291,2019-08-05,2019-08-05 09:36:15,1.01,0.9439,598,1.0,0.9345,5,1.05,0.9813,2,1.005,0.9392,685,0
SPY190807C291,2019-08-05,2019-08-05 09:36:16,1.01,0.9439,598,1.0,0.9345,5,1.05,0.9813,2,1.005,0.9392,685,0
SPY190807C291,2019-08-05,2019-08-05 09:36:17,1.01,0.9439,480,1.0,0.9345,100,1.05,0.9813,2,1.005,0.9392,685,0
SPY190807C291,2019-08-05,2019-08-05 09:36:17,1.01,0.9439,480,1.0,0.9345,5,1.05,0.9813,2,1.005,0.9392,685,0
SPY190807C291,2019-08-05,2019-08-05 09:36:18,1.01,0.9439,480,1.0,0.9345,100,1.0,0.9345,1,1.005,0.9392,686,1
SPY190807C291,2019-08-05,2019-08-05 09:36:18,1.01,0.9439,480,1.0,0.9345,100,1.05,0.9813,2,1.005,0.9392,685,0
SPY190807C291,2019-08-05,2019-08-05 09:36:19,1.01,0.9439,480,1.0,0.9345,98,1.0,0.9345,1,1.005,0.9392,686,0
SPY190807C291,2019-08-05,2019-08-05 09:36:19,1.01,0.9439,480,1.0,0.9345,5,1.0,0.9345,1,1.005,0.9392,686,0
SPY190807C291,2019-08-05,2019-08-05 09:36:20,1.01,0.9439,568,1.0,0.9345,98,1.0,0.9345,1,1.005,0.9392,686,0
SPY190807C291,2019-08-05,2019-08-05 09:36:20,1.01,0.9439,568,1.0,0.9345,5,1.0,0.9345,1,1.005,0.9392,686,0
SPY190807C291,2019-08-05,2019-08-05 09:36:21,1.01,0.9439,568,1.0,0.9345,5,1.0,0.9345,1,1.005,0.9392,686,0
SPY190807C291,2019-08-05,2019-08-05 09:36:22,1.01,0.9439,550,1.0,0.9345,5,1.0,0.9345,1,1.005,0.9392,686,0
SPY190807C291,2019-08-05,2019-08-05 09:36:22,1.01,0.9439,577,1.0,0.9345,5,1.0,0.9345,1,1.005,0.9392,686,0
SPY190807C291,2019-08-05,2019-08-05 09:36:23,1.0,0.9345,516,0.98,0.9158,134,1.0,0.9345,5,0.99,0.9252,698,10
SPY190807C291,2019-08-05,2019-08-05 09:36:23,1.01,0.9439,550,1.0,0.9345,5,1.01,0.9439,2,1.005,0.9392,688,2
SPY190807C291,2019-08-05,2019-08-05 09:36:24,1.01,0.9439,644,1.0,0.9345,5,1.0,0.9345,5,1.005,0.9392,698,0
SPY190807C291,2019-08-05,2019-08-05 09:36:24,1.0,0.9345,400,0.99,0.9252,220,1.0,0.9345,5,0.995,0.9299,698,0
SPY190807C291,2019-08-05,2019-08-05 09:36:25,1.01,0.9439,580,1.0,0.9345,5,1.0,0.9345,5,1.005,0.9392,698,0
SPY190807C291,2019-08-05,2019-08-05 09:36:25,1.01,0.9439,598,1.0,0.9345,5,1.0,0.9345,5,1.005,0.9392,698,0
SPY190807C291,2019-08-05,2019-08-05 09:36:26,1.01,0.9439,598,1.0,0.9345,5,1.0,0.9345,5,1.005,0.9392,698,0
SPY190807C291,2019-08-05,2019-08-05 09:36:27,1.01,0.9439,568,1.0,0.9345,186,1.0,0.9345,5,1.005,0.9392,698,0
SPY190807C291,2019-08-05,2019-08-05 09:36:27,1.01,0.9439,568,1.0,0.9345,5,1.0,0.9345,5,1.005,0.9392,698,0
SPY190807C291,2019-08-05,2019-08-05 09:36:28,1.01,0.9439,568,1.0,0.9345,5,1.0,0.9345,5,1.005,0.9392,698,0
SPY190807C291,2019-08-05,2019-08-05 09:36:28,1.0,0.9345,480,1.0,0.9345,5,1.0,0.9345,5,1.0,0.9345,698,0
SPY190807C291,2019-08-05,2019-08-05 09:36:29,0.99,0.9252,480,0.98,0.9158,373,1.0,0.9345,5,0.985,0.9205,698,0
SPY190807C291,2019-08-05,2019-08-05 09:36:29,0.99,0.9252,480,0.99,0.9252,38,1.0,0.9345,5,0.99,0.9252,698,0
SPY190807C291,2019-08-05,2019-08-05 09:36:30,1.0,0.9345,480,0.98,0.9158,403,0.99,0.9252,1,0.99,0.9252,804,1
SPY190807C291,2019-08-05,2019-08-05 09:36:30,0.99,0.9252,480,0.98,0.9158,373,0.99,0.9252,1,0.985,0.9205,803,105
SPY190807C291,2019-08-05,2019-08-05 09:36:31,1.0,0.9345,480,0.99,0.9252,261,0.99,0.9252,1,0.995,0.9299,804,0
SPY190807C291,2019-08-05,2019-08-05 09:36:32,1.0,0.9345,480,0.99,0.9252,24,0.99,0.9252,1,0.995,0.9299,804,0
SPY190807C291,2019-08-05,2019-08-05 09:36:32,1.0,0.9345,480,0.99,0.9252,291,0.99,0.9252,1,0.995,0.9299,804,0
SPY190807C291,2019-08-05,2019-08-05 09:36:33,1.0,0.9345,498,0.99,0.9252,191,0.99,0.9252,1,0.995,0.9299,804,0
SPY190807C291,2019-08-05,2019-08-05 09:36:33,1.0,0.9345,516,0.99,0.9252,191,0.99,0.9252,1,0.995,0.9299,804,0
SPY190807C291,2019-08-05,2019-08-05 09:36:34,1.0,0.9345,498,0.99,0.9252,100,0.99,0.9252,1,0.995,0.9299,804,0
SPY190807C291,2019-08-05,2019-08-05 09:36:35,1.0,0.9345,400,0.99,0.9252,5,1.0,0.9345,10,0.995,0.9299,814,10
SPY190807C291,2019-08-05,2019-08-05 09:36:35,1.0,0.9345,400,0.99,0.9252,100,0.99,0.9252,1,0.995,0.9299,804,0
SPY190807C291,2019-08-05,2019-08-05 09:36:36,1.0,0.9345,400,0.99,0.9252,100,1.0,0.9345,10,0.995,0.9299,814,0
SPY190807C291,2019-08-05,2019-08-05 09:36:36,1.0,0.9345,480,0.99,0.9252,100,1.0,0.9345,10,0.995,0.9299,814,0
SPY190807C291,2019-08-05,2019-08-05 09:36:37,1.0,0.9345,498,0.99,0.9252,18,1.0,0.9345,10,0.995,0.9299,814,0
SPY190807C291,2019-08-05,2019-08-05 09:36:37,1.0,0.9345,498,0.99,0.9252,100,1.0,0.9345,10,0.995,0.9299,814,0
SPY190807C291,2019-08-05,2019-08-05 09:36:38,1.01,0.9439,550,0.99,0.9252,100,1.0,0.9345,10,1.0,0.9345,814,0
SPY190807C291,2019-08-05,2019-08-05 09:36:38,1.0,0.9345,125,0.99,0.9252,100,1.0,0.9345,10,0.995,0.9299,814,0
SPY190807C291,2019-08-05,2019-08-05 09:36:39,1.0,0.9345,480,0.99,0.9252,100,1.0,0.9345,10,0.995,0.9299,814,0
SPY190807C291,2019-08-05,2019-08-05 09:36:39,1.0,0.9345,480,0.98,0.9158,269,0.99,0.9252,1,0.99,0.9252,820,6
SPY190807C291,2019-08-05,2019-08-05 09:36:40,1.0,0.9345,516,0.99,0.9252,5,0.99,0.9252,1,0.995,0.9299,820,0
SPY190807C291,2019-08-05,2019-08-05 09:36:41,1.0,0.9345,480,0.99,0.9252,5,0.99,0.9252,1,0.995,0.9299,820,0
SPY190807C291,2019-08-05,2019-08-05 09:36:41,0.99,0.9252,36,0.99,0.9252,5,0.99,0.9252,1,0.99,0.9252,820,0
SPY190807C291,2019-08-05,2019-08-05 09:36:42,1.0,0.9345,480,0.99,0.9252,5,0.99,0.9252,1,0.995,0.9299,820,0
SPY190807C291,2019-08-05,2019-08-05 09:36:43,1.0,0.9345,480,0.99,0.9252,5,0.99,0.9252,1,0.995,0.9299,820,0
SPY190807C291,2019-08-05,2019-08-05 09:36:44,1.0,0.9345,480,0.99,0.9252,5,0.99,0.9252,1,0.995,0.9299,820,0
SPY190807C291,2019-08-05,2019-08-05 09:36:44,1.01,0.9439,480,0.99,0.9252,5,0.99,0.9252,1,1.0,0.9345,820,0
SPY190807C291,2019-08-05,2019-08-05 09:36:45,1.01,0.9439,480,0.99,0.9252,261,0.99,0.9252,1,1.0,0.9345,820,0
SPY190807C291,2019-08-05,2019-08-05 09:36:45,1.01,0.9439,400,1.0,0.9345,5,0.99,0.9252,1,1.005,0.9392,820,0
SPY190807C291,2019-08-05,2019-08-05 09:36:46,1.01,0.9439,498,1.0,0.9345,5,0.99,0.9252,1,1.005,0.9392,820,0
SPY190807C291,2019-08-05,2019-08-05 09:36:46,1.01,0.9439,498,0.98,0.9158,432,0.99,0.9252,1,0.995,0.9299,820,0
SPY190807C291,2019-08-05,2019-08-05 09:36:47,1.01,0.9439,644,0.99,0.9252,5,0.99,0.9252,1,1.0,0.9345,820,0
SPY190807C291,2019-08-05,2019-08-05 09:36:47,1.01,0.9439,563,0.99,0.9252,5,0.99,0.9252,1,1.0,0.9345,820,0
SPY190807C291,2019-08-05,2019-08-05 09:36:48,1.0,0.9345,400,0.99,0.9252,5,0.99,0.9252,1,0.995,0.9299,820,0
SPY190807C291,2019-08-05,2019-08-05 09:36:48,1.01,0.9439,563,0.99,0.9252,5,0.99,0.9252,1,1.0,0.9345,820,0
SPY190807C291,2019-08-05,2019-08-05 09:36:49,1.0,0.9345,400,0.99,0.9252,5,0.99,0.9252,1,0.995,0.9299,820,0
SPY190807C291,2019-08-05,2019-08-05 09:36:49,1.0,0.9345,36,0.99,0.9252,5,0.99,0.9252,1,0.995,0.9299,820,0
SPY190807C291,2019-08-05,2019-08-05 09:36:50,1.01,0.9439,480,0.99,0.9252,5,0.99,0.9252,1,1.0,0.9345,820,0
SPY190807C291,2019-08-05,2019-08-05 09:36:50,1.0,0.9345,36,0.99,0.9252,5,0.99,0.9252,1,0.995,0.9299,820,0
SPY190807C291,2019-08-05,2019-08-05 09:36:51,1.01,0.9439,498,1.0,0.9345,5,0.99,0.9252,1,1.005,0.9392,820,0
SPY190807C291,2019-08-05,2019-08-05 09:36:52,1.01,0.9439,498,1.0,0.9345,5,0.99,0.9252,1,1.005,0.9392,820,0
SPY190807C291,2019-08-05,2019-08-05 09:36:52,1.0,0.9345,400,0.99,0.9252,191,0.99,0.9252,1,0.995,0.9299,820,0
SPY190807C291,2019-08-05,2019-08-05 09:36:53,1.0,0.9345,400,0.99,0.9252,5,0.99,0.9252,1,0.995,0.9299,820,0
SPY190807C291,2019-08-05,2019-08-05 09:36:53,1.0,0.9345,400,0.99,0.9252,100,0.99,0.9252,1,0.995,0.9299,820,0
SPY190807C291,2019-08-05,2019-08-05 09:36:54,1.0,0.9345,480,0.99,0.9252,5,0.99,0.9252,1,0.995,0.9299,820,0
SPY190807C291,2019-08-05,2019-08-05 09:36:54,1.0,0.9345,400,0.99,0.9252,5,0.99,0.9252,1,0.995,0.9299,820,0
SPY190807C291,2019-08-05,2019-08-05 09:36:55,1.0,0.9345,480,0.99,0.9252,5,0.99,0.9252,1,0.995,0.9299,820,0
SPY190807C291,2019-08-05,2019-08-05 09:36:56,1.0,0.9345,480,0.99,0.9252,5,0.99,0.9252,1,0.995,0.9299,820,0
SPY190807C291,2019-08-05,2019-08-05 09:36:57,1.01,0.9439,550,0.99,0.9252,125,0.99,0.9252,1,1.0,0.9345,820,0
SPY190807C291,2019-08-05,2019-08-05 09:36:57,1.0,0.9345,480,0.99,0.9252,5,0.99,0.9252,1,0.995,0.9299,820,0
SPY190807C291,2019-08-05,2019-08-05 09:36:58,1.0,0.9345,498,0.99,0.9252,191,0.99,0.9252,1,0.995,0.9299,820,0
SPY190807C291,2019-08-05,2019-08-05 09:36:58,1.0,0.9345,498,0.99,0.9252,5,0.99,0.9252,1,0.995,0.9299,820,0
SPY190807C291,2019-08-05,2019-08-05 09:36:59,1.0,0.9345,138,0.99,0.9252,5,0.99,0.9252,1,0.995,0.9299,820,0
SPY190807C291,2019-08-05,2019-08-05 09:36:59,1.0,0.9345,498,0.99,0.9252,5,0.99,0.9252,1,0.995,0.9299,820,0
SPY190807C291,2019-08-05,2019-08-05 09:37:00,0.99,0.9252,498,0.98,0.9158,191,0.99,0.9252,1,0.985,0.9205,820,0
SPY190807C291,2019-08-05,2019-08-05 09:37:00,1.0,0.9345,480,0.98,0.9158,5,0.99,0.9252,1,0.99,0.9252,820,0
SPY190807C291,2019-08-05,2019-08-05 09:37:01,0.99,0.9252,498,0.98,0.9158,100,0.99,0.9252,1,0.985,0.9205,820,0
SPY190807C291,2019-08-05,2019-08-05 09:37:01,0.99,0.9252,429,0.98,0.9158,5,0.99,0.9252,1,0.985,0.9205,820,0
SPY190807C291,2019-08-05,2019-08-05 09:37:02,0.99,0.9252,516,0.98,0.9158,5,0.99,0.9252,1,0.985,0.9205,820,0
SPY190807C291,2019-08-05,2019-08-05 09:37:03,0.99,0.9252,542,0.97,0.9065,234,0.99,0.9252,1,0.98,0.9158,821,1
SPY190807C291,2019-08-05,2019-08-05 09:37:04,0.99,0.9252,568,0.98,0.9158,5,0.99,0.9252,1,0.985,0.9205,821,0
SPY190807C291,2019-08-05,2019-08-05 09:37:04,0.99,0.9252,480,0.98,0.9158,5,0.99,0.9252,1,0.985,0.9205,821,0
SPY190807C291,2019-08-05,2019-08-05 09:37:05,0.99,0.9252,480,0.98,0.9158,5,0.99,0.9252,1,0.985,0.9205,821,0
SPY190807C291,2019-08-05,2019-08-05 09:37:06,0.99,0.9252,77,0.98,0.9158,5,0.99,0.9252,1,0.985,0.9205,821,0
SPY190807C291,2019-08-05,2019-08-05 09:37:06,1.0,0.9345,568,0.98,0.9158,105,0.99,0.9252,1,0.99,0.9252,821,0
SPY190807C291,2019-08-05,2019-08-05 09:37:07,1.01,0.9439,595,0.99,0.9252,176,0.99,0.9252,1,1.0,0.9345,821,0
SPY190807C291,2019-08-05,2019-08-05 09:37:07,0.99,0.9252,480,0.98,0.9158,5,0.99,0.9252,1,0.985,0.9205,821,0
SPY190807C291,2019-08-05,2019-08-05 09:37:08,0.99,0.9252,480,0.98,0.9158,5,0.97,0.9065,1,0.985,0.9205,822,1
SPY190807C291,2019-08-05,2019-08-05 09:37:08,0.99,0.9252,480,0.98,0.9158,5,0.99,0.9252,1,0.985,0.9205,821,0
SPY190807C291,2019-08-05,2019-08-05 09:37:09,0.99,0.9252,400,0.98,0.9158,5,0.97,0.9065,1,0.985,0.9205,822,0
SPY190807C291,2019-08-05,2019-08-05 09:37:09,0.99,0.9252,498,0.98,0.9158,5,0.97,0.9065,1,0.985,0.9205,822,0
SPY190807C291,2019-08-05,2019-08-05 09:37:10,1.0,0.9345,480,0.98,0.9158,5,0.97,0.9065,1,0.99,0.9252,822,0
SPY190807C291,2019-08-05,2019-08-05 09:37:10,0.99,0.9252,128,0.98,0.9158,5,0.97,0.9065,1,0.985,0.9205,822,0
SPY190807C291,2019-08-05,2019-08-05 09:37:11,0.99,0.9252,400,0.98,0.9158,5,0.97,0.9065,1,0.985,0.9205,822,0
SPY190807C291,2019-08-05,2019-08-05 09:37:11,0.99,0.9252,74,0.98,0.9158,5,0.97,0.9065,1,0.985,0.9205,822,0
SPY190807C291,2019-08-05,2019-08-05 09:37:12,1.0,0.9345,568,0.99,0.9252,5,0.97,0.9065,1,0.995,0.9299,822,0
SPY190807C291,2019-08-05,2019-08-05 09:37:13,1.0,0.9345,568,0.99,0.9252,5,0.97,0.9065,1,0.995,0.9299,822,0
SPY190807C291,2019-08-05,2019-08-05 09:37:13,1.01,0.9439,591,0.99,0.9252,198,0.97,0.9065,1,1.0,0.9345,822,0
SPY190807C291,2019-08-05,2019-08-05 09:37:14,1.01,0.9439,568,0.99,0.9252,25,0.97,0.9065,1,1.0,0.9345,822,0
SPY190807C291,2019-08-05,2019-08-05 09:37:14,1.0,0.9345,480,0.99,0.9252,191,0.97,0.9065,1,0.995,0.9299,822,0
SPY190807C291,2019-08-05,2019-08-05 09:37:15,1.0,0.9345,400,0.99,0.9252,191,0.97,0.9065,1,0.995,0.9299,822,0
SPY190807C291,2019-08-05,2019-08-05 09:37:15,1.0,0.9345,480,0.99,0.9252,125,0.97,0.9065,1,0.995,0.9299,822,0
SPY190807C291,2019-08-05,2019-08-05 09:37:16,1.0,0.9345,480,0.99,0.9252,5,0.97,0.9065,1,0.995,0.9299,822,0
SPY190807C291,2019-08-05,2019-08-05 09:37:17,0.99,0.9252,480,0.98,0.9158,100,0.97,0.9065,1,0.985,0.9205,822,0
SPY190807C291,2019-08-05,2019-08-05 09:37:17,0.99,0.9252,498,0.98,0.9158,177,0.97,0.9065,1,0.985,0.9205,822,0
SPY190807C291,2019-08-05,2019-08-05 09:37:18,0.99,0.9252,498,0.98,0.9158,161,0.97,0.9065,1,0.985,0.9205,822,0
SPY190807C291,2019-08-05,2019-08-05 09:37:19,0.99,0.9252,498,0.98,0.9158,161,0.97,0.9065,1,0.985,0.9205,822,0
SPY190807C291,2019-08-05,2019-08-05 09:37:19,0.99,0.9252,480,0.98,0.9158,161,0.97,0.9065,1,0.985,0.9205,822,0
SPY190807C291,2019-08-05,2019-08-05 09:37:20,0.99,0.9252,498,0.98,0.9158,178,0.97,0.9065,1,0.985,0.9205,822,0
SPY190807C291,2019-08-05,2019-08-05 09:37:21,0.99,0.9252,498,0.98,0.9158,178,0.97,0.9065,1,0.985,0.9205,822,0
SPY190807C291,2019-08-05,2019-08-05 09:37:21,1.0,0.9345,480,0.98,0.9158,224,0.97,0.9065,1,0.99,0.9252,822,0
SPY190807C291,2019-08-05,2019-08-05 09:37:22,1.0,0.9345,498,0.98,0.9158,224,0.97,0.9065,1,0.99,0.9252,822,0
SPY190807C291,2019-08-05,2019-08-05 09:37:23,1.0,0.9345,400,0.98,0.9158,224,0.97,0.9065,1,0.99,0.9252,822,0
SPY190807C291,2019-08-05,2019-08-05 09:37:23,1.0,0.9345,400,0.98,0.9158,366,0.97,0.9065,1,0.99,0.9252,822,0
SPY190807C291,2019-08-05,2019-08-05 09:37:24,1.01,0.9439,498,1.0,0.9345,189,1.0,0.9345,1,1.005,0.9392,823,0
SPY190807C291,2019-08-05,2019-08-05 09:37:24,1.01,0.9439,529,1.0,0.9345,5,1.0,0.9345,1,1.005,0.9392,823,1
SPY190807C291,2019-08-05,2019-08-05 09:37:25,1.01,0.9439,498,1.0,0.9345,167,1.0,0.9345,1,1.005,0.9392,831,8
SPY190807C291,2019-08-05,2019-08-05 09:37:25,1.01,0.9439,480,1.0,0.9345,167,1.0,0.9345,1,1.005,0.9392,831,0
SPY190807C291,2019-08-05,2019-08-05 09:37:26,1.01,0.9439,480,1.0,0.9345,167,1.0,0.9345,1,1.005,0.9392,831,0
SPY190807C291,2019-08-05,2019-08-05 09:37:26,1.01,0.9439,498,1.0,0.9345,199,1.0,0.9345,1,1.005,0.9392,831,0
SPY190807C291,2019-08-05,2019-08-05 09:37:27,1.01,0.9439,498,1.0,0.9345,224,1.0,0.9345,1,1.005,0.9392,831,0
SPY190807C291,2019-08-05,2019-08-05 09:37:28,1.01,0.9439,498,1.0,0.9345,199,1.0,0.9345,1,1.005,0.9392,831,0
SPY190807C291,2019-08-05,2019-08-05 09:37:28,1.01,0.9439,480,1.0,0.9345,224,1.0,0.9345,1,1.005,0.9392,831,0
SPY190807C291,2019-08-05,2019-08-05 09:37:29,1.01,0.9439,498,1.0,0.9345,5,1.0,0.9345,1,1.005,0.9392,831,0
SPY190807C291,2019-08-05,2019-08-05 09:37:29,1.01,0.9439,498,1.0,0.9345,199,1.0,0.9345,1,1.005,0.9392,831,0
SPY190807C291,2019-08-05,2019-08-05 09:37:30,1.01,0.9439,550,1.0,0.9345,5,1.0,0.9345,1,1.005,0.9392,831,0
SPY190807C291,2019-08-05,2019-08-05 09:37:31,1.01,0.9439,498,1.0,0.9345,177,1.0,0.9345,1,1.005,0.9392,831,0
SPY190807C291,2019-08-05,2019-08-05 09:37:31,1.01,0.9439,550,1.0,0.9345,5,1.0,0.9345,1,1.005,0.9392,831,0
SPY190807C291,2019-08-05,2019-08-05 09:37:32,1.01,0.9439,550,1.0,0.9345,62,1.0,0.9345,1,1.005,0.9392,831,0
SPY190807C291,2019-08-05,2019-08-05 09:37:33,1.01,0.9439,550,1.0,0.9345,62,1.0,0.9345,1,1.005,0.9392,831,0
SPY190807C291,2019-08-05,2019-08-05 09:37:33,1.01,0.9439,568,0.99,0.9252,224,1.0,0.9345,1,1.0,0.9345,831,0
SPY190807C291,2019-08-05,2019-08-05 09:37:34,1.0,0.9345,498,0.99,0.9252,5,1.0,0.9345,1,0.995,0.9299,831,0
SPY190807C291,2019-08-05,2019-08-05 09:37:34,1.0,0.9345,400,0.99,0.9252,199,1.0,0.9345,1,0.995,0.9299,831,0
SPY190807C291,2019-08-05,2019-08-05 09:37:35,1.0,0.9345,498,0.99,0.9252,5,1.0,0.9345,1,0.995,0.9299,831,0
SPY190807C291,2019-08-05,2019-08-05 09:37:36,1.0,0.9345,498,0.99,0.9252,5,1.0,0.9345,1,0.995,0.9299,831,0
SPY190807C291,2019-08-05,2019-08-05 09:37:36,1.0,0.9345,480,0.99,0.9252,5,1.0,0.9345,1,0.995,0.9299,831,0
SPY190807C291,2019-08-05,2019-08-05 09:37:37,1.0,0.9345,530,0.99,0.9252,5,1.0,0.9345,1,0.995,0.9299,831,0
SPY190807C291,2019-08-05,2019-08-05 09:37:37,1.0,0.9345,498,0.99,0.9252,5,1.0,0.9345,1,0.995,0.9299,831,0
SPY190807C291,2019-08-05,2019-08-05 09:37:38,1.0,0.9345,498,0.99,0.9252,5,1.0,0.9345,1,0.995,0.9299,831,0
SPY190807C291,2019-08-05,2019-08-05 09:37:38,1.0,0.9345,480,0.99,0.9252,5,1.0,0.9345,1,0.995,0.9299,831,0
SPY190807C291,2019-08-05,2019-08-05 09:37:39,1.0,0.9345,400,0.99,0.9252,5,1.0,0.9345,1,0.995,0.9299,831,0
SPY190807C291,2019-08-05,2019-08-05 09:37:39,1.0,0.9345,498,0.99,0.9252,5,1.0,0.9345,1,0.995,0.9299,831,0
SPY190807C291,2019-08-05,2019-08-05 09:37:40,1.0,0.9345,446,0.99,0.9252,230,1.0,0.9345,1,0.995,0.9299,831,0
SPY190807C291,2019-08-05,2019-08-05 09:37:40,1.0,0.9345,498,0.99,0.9252,195,1.0,0.9345,1,0.995,0.9299,831,0
SPY190807C291,2019-08-05,2019-08-05 09:37:41,1.0,0.9345,480,0.99,0.9252,230,1.0,0.9345,1,0.995,0.9299,831,0
SPY190807C291,2019-08-05,2019-08-05 09:37:42,1.0,0.9345,480,0.99,0.9252,230,1.0,0.9345,13,0.995,0.9299,844,0
SPY190807C291,2019-08-05,2019-08-05 09:37:42,1.0,0.9345,480,0.99,0.9252,230,1.0,0.9345,13,0.995,0.9299,844,13
SPY190807C291,2019-08-05,2019-08-05 09:37:43,1.0,0.9345,480,0.99,0.9252,230,1.0,0.9345,13,0.995,0.9299,844,0
SPY190807C291,2019-08-05,2019-08-05 09:37:44,1.01,0.9439,634,0.99,0.9252,118,1.0,0.9345,13,1.0,0.9345,844,0
SPY190807C291,2019-08-05,2019-08-05 09:37:44,1.01,0.9439,634,0.99,0.9252,5,1.0,0.9345,13,1.0,0.9345,844,0
SPY190807C291,2019-08-05,2019-08-05 09:37:45,1.0,0.9345,27,0.99,0.9252,5,1.0,0.9345,13,0.995,0.9299,844,0
SPY190807C291,2019-08-05,2019-08-05 09:37:46,1.01,0.9439,563,0.99,0.9252,193,1.0,0.9345,13,1.0,0.9345,844,0
SPY190807C291,2019-08-05,2019-08-05 09:37:46,1.01,0.9439,568,1.0,0.9345,5,1.0,0.9345,13,1.005,0.9392,844,0
SPY190807C291,2019-08-05,2019-08-05 09:37:47,1.01,0.9439,568,1.0,0.9345,5,1.0,0.9345,13,1.005,0.9392,844,0
SPY190807C291,2019-08-05,2019-08-05 09:37:48,1.01,0.9439,621,0.99,0.9252,235,1.0,0.9345,13,1.0,0.9345,844,0
SPY190807C291,2019-08-05,2019-08-05 09:37:48,1.01,0.9439,568,1.0,0.9345,5,1.0,0.9345,13,1.005,0.9392,844,0
SPY190807C291,2019-08-05,2019-08-05 09:37:49,1.01,0.9439,573,0.99,0.9252,5,1.0,0.9345,13,1.0,0.9345,844,0
SPY190807C291,2019-08-05,2019-08-05 09:37:49,1.01,0.9439,563,1.0,0.9345,5,1.0,0.9345,13,1.005,0.9392,844,0
SPY190807C291,2019-08-05,2019-08-05 09:37:50,1.02,0.9532,774,1.0,0.9345,203,1.0,0.9345,13,1.01,0.9439,844,0
SPY190807C291,2019-08-05,2019-08-05 09:37:50,1.02,0.9532,1036,1.0,0.9345,5,1.0,0.9345,13,1.01,0.9439,844,0
SPY190807C291,2019-08-05,2019-08-05 09:37:51,1.01,0.9439,516,0.98,0.9158,198,1.0,0.9345,13,0.995,0.9299,844,0
SPY190807C291,2019-08-05,2019-08-05 09:37:51,1.01,0.9439,498,1.0,0.9345,198,1.0,0.9345,13,1.005,0.9392,844,0
SPY190807C291,2019-08-05,2019-08-05 09:37:52,1.01,0.9439,525,0.99,0.9252,308,1.0,0.9345,13,1.0,0.9345,844,0
SPY190807C291,2019-08-05,2019-08-05 09:37:53,1.0,0.9345,480,0.99,0.9252,109,1.0,0.9345,13,0.995,0.9299,844,0
SPY190807C291,2019-08-05,2019-08-05 09:37:53,1.01,0.9439,552,0.99,0.9252,269,1.0,0.9345,13,1.0,0.9345,844,0
SPY190807C291,2019-08-05,2019-08-05 09:37:54,1.0,0.9345,69,0.98,0.9158,576,1.0,0.9345,13,0.99,0.9252,844,0
SPY190807C291,2019-08-05,2019-08-05 09:37:54,1.0,0.9345,480,0.99,0.9252,5,1.0,0.9345,13,0.995,0.9299,844,0
SPY190807C291,2019-08-05,2019-08-05 09:37:55,1.0,0.9345,400,0.99,0.9252,235,1.01,0.9439,2,0.995,0.9299,846,0
SPY190807C291,2019-08-05,2019-08-05 09:37:55,1.01,0.9439,567,0.99,0.9252,235,1.01,0.9439,2,1.0,0.9345,846,2
SPY190807C291,2019-08-05,2019-08-05 09:37:56,1.01,0.9439,400,1.0,0.9345,5,1.01,0.9439,2,1.005,0.9392,846,0
SPY190807C291,2019-08-05,2019-08-05 09:37:56,1.01,0.9439,567,1.0,0.9345,5,1.01,0.9439,2,1.005,0.9392,846,0
SPY190807C291,2019-08-05,2019-08-05 09:37:57,1.01,0.9439,400,1.0,0.9345,5,1.01,0.9439,2,1.005,0.9392,846,0
SPY190807C291,2019-08-05,2019-08-05 09:37:57,1.01,0.9439,350,0.99,0.9252,235,1.01,0.9439,2,1.0,0.9345,846,0
SPY190807C291,2019-08-05,2019-08-05 09:37:58,1.01,0.9439,97,1.0,0.9345,5,1.01,0.9439,2,1.005,0.9392,846,0
SPY190807C291,2019-08-05,2019-08-05 09:37:58,1.01,0.9439,565,1.0,0.9345,5,1.01,0.9439,2,1.005,0.9392,846,0
SPY190807C291,2019-08-05,2019-08-05 09:37:59,1.01,0.9439,636,0.99,0.9252,221,1.01,0.9439,2,1.0,0.9345,846,0
SPY190807C291,2019-08-05,2019-08-05 09:37:59,1.01,0.9439,628,0.99,0.9252,233,1.01,0.9439,2,1.0,0.9345,846,0
SPY190807C291,2019-08-05,2019-08-05 09:38:00,1.01,0.9439,628,1.0,0.9345,5,1.01,0.9439,2,1.005,0.9392,846,0
SPY190807C291,2019-08-05,2019-08-05 09:38:00,1.01,0.9439,40,1.0,0.9345,86,1.01,0.9439,2,1.005,0.9392,846,0
SPY190807C291,2019-08-05,2019-08-05 09:38:01,1.02,0.9532,550,1.01,0.9439,5,1.01,0.9439,2,1.015,0.9485,846,0
SPY190807C291,2019-08-05,2019-08-05 09:38:01,1.02,0.9532,559,1.0,0.9345,235,1.01,0.9439,2,1.01,0.9439,846,0
SPY190807C291,2019-08-05,2019-08-05 09:38:02,1.02,0.9532,586,1.01,0.9439,5,1.01,0.9439,2,1.015,0.9485,846,0
SPY190807C291,2019-08-05,2019-08-05 09:38:03,1.01,0.9439,497,1.0,0.9345,114,1.01,0.9439,2,1.005,0.9392,846,0
SPY190807C291,2019-08-05,2019-08-05 09:38:03,1.01,0.9439,567,1.0,0.9345,5,1.01,0.9439,2,1.005,0.9392,846,0
SPY190807C291,2019-08-05,2019-08-05 09:38:04,1.01,0.9439,567,1.0,0.9345,5,1.01,0.9439,2,1.005,0.9392,846,0
SPY190807C291,2019-08-05,2019-08-05 09:38:04,1.01,0.9439,27,1.0,0.9345,86,1.01,0.9439,2,1.005,0.9392,846,0
SPY190807C291,2019-08-05,2019-08-05 09:38:05,1.02,0.9532,648,1.0,0.9345,235,1.01,0.9439,2,1.01,0.9439,846,0
SPY190807C291,2019-08-05,2019-08-05 09:38:06,1.02,0.9532,559,1.01,0.9439,5,1.01,0.9439,2,1.015,0.9485,846,0
SPY190807C291,2019-08-05,2019-08-05 09:38:06,1.03,0.9626,480,1.01,0.9439,193,1.0,0.9345,3,1.02,0.9532,849,3
SPY190807C291,2019-08-05,2019-08-05 09:38:07,1.04,0.9719,485,1.02,0.9532,230,1.02,0.9532,5,1.03,0.9626,859,10
SPY190807C291,2019-08-05,2019-08-05 09:38:07,1.04,0.9719,442,1.03,0.9626,190,1.02,0.9532,5,1.035,0.9672,859,0
SPY190807C291,2019-08-05,2019-08-05 09:38:08,1.05,0.9813,480,1.03,0.9626,115,1.02,0.9532,5,1.04,0.9719,859,0
SPY190807C291,2019-08-05,2019-08-05 09:38:08,1.04,0.9719,400,1.03,0.9626,5,1.02,0.9532,5,1.035,0.9672,859,0
SPY190807C291,2019-08-05,2019-08-05 09:38:09,1.05,0.9813,360,1.04,0.9719,158,1.02,0.9532,5,1.045,0.9766,859,0
SPY190807C291,2019-08-05,2019-08-05 09:38:09,1.05,0.9813,480,1.04,0.9719,131,1.02,0.9532,5,1.045,0.9766,859,0
SPY190807C291,2019-08-05,2019-08-05 09:38:10,1.06,0.9906,300,1.04,0.9719,230,1.02,0.9532,5,1.05,0.9813,859,0
SPY190807C291,2019-08-05,2019-08-05 09:38:10,1.05,0.9813,300,1.02,0.9532,15,1.02,0.9532,5,1.035,0.9672,859,0
SPY190807C291,2019-08-05,2019-08-05 09:38:11,1.07,1.0,430,1.05,0.9813,235,1.02,0.9532,5,1.06,0.9906,859,0
SPY190807C291,2019-08-05,2019-08-05 09:38:12,1.07,1.0,533,1.05,0.9813,235,1.02,0.9532,5,1.06,0.9906,859,0
SPY190807C291,2019-08-05,2019-08-05 09:38:12,1.07,1.0,533,1.06,0.9906,36,1.02,0.9532,5,1.065,0.9953,859,0
SPY190807C291,2019-08-05,2019-08-05 09:38:13,1.06,0.9906,401,1.04,0.9719,214,1.02,0.9532,5,1.05,0.9813,859,0
SPY190807C291,2019-08-05,2019-08-05 09:38:13,1.06,0.9906,28,1.05,0.9813,18,1.02,0.9532,5,1.055,0.9859,859,0
SPY190807C291,2019-08-05,2019-08-05 09:38:14,1.06,0.9906,28,1.05,0.9813,227,1.02,0.9532,5,1.055,0.9859,859,0
SPY190807C291,2019-08-05,2019-08-05 09:38:14,1.07,1.0,463,1.06,0.9906,66,1.02,0.9532,5,1.065,0.9953,859,0
SPY190807C291,2019-08-05,2019-08-05 09:38:15,1.07,1.0,360,1.06,0.9906,199,1.02,0.9532,5,1.065,0.9953,859,0
SPY190807C291,2019-08-05,2019-08-05 09:38:15,1.07,1.0,360,1.05,0.9813,327,1.02,0.9532,5,1.06,0.9906,859,0
SPY190807C291,2019-08-05,2019-08-05 09:38:16,1.07,1.0,300,1.06,0.9906,199,1.02,0.9532,5,1.065,0.9953,859,0
SPY190807C291,2019-08-05,2019-08-05 09:38:16,1.08,1.0093,452,1.06,0.9906,199,1.02,0.9532,5,1.07,1.0,859,0
SPY190807C291,2019-08-05,2019-08-05 09:38:17,1.07,1.0,448,1.05,0.9813,227,1.02,0.9532,5,1.06,0.9906,859,0
SPY190807C291,2019-08-05,2019-08-05 09:38:17,1.07,1.0,360,1.05,0.9813,98,1.02,0.9532,5,1.06,0.9906,859,0
SPY190807C291,2019-08-05,2019-08-05 09:38:18,1.07,1.0,448,1.05,0.9813,227,1.02,0.9532,5,1.06,0.9906,859,0
SPY190807C291,2019-08-05,2019-08-05 09:38:18,1.07,1.0,360,1.05,0.9813,100,1.02,0.9532,5,1.06,0.9906,859,0
SPY190807C291,2019-08-05,2019-08-05 09:38:19,1.07,1.0,446,1.06,0.9906,5,1.02,0.9532,5,1.065,0.9953,859,0
SPY190807C291,2019-08-05,2019-08-05 09:38:19,1.07,1.0,360,1.05,0.9813,194,1.02,0.9532,5,1.06,0.9906,859,0
SPY190807C291,2019-08-05,2019-08-05 09:38:20,1.07,1.0,300,1.06,0.9906,5,1.02,0.9532,5,1.065,0.9953,859,0
SPY190807C291,2019-08-05,2019-08-05 09:38:20,1.07,1.0,368,1.06,0.9906,5,1.02,0.9532,5,1.065,0.9953,859,0
SPY190807C291,2019-08-05,2019-08-05 09:38:21,1.07,1.0,360,1.06,0.9906,104,1.02,0.9532,5,1.065,0.9953,859,0
SPY190807C291,2019-08-05,2019-08-05 09:38:21,1.07,1.0,300,1.06,0.9906,132,1.02,0.9532,5,1.065,0.9953,859,0
SPY190807C291,2019-08-05,2019-08-05 09:38:22,1.07,1.0,360,1.06,0.9906,138,1.02,0.9532,5,1.065,0.9953,859,0
SPY190807C291,2019-08-05,2019-08-05 09:38:23,1.08,1.0093,346,1.06,0.9906,208,1.02,0.9532,5,1.07,1.0,859,0
SPY190807C291,2019-08-05,2019-08-05 09:38:23,1.07,1.0,31,1.06,0.9906,138,1.02,0.9532,5,1.065,0.9953,859,0
SPY190807C291,2019-08-05,2019-08-05 09:38:24,1.09,1.0186,623,1.07,1.0,48,1.02,0.9532,5,1.08,1.0093,859,0
SPY190807C291,2019-08-05,2019-08-05 09:38:24,1.09,1.0186,608,1.07,1.0,99,1.07,1.0,5,1.08,1.0093,864,5
SPY190807C291,2019-08-05,2019-08-05 09:38:25,1.08,1.0093,405,1.07,1.0,99,1.07,1.0,5,1.075,1.0046,864,0
SPY190807C291,2019-08-05,2019-08-05 09:38:25,1.09,1.0186,608,1.07,1.0,99,1.07,1.0,5,1.08,1.0093,864,0
SPY190807C291,2019-08-05,2019-08-05 09:38:26,1.09,1.0186,608,1.07,1.0,121,1.07,1.0,5,1.08,1.0093,864,0
SPY190807C291,2019-08-05,2019-08-05 09:38:26,1.09,1.0186,502,1.07,1.0,156,1.07,1.0,5,1.08,1.0093,864,0
SPY190807C291,2019-08-05,2019-08-05 09:38:27,1.09,1.0186,360,1.07,1.0,156,1.07,1.0,5,1.08,1.0093,864,0
SPY190807C291,2019-08-05,2019-08-05 09:38:27,1.09,1.0186,45,1.08,1.0093,137,1.08,1.0093,2,1.085,1.014,866,2
SPY190807C291,2019-08-05,2019-08-05 09:38:28,1.1,1.028,558,1.08,1.0093,130,1.08,1.0093,2,1.09,1.0186,866,0
SPY190807C291,2019-08-05,2019-08-05 09:38:28,1.1,1.028,558,1.08,1.0093,137,1.08,1.0093,2,1.09,1.0186,866,0
SPY190807C291,2019-08-05,2019-08-05 09:38:29,1.1,1.028,558,1.09,1.0186,5,1.08,1.0093,2,1.095,1.0233,866,0
SPY190807C291,2019-08-05,2019-08-05 09:38:30,1.09,1.0186,360,1.07,1.0,227,1.09,1.0186,10,1.08,1.0093,876,0
SPY190807C291,2019-08-05,2019-08-05 09:38:30,1.09,1.0186,360,1.07,1.0,191,1.09,1.0186,10,1.08,1.0093,876,10
SPY190807C291,2019-08-05,2019-08-05 09:38:31,1.09,1.0186,360,1.08,1.0093,5,1.09,1.0186,10,1.085,1.014,876,0
SPY190807C291,2019-08-05,2019-08-05 09:38:31,1.09,1.0186,598,1.07,1.0,5,1.09,1.0186,10,1.08,1.0093,876,0
SPY190807C291,2019-08-05,2019-08-05 09:38:32,1.09,1.0186,631,1.06,0.9906,135,1.08,1.0093,1,1.075,1.0046,877,0
SPY190807C291,2019-08-05,2019-08-05 09:38:32,1.09,1.0186,598,1.06,0.9906,135,1.08,1.0093,1,1.075,1.0046,877,1
SPY190807C291,2019-08-05,2019-08-05 09:38:33,1.09,1.0186,631,1.07,1.0,5,1.08,1.0093,1,1.08,1.0093,877,0
SPY190807C291,2019-08-05,2019-08-05 09:38:33,1.09,1.0186,738,1.07,1.0,5,1.08,1.0093,1,1.08,1.0093,877,0
SPY190807C291,2019-08-05,2019-08-05 09:38:34,1.09,1.0186,754,1.07,1.0,5,1.08,1.0093,1,1.08,1.0093,877,0
SPY190807C291,2019-08-05,2019-08-05 09:38:34,1.08,1.0093,128,1.07,1.0,5,1.08,1.0093,1,1.075,1.0046,877,0
SPY190807C291,2019-08-05,2019-08-05 09:38:35,1.09,1.0186,754,1.07,1.0,5,1.08,1.0093,1,1.08,1.0093,877,0
SPY190807C291,2019-08-05,2019-08-05 09:38:36,1.08,1.0093,634,1.07,1.0,5,1.08,1.0093,1,1.075,1.0046,877,0
SPY190807C291,2019-08-05,2019-08-05 09:38:37,1.07,1.0,300,1.07,1.0,5,1.08,1.0093,1,1.07,1.0,877,0
SPY190807C291,2019-08-05,2019-08-05 09:38:38,1.07,1.0,70,1.06,0.9906,5,1.08,1.0093,1,1.065,0.9953,877,0
SPY190807C291,2019-08-05,2019-08-05 09:38:39,1.07,1.0,70,1.06,0.9906,5,1.08,1.0093,1,1.065,0.9953,877,0
SPY190807C291,2019-08-05,2019-08-05 09:38:40,1.08,1.0093,241,1.06,0.9906,219,1.08,1.0093,1,1.07,1.0,877,0
SPY190807C291,2019-08-05,2019-08-05 09:38:40,1.08,1.0093,24,1.06,0.9906,135,1.08,1.0093,1,1.07,1.0,877,0
SPY190807C291,2019-08-05,2019-08-05 09:38:41,1.09,1.0186,376,1.07,1.0,5,1.08,1.0093,1,1.08,1.0093,877,0
SPY190807C291,2019-08-05,2019-08-05 09:38:41,1.09,1.0186,522,1.06,0.9906,94,1.08,1.0093,1,1.075,1.0046,877,0
SPY190807C291,2019-08-05,2019-08-05 09:38:42,1.08,1.0093,70,1.07,1.0,42,1.08,1.0093,1,1.075,1.0046,877,0
SPY190807C291,2019-08-05,2019-08-05 09:38:42,1.09,1.0186,530,1.07,1.0,176,1.08,1.0093,1,1.08,1.0093,877,0
SPY190807C291,2019-08-05,2019-08-05 09:38:43,1.08,1.0093,112,1.07,1.0,5,1.08,1.0093,1,1.075,1.0046,877,0
SPY190807C291,2019-08-05,2019-08-05 09:38:43,1.08,1.0093,88,1.07,1.0,42,1.08,1.0093,1,1.075,1.0046,877,0
SPY190807C291,2019-08-05,2019-08-05 09:38:44,1.08,1.0093,70,1.07,1.0,86,1.08,1.0093,1,1.075,1.0046,877,0
SPY190807C291,2019-08-05,2019-08-05 09:38:44,1.08,1.0093,112,1.07,1.0,36,1.08,1.0093,1,1.075,1.0046,877,0
SPY190807C291,2019-08-05,2019-08-05 09:38:45,1.08,1.0093,100,1.06,0.9906,227,1.07,1.0,1,1.07,1.0,878,0
SPY190807C291,2019-08-05,2019-08-05 09:38:45,1.08,1.0093,84,1.07,1.0,50,1.07,1.0,1,1.075,1.0046,878,1
SPY190807C291,2019-08-05,2019-08-05 09:38:46,1.08,1.0093,455,1.06,0.9906,227,1.07,1.0,1,1.07,1.0,878,0
SPY190807C291,2019-08-05,2019-08-05 09:38:46,1.08,1.0093,430,1.06,0.9906,227,1.07,1.0,1,1.07,1.0,878,0
SPY190807C291,2019-08-05,2019-08-05 09:38:47,1.08,1.0093,551,1.06,0.9906,100,1.07,1.0,1,1.07,1.0,878,0
SPY190807C291,2019-08-05,2019-08-05 09:38:47,1.08,1.0093,1031,1.06,0.9906,135,1.07,1.0,1,1.07,1.0,878,0
SPY190807C291,2019-08-05,2019-08-05 09:38:48,1.08,1.0093,858,1.06,0.9906,100,1.07,1.0,1,1.07,1.0,878,0
SPY190807C291,2019-08-05,2019-08-05 09:38:48,1.08,1.0093,465,1.06,0.9906,154,1.07,1.0,1,1.07,1.0,878,0
SPY190807C291,2019-08-05,2019-08-05 09:38:49,1.07,1.0,70,1.06,0.9906,50,1.07,1.0,1,1.065,0.9953,878,0
SPY190807C291,2019-08-05,2019-08-05 09:38:49,1.08,1.0093,826,1.06,0.9906,154,1.07,1.0,1,1.07,1.0,878,0
SPY190807C291,2019-08-05,2019-08-05 09:38:50,1.07,1.0,70,1.06,0.9906,135,1.07,1.0,1,1.065,0.9953,878,0
SPY190807C291,2019-08-05,2019-08-05 09:38:50,1.08,1.0093,913,1.06,0.9906,135,1.07,1.0,1,1.07,1.0,878,0
SPY190807C291,2019-08-05,2019-08-05 09:38:51,1.07,1.0,100,1.06,0.9906,3,1.07,1.0,1,1.065,0.9953,878,0
SPY190807C291,2019-08-05,2019-08-05 09:38:51,1.08,1.0093,913,1.06,0.9906,36,1.07,1.0,1,1.07,1.0,878,0
SPY190807C291,2019-08-05,2019-08-05 09:38:52,1.07,1.0,100,1.06,0.9906,3,1.06,0.9906,1,1.065,0.9953,879,1
SPY190807C291,2019-08-05,2019-08-05 09:38:52,1.07,1.0,128,1.06,0.9906,3,1.06,0.9906,1,1.065,0.9953,879,0
SPY190807C291,2019-08-05,2019-08-05 09:38:53,1.07,1.0,128,1.06,0.9906,3,1.06,0.9906,1,1.065,0.9953,879,0
SPY190807C291,2019-08-05,2019-08-05 09:38:53,1.07,1.0,153,1.06,0.9906,170,1.06,0.9906,1,1.065,0.9953,879,0
SPY190807C291,2019-08-05,2019-08-05 09:38:54,1.07,1.0,218,1.06,0.9906,160,1.06,0.9906,1,1.065,0.9953,879,0
SPY190807C291,2019-08-05,2019-08-05 09:38:54,1.07,1.0,153,1.06,0.9906,160,1.06,0.9906,1,1.065,0.9953,879,0
SPY190807C291,2019-08-05,2019-08-05 09:38:55,1.08,1.0093,360,1.06,0.9906,184,1.06,0.9906,1,1.07,1.0,879,0
SPY190807C291,2019-08-05,2019-08-05 09:38:55,1.07,1.0,300,1.06,0.9906,3,1.06,0.9906,1,1.065,0.9953,879,0
SPY190807C291,2019-08-05,2019-08-05 09:38:56,1.06,0.9906,70,1.04,0.9719,5,1.06,0.9906,3,1.05,0.9813,882,3
SPY190807C291,2019-08-05,2019-08-05 09:38:57,1.06,0.9906,70,1.05,0.9813,172,1.06,0.9906,3,1.055,0.9859,882,0
SPY190807C291,2019-08-05,2019-08-05 09:38:57,1.06,0.9906,70,1.05,0.9813,100,1.06,0.9906,3,1.055,0.9859,882,0
SPY190807C291,2019-08-05,2019-08-05 09:38:58,1.07,1.0,614,1.05,0.9813,215,1.06,0.9906,3,1.06,0.9906,882,0
SPY190807C291,2019-08-05,2019-08-05 09:38:58,1.07,1.0,153,1.05,0.9813,38,1.06,0.9906,3,1.06,0.9906,882,0
SPY190807C291,2019-08-05,2019-08-05 09:38:59,1.07,1.0,614,1.05,0.9813,215,1.06,0.9906,3,1.06,0.9906,882,0
SPY190807C291,2019-08-05,2019-08-05 09:38:59,1.07,1.0,278,1.05,0.9813,215,1.06,0.9906,3,1.06,0.9906,882,0
SPY190807C291,2019-08-05,2019-08-05 09:39:00,1.06,0.9906,36,1.04,0.9719,215,1.06,0.9906,3,1.05,0.9813,882,0
SPY190807C291,2019-08-05,2019-08-05 09:39:00,1.05,0.9813,100,1.02,0.9532,94,1.06,0.9906,3,1.035,0.9672,882,0
SPY190807C291,2019-08-05,2019-08-05 09:39:01,1.04,0.9719,99,1.03,0.9626,5,1.06,0.9906,3,1.035,0.9672,882,0
SPY190807C291,2019-08-05,2019-08-05 09:39:01,1.05,0.9813,536,1.02,0.9532,210,1.06,0.9906,3,1.035,0.9672,882,0
SPY190807C291,2019-08-05,2019-08-05 09:39:02,1.05,0.9813,510,1.03,0.9626,208,1.06,0.9906,3,1.04,0.9719,882,0
SPY190807C291,2019-08-05,2019-08-05 09:39:02,1.04,0.9719,70,1.01,0.9439,4,1.06,0.9906,3,1.025,0.9579,882,0
SPY190807C291,2019-08-05,2019-08-05 09:39:03,1.05,0.9813,694,1.03,0.9626,215,1.06,0.9906,3,1.04,0.9719,882,0
SPY190807C291,2019-08-05,2019-08-05 09:39:03,1.04,0.9719,88,1.03,0.9626,5,1.06,0.9906,3,1.035,0.9672,882,0
SPY190807C291,2019-08-05,2019-08-05 09:39:04,1.05,0.9813,300,1.04,0.9719,5,1.06,0.9906,3,1.045,0.9766,882,0
SPY190807C291,2019-08-05,2019-08-05 09:39:04,1.05,0.9813,198,1.04,0.9719,5,1.06,0.9906,3,1.045,0.9766,882,0
SPY190807C291,2019-08-05,2019-08-05 09:39:05,1.05,0.9813,300,1.04,0.9719,5,1.06,0.9906,3,1.045,0.9766,882,0
SPY190807C291,2019-08-05,2019-08-05 09:39:06,1.05,0.9813,300,1.03,0.9626,205,1.06,0.9906,3,1.04,0.9719,882,0
SPY190807C291,2019-08-05,2019-08-05 09:39:06,1.07,1.0,300,1.04,0.9719,24,1.06,0.9906,3,1.055,0.9859,882,0
SPY190807C291,2019-08-05,2019-08-05 09:39:07,1.07,1.0,300,1.04,0.9719,24,1.06,0.9906,3,1.055,0.9859,882,0
SPY190807C291,2019-08-05,2019-08-05 09:39:07,1.06,0.9906,448,1.04,0.9719,5,1.06,0.9906,3,1.05,0.9813,882,0
SPY190807C291,2019-08-05,2019-08-05 09:39:08,1.06,0.9906,618,1.04,0.9719,5,1.06,0.9906,3,1.05,0.9813,882,0
SPY190807C291,2019-08-05,2019-08-05 09:39:08,1.06,0.9906,618,1.04,0.9719,181,1.06,0.9906,3,1.05,0.9813,882,0
SPY190807C291,2019-08-05,2019-08-05 09:39:09,1.06,0.9906,198,1.05,0.9813,5,1.06,0.9906,3,1.055,0.9859,882,0
SPY190807C291,2019-08-05,2019-08-05 09:39:10,1.06,0.9906,198,1.05,0.9813,5,1.06,0.9906,3,1.055,0.9859,882,0
SPY190807C291,2019-08-05,2019-08-05 09:39:10,1.06,0.9906,45,1.05,0.9813,186,1.06,0.9906,3,1.055,0.9859,882,0
SPY190807C291,2019-08-05,2019-08-05 09:39:11,1.07,1.0,483,1.05,0.9813,186,1.06,0.9906,3,1.06,0.9906,882,0
SPY190807C291,2019-08-05,2019-08-05 09:39:11,1.07,1.0,451,1.05,0.9813,191,1.06,0.9906,3,1.06,0.9906,882,0
SPY190807C291,2019-08-05,2019-08-05 09:39:12,1.07,1.0,453,1.05,0.9813,191,1.06,0.9906,3,1.06,0.9906,882,0
SPY190807C291,2019-08-05,2019-08-05 09:39:12,1.07,1.0,491,1.05,0.9813,203,1.06,0.9906,3,1.06,0.9906,882,0
SPY190807C291,2019-08-05,2019-08-05 09:39:13,1.06,0.9906,459,1.04,0.9719,215,1.06,0.9906,3,1.05,0.9813,882,0
SPY190807C291,2019-08-05,2019-08-05 09:39:13,1.07,1.0,491,1.04,0.9719,18,1.06,0.9906,3,1.055,0.9859,882,0
SPY190807C291,2019-08-05,2019-08-05 09:39:14,1.06,0.9906,495,1.04,0.9719,191,1.06,0.9906,3,1.05,0.9813,882,0
SPY190807C291,2019-08-05,2019-08-05 09:39:14,1.06,0.9906,527,1.04,0.9719,145,1.06,0.9906,3,1.05,0.9813,882,0
SPY190807C291,2019-08-05,2019-08-05 09:39:15,1.06,0.9906,511,1.04,0.9719,67,1.06,0.9906,3,1.05,0.9813,882,0
SPY190807C291,2019-08-05,2019-08-05 09:39:15,1.06,0.9906,511,1.04,0.9719,215,1.06,0.9906,3,1.05,0.9813,882,0
SPY190807C291,2019-08-05,2019-08-05 09:39:16,1.05,0.9813,565,1.03,0.9626,215,1.06,0.9906,3,1.04,0.9719,882,0
SPY190807C291,2019-08-05,2019-08-05 09:39:16,1.05,0.9813,451,1.03,0.9626,215,1.06,0.9906,3,1.04,0.9719,882,0
SPY190807C291,2019-08-05,2019-08-05 09:39:17,1.06,0.9906,556,1.04,0.9719,177,1.06,0.9906,3,1.05,0.9813,882,0
SPY190807C291,2019-08-05,2019-08-05 09:39:17,1.05,0.9813,100,1.04,0.9719,5,1.06,0.9906,3,1.045,0.9766,882,0
SPY190807C291,2019-08-05,2019-08-05 09:39:18,1.05,0.9813,70,1.04,0.9719,114,1.06,0.9906,3,1.045,0.9766,882,0
SPY190807C291,2019-08-05,2019-08-05 09:39:18,1.06,0.9906,556,1.04,0.9719,177,1.06,0.9906,3,1.05,0.9813,882,0
SPY190807C291,2019-08-05,2019-08-05 09:39:19,1.05,0.9813,18,1.04,0.9719,114,1.06,0.9906,3,1.045,0.9766,882,0
SPY190807C291,2019-08-05,2019-08-05 09:39:19,1.06,0.9906,542,1.04,0.9719,114,1.06,0.9906,3,1.05,0.9813,882,0
SPY190807C291,2019-08-05,2019-08-05 09:39:20,1.05,0.9813,106,1.04,0.9719,100,1.06,0.9906,3,1.045,0.9766,882,0
SPY190807C291,2019-08-05,2019-08-05 09:39:21,1.05,0.9813,70,1.04,0.9719,100,1.06,0.9906,3,1.045,0.9766,882,0
SPY190807C291,2019-08-05,2019-08-05 09:39:21,1.05,0.9813,99,1.04,0.9719,116,1.06,0.9906,3,1.045,0.9766,882,0
SPY190807C291,2019-08-05,2019-08-05 09:39:22,1.05,0.9813,36,1.04,0.9719,116,1.06,0.9906,3,1.045,0.9766,882,0
SPY190807C291,2019-08-05,2019-08-05 09:39:22,1.06,0.9906,561,1.04,0.9719,116,1.06,0.9906,3,1.05,0.9813,882,0
SPY190807C291,2019-08-05,2019-08-05 09:39:23,1.05,0.9813,458,1.03,0.9626,18,1.06,0.9906,3,1.04,0.9719,882,0
SPY190807C291,2019-08-05,2019-08-05 09:39:23,1.05,0.9813,411,1.03,0.9626,223,1.06,0.9906,3,1.04,0.9719,882,0
SPY190807C291,2019-08-05,2019-08-05 09:39:24,1.05,0.9813,411,1.03,0.9626,223,1.06,0.9906,3,1.04,0.9719,882,0
SPY190807C291,2019-08-05,2019-08-05 09:39:24,1.05,0.9813,407,1.03,0.9626,100,1.06,0.9906,3,1.04,0.9719,882,0
SPY190807C291,2019-08-05,2019-08-05 09:39:25,1.05,0.9813,426,1.03,0.9626,189,1.06,0.9906,3,1.04,0.9719,882,0
SPY190807C291,2019-08-05,2019-08-05 09:39:25,1.05,0.9813,477,1.03,0.9626,189,1.06,0.9906,3,1.04,0.9719,882,0
SPY190807C291,2019-08-05,2019-08-05 09:39:26,1.05,0.9813,772,1.03,0.9626,157,1.06,0.9906,3,1.04,0.9719,882,0
SPY190807C291,2019-08-05,2019-08-05 09:39:26,1.05,0.9813,579,1.03,0.9626,189,1.06,0.9906,3,1.04,0.9719,882,0
SPY190807C291,2019-08-05,2019-08-05 09:39:27,1.05,0.9813,477,1.03,0.9626,174,1.06,0.9906,3,1.04,0.9719,882,0
SPY190807C291,2019-08-05,2019-08-05 09:39:27,1.05,0.9813,477,1.03,0.9626,87,1.06,0.9906,3,1.04,0.9719,882,0
SPY190807C291,2019-08-05,2019-08-05 09:39:28,1.04,0.9719,300,1.02,0.9532,233,1.06,0.9906,3,1.03,0.9626,882,0
SPY190807C291,2019-08-05,2019-08-05 09:39:29,1.04,0.9719,378,1.03,0.9626,5,1.06,0.9906,3,1.035,0.9672,882,0
SPY190807C291,2019-08-05,2019-08-05 09:39:30,1.04,0.9719,471,1.03,0.9626,5,1.06,0.9906,3,1.035,0.9672,882,0
SPY190807C291,2019-08-05,2019-08-05 09:39:30,1.04,0.9719,448,1.03,0.9626,5,1.06,0.9906,3,1.035,0.9672,882,0
SPY190807C291,2019-08-05,2019-08-05 09:39:31,1.04,0.9719,624,1.03,0.9626,5,1.06,0.9906,3,1.035,0.9672,882,0
SPY190807C291,2019-08-05,2019-08-05 09:39:31,1.03,0.9626,36,1.02,0.9532,223,1.06,0.9906,3,1.025,0.9579,882,0
SPY190807C291,2019-08-05,2019-08-05 09:39:32,1.03,0.9626,36,1.02,0.9532,191,1.06,0.9906,3,1.025,0.9579,882,0
SPY190807C291,2019-08-05,2019-08-05 09:39:32,1.03,0.9626,36,1.02,0.9532,223,1.06,0.9906,3,1.025,0.9579,882,0
SPY190807C291,2019-08-05,2019-08-05 09:39:33,1.03,0.9626,36,1.02,0.9532,177,1.06,0.9906,3,1.025,0.9579,882,0
SPY190807C291,2019-08-05,2019-08-05 09:39:33,1.03,0.9626,36,1.02,0.9532,204,1.06,0.9906,3,1.025,0.9579,882,0
SPY190807C291,2019-08-05,2019-08-05 09:39:34,1.03,0.9626,27,1.02,0.9532,173,1.06,0.9906,3,1.025,0.9579,882,0
SPY190807C291,2019-08-05,2019-08-05 09:39:34,1.04,0.9719,525,1.02,0.9532,179,1.06,0.9906,3,1.03,0.9626,882,0
SPY190807C291,2019-08-05,2019-08-05 09:39:35,1.03,0.9626,106,1.02,0.9532,141,1.06,0.9906,3,1.025,0.9579,882,0
SPY190807C291,2019-08-05,2019-08-05 09:39:35,1.03,0.9626,27,1.02,0.9532,173,1.06,0.9906,3,1.025,0.9579,882,0
SPY190807C291,2019-08-05,2019-08-05 09:39:36,1.03,0.9626,205,1.01,0.9439,223,1.06,0.9906,3,1.02,0.9532,882,0
SPY190807C291,2019-08-05,2019-08-05 09:39:36,1.03,0.9626,173,1.01,0.9439,223,1.06,0.9906,3,1.02,0.9532,882,0
SPY190807C291,2019-08-05,2019-08-05 09:39:37,1.03,0.9626,368,1.01,0.9439,223,1.06,0.9906,3,1.02,0.9532,882,0
SPY190807C291,2019-08-05,2019-08-05 09:39:38,1.03,0.9626,36,1.01,0.9439,132,1.06,0.9906,3,1.02,0.9532,882,0
SPY190807C291,2019-08-05,2019-08-05 09:39:38,1.04,0.9719,216,1.0,0.9345,332,1.06,0.9906,3,1.02,0.9532,882,0
SPY190807C291,2019-08-05,2019-08-05 09:39:39,1.03,0.9626,198,1.01,0.9439,223,1.06,0.9906,3,1.02,0.9532,882,0
SPY190807C291,2019-08-05,2019-08-05 09:39:39,1.03,0.9626,180,1.01,0.9439,223,1.06,0.9906,3,1.02,0.9532,882,0
SPY190807C291,2019-08-05,2019-08-05 09:39:40,1.03,0.9626,198,1.01,0.9439,223,1.06,0.9906,3,1.02,0.9532,882,0
SPY190807C291,2019-08-05,2019-08-05 09:39:40,1.03,0.9626,198,1.02,0.9532,5,1.06,0.9906,3,1.025,0.9579,882,0
SPY190807C291,2019-08-05,2019-08-05 09:39:41,1.03,0.9626,36,1.02,0.9532,100,1.06,0.9906,3,1.025,0.9579,882,0
SPY190807C291,2019-08-05,2019-08-05 09:39:41,1.03,0.9626,60,1.02,0.9532,123,1.06,0.9906,3,1.025,0.9579,882,0
SPY190807C291,2019-08-05,2019-08-05 09:39:42,1.05,0.9813,161,1.02,0.9532,44,1.06,0.9906,3,1.035,0.9672,882,0
SPY190807C291,2019-08-05,2019-08-05 09:39:42,1.05,0.9813,175,1.03,0.9626,221,1.06,0.9906,3,1.04,0.9719,882,0
SPY190807C291,2019-08-05,2019-08-05 09:39:43,1.05,0.9813,102,1.04,0.9719,5,1.06,0.9906,3,1.045,0.9766,882,0
SPY190807C291,2019-08-05,2019-08-05 09:39:43,1.05,0.9813,175,1.03,0.9626,221,1.06,0.9906,3,1.04,0.9719,882,0
SPY190807C291,2019-08-05,2019-08-05 09:39:44,1.05,0.9813,245,1.03,0.9626,223,1.06,0.9906,3,1.04,0.9719,882,0
SPY190807C291,2019-08-05,2019-08-05 09:39:45,1.05,0.9813,198,1.03,0.9626,100,1.06,0.9906,3,1.04,0.9719,882,0
SPY190807C291,2019-08-05,2019-08-05 09:39:45,1.04,0.9719,45,1.03,0.9626,100,1.06,0.9906,3,1.035,0.9672,882,0
SPY190807C291,2019-08-05,2019-08-05 09:39:46,1.06,0.9906,685,1.04,0.9719,149,1.06,0.9906,3,1.05,0.9813,882,0
SPY190807C291,2019-08-05,2019-08-05 09:39:46,1.06,0.9906,241,1.04,0.9719,149,1.06,0.9906,3,1.05,0.9813,882,0
SPY190807C291,2019-08-05,2019-08-05 09:39:47,1.06,0.9906,198,1.05,0.9813,83,1.05,0.9813,1,1.055,0.9859,883,0
SPY190807C291,2019-08-05,2019-08-05 09:39:47,1.06,0.9906,216,1.05,0.9813,59,1.05,0.9813,1,1.055,0.9859,883,1
SPY190807C291,2019-08-05,2019-08-05 09:39:48,1.07,1.0,460,1.04,0.9719,147,1.05,0.9813,1,1.055,0.9859,883,0
SPY190807C291,2019-08-05,2019-08-05 09:39:48,1.07,1.0,81,1.05,0.9813,32,1.05,0.9813,1,1.06,0.9906,883,0
SPY190807C291,2019-08-05,2019-08-05 09:39:49,1.08,1.0093,566,1.06,0.9906,183,1.05,0.9813,1,1.07,1.0,883,0
SPY190807C291,2019-08-05,2019-08-05 09:39:49,1.07,1.0,81,1.05,0.9813,4,1.05,0.9813,1,1.06,0.9906,883,0
SPY190807C291,2019-08-05,2019-08-05 09:39:50,1.08,1.0093,566,1.06,0.9906,183,1.05,0.9813,1,1.07,1.0,883,0
SPY190807C291,2019-08-05,2019-08-05 09:39:50,1.08,1.0093,536,1.06,0.9906,171,1.05,0.9813,1,1.07,1.0,883,0
SPY190807C291,2019-08-05,2019-08-05 09:39:51,1.09,1.0186,460,1.07,1.0,5,1.05,0.9813,1,1.08,1.0093,883,0
SPY190807C291,2019-08-05,2019-08-05 09:39:51,1.08,1.0093,396,1.05,0.9813,49,1.05,0.9813,1,1.065,0.9953,883,0
SPY190807C291,2019-08-05,2019-08-05 09:39:52,1.08,1.0093,70,1.06,0.9906,100,1.05,0.9813,1,1.07,1.0,883,0
SPY190807C291,2019-08-05,2019-08-05 09:39:52,1.09,1.0186,511,1.06,0.9906,223,1.05,0.9813,1,1.075,1.0046,883,0
SPY190807C291,2019-08-05,2019-08-05 09:39:53,1.08,1.0093,70,1.06,0.9906,223,1.05,0.9813,1,1.07,1.0,883,0
SPY190807C291,2019-08-05,2019-08-05 09:39:53,1.09,1.0186,496,1.07,1.0,223,1.05,0.9813,1,1.08,1.0093,883,0
SPY190807C291,2019-08-05,2019-08-05 09:39:54,1.09,1.0186,478,1.07,1.0,205,1.05,0.9813,1,1.08,1.0093,883,0
SPY190807C291,2019-08-05,2019-08-05 09:39:55,1.09,1.0186,478,1.08,1.0093,127,1.09,1.0186,17,1.085,1.014,900,0
SPY190807C291,2019-08-05,2019-08-05 09:39:55,1.09,1.0186,478,1.08,1.0093,127,1.09,1.0186,17,1.085,1.014,900,17
SPY190807C291,2019-08-05,2019-08-05 09:39:56,1.1,1.028,180,1.07,1.0,100,1.09,1.0186,1,1.085,1.014,901,1
SPY190807C291,2019-08-05,2019-08-05 09:39:56,1.09,1.0186,180,1.08,1.0093,127,1.09,1.0186,17,1.085,1.014,900,0
SPY190807C291,2019-08-05,2019-08-05 09:39:57,1.1,1.028,198,1.09,1.0186,13,1.09,1.0186,1,1.095,1.0233,901,0
SPY190807C291,2019-08-05,2019-08-05 09:39:57,1.1,1.028,198,1.09,1.0186,5,1.09,1.0186,1,1.095,1.0233,901,0
SPY190807C291,2019-08-05,2019-08-05 09:39:58,1.1,1.028,198,1.09,1.0186,5,1.09,1.0186,1,1.095,1.0233,901,0
SPY190807C291,2019-08-05,2019-08-05 09:39:58,1.11,1.0373,183,1.09,1.0186,13,1.09,1.0186,1,1.1,1.028,901,0
SPY190807C291,2019-08-05,2019-08-05 09:39:59,1.11,1.0373,528,1.09,1.0186,100,1.09,1.0186,1,1.1,1.028,901,0
SPY190807C291,2019-08-05,2019-08-05 09:39:59,1.11,1.0373,478,1.09,1.0186,100,1.09,1.0186,1,1.1,1.028,901,0
SPY190807C291,2019-08-05,2019-08-05 09:40:00,1.1,1.028,162,1.09,1.0186,100,1.1,1.028,1,1.095,1.0233,908,1
SPY190807C291,2019-08-05,2019-08-05 09:40:00,1.11,1.0373,103,1.09,1.0186,5,1.1,1.028,1,1.1,1.028,907,6
SPY190807C291,2019-08-05,2019-08-05 09:40:01,1.11,1.0373,218,1.1,1.028,5,1.1,1.028,1,1.105,1.0327,908,0
SPY190807C291,2019-08-05,2019-08-05 09:40:01,1.11,1.0373,218,1.09,1.0186,72,1.1,1.028,1,1.1,1.028,908,0
SPY190807C291,2019-08-05,2019-08-05 09:40:02,1.11,1.0373,218,1.09,1.0186,100,1.1,1.028,5,1.1,1.028,913,5
SPY190807C291,2019-08-05,2019-08-05 09:40:02,1.1,1.028,106,1.09,1.0186,167,1.1,1.028,5,1.095,1.0233,913,0
SPY190807C291,2019-08-05,2019-08-05 09:40:03,1.1,1.028,180,1.08,1.0093,100,1.1,1.028,5,1.09,1.0186,913,0
SPY190807C291,2019-08-05,2019-08-05 09:40:03,1.1,1.028,105,1.07,1.0,100,1.1,1.028,5,1.085,1.014,913,0
SPY190807C291,2019-08-05,2019-08-05 09:40:04,1.09,1.0186,27,1.08,1.0093,100,1.1,1.028,5,1.085,1.014,913,0
SPY190807C291,2019-08-05,2019-08-05 09:40:04,1.1,1.028,423,1.08,1.0093,150,1.1,1.028,5,1.09,1.0186,913,0
SPY190807C291,2019-08-05,2019-08-05 09:40:05,1.09,1.0186,106,1.08,1.0093,5,1.1,1.028,5,1.085,1.014,913,0
SPY190807C291,2019-08-05,2019-08-05 09:40:05,1.09,1.0186,129,1.07,1.0,354,1.1,1.028,5,1.08,1.0093,913,0
SPY190807C291,2019-08-05,2019-08-05 09:40:06,1.09,1.0186,129,1.07,1.0,354,1.1,1.028,5,1.08,1.0093,913,0
SPY190807C291,2019-08-05,2019-08-05 09:40:07,1.09,1.0186,129,1.07,1.0,191,1.1,1.028,5,1.08,1.0093,913,0
SPY190807C291,2019-08-05,2019-08-05 09:40:08,1.08,1.0093,138,1.07,1.0,100,1.09,1.0186,30,1.075,1.0046,943,30
SPY190807C291,2019-08-05,2019-08-05 09:40:08,1.08,1.0093,184,1.07,1.0,100,1.09,1.0186,30,1.075,1.0046,943,0
SPY190807C291,2019-08-05,2019-08-05 09:40:09,1.08,1.0093,120,1.07,1.0,100,1.06,0.9906,20,1.075,1.0046,963,20
SPY190807C291,2019-08-05,2019-08-05 09:40:09,1.08,1.0093,130,1.07,1.0,100,1.06,0.9906,20,1.075,1.0046,963,0
SPY190807C291,2019-08-05,2019-08-05 09:40:10,1.08,1.0093,130,1.07,1.0,100,1.06,0.9906,20,1.075,1.0046,963,0
SPY190807C291,2019-08-05,2019-08-05 09:40:11,1.09,1.0186,180,1.07,1.0,100,1.06,0.9906,20,1.08,1.0093,963,0
SPY190807C291,2019-08-05,2019-08-05 09:40:11,1.08,1.0093,27,1.07,1.0,100,1.06,0.9906,20,1.075,1.0046,963,0
SPY190807C291,2019-08-05,2019-08-05 09:40:12,1.08,1.0093,60,1.07,1.0,100,1.06,0.9906,20,1.075,1.0046,963,0
SPY190807C291,2019-08-05,2019-08-05 09:40:12,1.08,1.0093,195,1.04,0.9719,126,1.07,1.0,1,1.06,0.9906,1063,100
SPY190807C291,2019-08-05,2019-08-05 09:40:13,1.07,1.0,36,1.04,0.9719,126,1.07,1.0,1,1.055,0.9859,1063,0
SPY190807C291,2019-08-05,2019-08-05 09:40:13,1.07,1.0,36,1.05,0.9813,8,1.07,1.0,1,1.06,0.9906,1063,0
SPY190807C291,2019-08-05,2019-08-05 09:40:14,1.06,0.9906,132,1.04,0.9719,5,1.07,1.0,1,1.05,0.9813,1063,0
SPY190807C291,2019-08-05,2019-08-05 09:40:14,1.07,1.0,36,1.05,0.9813,5,1.07,1.0,1,1.06,0.9906,1063,0
SPY190807C291,2019-08-05,2019-08-05 09:40:15,1.06,0.9906,223,1.04,0.9719,5,1.07,1.0,1,1.05,0.9813,1063,0
SPY190807C291,2019-08-05,2019-08-05 09:40:15,1.05,0.9813,118,1.03,0.9626,5,1.07,1.0,1,1.04,0.9719,1063,0
SPY190807C291,2019-08-05,2019-08-05 09:40:16,1.04,0.9719,27,1.03,0.9626,90,1.07,1.0,1,1.035,0.9672,1063,0
SPY190807C291,2019-08-05,2019-08-05 09:40:16,1.05,0.9813,36,1.03,0.9626,5,1.07,1.0,1,1.04,0.9719,1063,0
SPY190807C291,2019-08-05,2019-08-05 09:40:17,1.03,0.9626,27,1.02,0.9532,5,1.07,1.0,1,1.025,0.9579,1063,0
SPY190807C291,2019-08-05,2019-08-05 09:40:17,1.04,0.9719,102,1.02,0.9532,5,1.07,1.0,1,1.03,0.9626,1063,0
SPY190807C291,2019-08-05,2019-08-05 09:40:18,1.03,0.9626,36,1.02,0.9532,5,1.07,1.0,1,1.025,0.9579,1063,0
SPY190807C291,2019-08-05,2019-08-05 09:40:18,1.03,0.9626,59,1.02,0.9532,5,1.07,1.0,1,1.025,0.9579,1063,0
SPY190807C291,2019-08-05,2019-08-05 09:40:19,1.03,0.9626,36,1.01,0.9439,261,1.07,1.0,1,1.02,0.9532,1063,0
SPY190807C291,2019-08-05,2019-08-05 09:40:20,1.03,0.9626,129,1.01,0.9439,191,1.07,1.0,1,1.02,0.9532,1063,0
SPY190807C291,2019-08-05,2019-08-05 09:40:20,1.03,0.9626,129,1.02,0.9532,5,1.07,1.0,1,1.025,0.9579,1063,0
SPY190807C291,2019-08-05,2019-08-05 09:40:21,1.02,0.9532,36,1.01,0.9439,5,1.07,1.0,1,1.015,0.9485,1063,0
SPY190807C291,2019-08-05,2019-08-05 09:40:21,1.03,0.9626,129,1.01,0.9439,191,1.07,1.0,1,1.02,0.9532,1063,0
SPY190807C291,2019-08-05,2019-08-05 09:40:22,1.02,0.9532,32,1.0,0.9345,5,1.07,1.0,1,1.01,0.9439,1063,0
SPY190807C291,2019-08-05,2019-08-05 09:40:22,1.02,0.9532,106,1.01,0.9439,5,1.07,1.0,1,1.015,0.9485,1063,0
SPY190807C291,2019-08-05,2019-08-05 09:40:23,1.03,0.9626,433,1.0,0.9345,70,1.07,1.0,1,1.015,0.9485,1063,0
SPY190807C291,2019-08-05,2019-08-05 09:40:24,1.02,0.9532,36,1.01,0.9439,5,1.07,1.0,1,1.015,0.9485,1063,0
SPY190807C291,2019-08-05,2019-08-05 09:40:24,1.01,0.9439,27,1.0,0.9345,261,1.07,1.0,1,1.005,0.9392,1063,0
SPY190807C291,2019-08-05,2019-08-05 09:40:25,1.02,0.9532,106,1.0,0.9345,175,1.07,1.0,1,1.01,0.9439,1063,0
SPY190807C291,2019-08-05,2019-08-05 09:40:25,1.02,0.9532,106,1.0,0.9345,245,1.07,1.0,1,1.01,0.9439,1063,0
SPY190807C291,2019-08-05,2019-08-05 09:40:26,1.01,0.9439,61,0.99,0.9252,883,1.07,1.0,1,1.0,0.9345,1063,0
SPY190807C291,2019-08-05,2019-08-05 09:40:26,1.01,0.9439,106,1.0,0.9345,70,1.07,1.0,1,1.005,0.9392,1063,0
SPY190807C291,2019-08-05,2019-08-05 09:40:27,1.01,0.9439,70,0.98,0.9158,790,1.07,1.0,1,0.995,0.9299,1063,0
SPY190807C291,2019-08-05,2019-08-05 09:40:27,1.01,0.9439,70,0.99,0.9252,164,1.07,1.0,1,1.0,0.9345,1063,0
SPY190807C291,2019-08-05,2019-08-05 09:40:28,1.0,0.9345,5,0.98,0.9158,235,1.07,1.0,1,0.99,0.9252,1063,0
SPY190807C291,2019-08-05,2019-08-05 09:40:28,1.0,0.9345,40,0.98,0.9158,235,1.07,1.0,1,0.99,0.9252,1063,0
SPY190807C291,2019-08-05,2019-08-05 09:40:29,1.0,0.9345,40,0.98,0.9158,181,1.07,1.0,1,0.99,0.9252,1063,0
SPY190807C291,2019-08-05,2019-08-05 09:40:29,1.0,0.9345,59,0.98,0.9158,121,1.07,1.0,1,0.99,0.9252,1063,0
SPY190807C291,2019-08-05,2019-08-05 09:40:30,0.99,0.9252,60,0.98,0.9158,100,1.07,1.0,1,0.985,0.9205,1063,0
SPY190807C291,2019-08-05,2019-08-05 09:40:31,0.99,0.9252,36,0.98,0.9158,100,1.07,1.0,1,0.985,0.9205,1063,0
SPY190807C291,2019-08-05,2019-08-05 09:40:31,0.99,0.9252,61,0.98,0.9158,100,1.07,1.0,1,0.985,0.9205,1063,0
SPY190807C291,2019-08-05,2019-08-05 09:40:32,0.99,0.9252,61,0.98,0.9158,5,1.07,1.0,1,0.985,0.9205,1063,0
SPY190807C291,2019-08-05,2019-08-05 09:40:32,0.99,0.9252,61,0.98,0.9158,1,1.07,1.0,1,0.985,0.9205,1063,0
SPY190807C291,2019-08-05,2019-08-05 09:40:33,0.99,0.9252,159,0.98,0.9158,1,1.07,1.0,1,0.985,0.9205,1063,0
SPY190807C291,2019-08-05,2019-08-05 09:40:33,0.99,0.9252,5,0.98,0.9158,1,1.07,1.0,1,0.985,0.9205,1063,0
SPY190807C291,2019-08-05,2019-08-05 09:40:34,0.98,0.9158,36,0.98,0.9158,1,0.98,0.9158,1,0.98,0.9158,1064,1
SPY190807C291,2019-08-05,2019-08-05 09:40:34,0.98,0.9158,140,0.96,0.8971,100,0.98,0.9158,2,0.97,0.9065,1069,5
SPY190807C291,2019-08-05,2019-08-05 09:40:35,0.98,0.9158,140,0.96,0.8971,100,0.98,0.9158,2,0.97,0.9065,1069,0
SPY190807C291,2019-08-05,2019-08-05 09:40:36,0.98,0.9158,136,0.96,0.8971,122,0.97,0.9065,10,0.97,0.9065,1079,0
SPY190807C291,2019-08-05,2019-08-05 09:40:36,0.98,0.9158,75,0.96,0.8971,100,0.97,0.9065,10,0.97,0.9065,1079,10
SPY190807C291,2019-08-05,2019-08-05 09:40:37,1.0,0.9345,200,0.97,0.9065,120,0.97,0.9065,10,0.985,0.9205,1079,0
SPY190807C291,2019-08-05,2019-08-05 09:40:38,0.99,0.9252,158,0.97,0.9065,221,0.97,0.9065,10,0.98,0.9158,1079,0
SPY190807C291,2019-08-05,2019-08-05 09:40:38,0.98,0.9158,27,0.97,0.9065,221,0.97,0.9065,10,0.975,0.9112,1079,0
SPY190807C291,2019-08-05,2019-08-05 09:40:39,1.03,0.9626,484,0.98,0.9158,400,0.97,0.9065,10,1.005,0.9392,1079,0
SPY190807C291,2019-08-05,2019-08-05 09:40:39,0.99,0.9252,27,0.98,0.9158,5,0.97,0.9065,10,0.985,0.9205,1079,0
SPY190807C291,2019-08-05,2019-08-05 09:40:40,1.01,0.9439,233,0.99,0.9252,152,0.97,0.9065,10,1.0,0.9345,1079,0
SPY190807C291,2019-08-05,2019-08-05 09:40:40,1.01,0.9439,168,0.98,0.9158,562,0.97,0.9065,10,0.995,0.9299,1079,0
SPY190807C291,2019-08-05,2019-08-05 09:40:41,1.01,0.9439,574,0.99,0.9252,112,0.97,0.9065,10,1.0,0.9345,1079,0
SPY190807C291,2019-08-05,2019-08-05 09:40:41,1.01,0.9439,70,0.99,0.9252,5,0.97,0.9065,10,1.0,0.9345,1079,0
SPY190807C291,2019-08-05,2019-08-05 09:40:42,1.01,0.9439,88,0.99,0.9252,224,0.97,0.9065,10,1.0,0.9345,1079,0
SPY190807C291,2019-08-05,2019-08-05 09:40:42,1.01,0.9439,638,0.99,0.9252,18,0.97,0.9065,10,1.0,0.9345,1079,0
SPY190807C291,2019-08-05,2019-08-05 09:40:43,1.01,0.9439,88,0.99,0.9252,294,0.97,0.9065,10,1.0,0.9345,1079,0
SPY190807C291,2019-08-05,2019-08-05 09:40:43,1.01,0.9439,217,0.99,0.9252,100,0.97,0.9065,10,1.0,0.9345,1079,0
SPY190807C291,2019-08-05,2019-08-05 09:40:44,1.01,0.9439,194,0.99,0.9252,5,0.97,0.9065,10,1.0,0.9345,1079,0
SPY190807C291,2019-08-05,2019-08-05 09:40:45,1.0,0.9345,27,0.99,0.9252,5,0.97,0.9065,10,0.995,0.9299,1079,0
SPY190807C291,2019-08-05,2019-08-05 09:40:45,1.0,0.9345,40,0.99,0.9252,5,0.97,0.9065,10,0.995,0.9299,1079,0
SPY190807C291,2019-08-05,2019-08-05 09:40:46,1.0,0.9345,97,0.98,0.9158,508,1.0,0.9345,2,0.99,0.9252,1081,2
SPY190807C291,2019-08-05,2019-08-05 09:40:46,1.0,0.9345,197,0.98,0.9158,682,1.0,0.9345,2,0.99,0.9252,1081,0
SPY190807C291,2019-08-05,2019-08-05 09:40:47,1.01,0.9439,552,0.99,0.9252,185,1.0,0.9345,2,1.0,0.9345,1081,0
SPY190807C291,2019-08-05,2019-08-05 09:40:47,1.0,0.9345,150,0.98,0.9158,918,1.0,0.9345,2,0.99,0.9252,1081,0
SPY190807C291,2019-08-05,2019-08-05 09:40:48,1.01,0.9439,185,0.99,0.9252,267,1.0,0.9345,2,1.0,0.9345,1081,0
SPY190807C291,2019-08-05,2019-08-05 09:40:48,1.01,0.9439,18,0.99,0.9252,314,1.0,0.9345,2,1.0,0.9345,1081,0
SPY190807C291,2019-08-05,2019-08-05 09:40:49,1.02,0.9532,230,0.99,0.9252,591,1.0,0.9345,2,1.005,0.9392,1081,0
SPY190807C291,2019-08-05,2019-08-05 09:40:49,1.03,0.9626,77,0.99,0.9252,480,1.0,0.9345,2,1.01,0.9439,1081,0
SPY190807C291,2019-08-05,2019-08-05 09:40:50,1.02,0.9532,56,1.0,0.9345,22,1.0,0.9345,2,1.01,0.9439,1081,0
SPY190807C291,2019-08-05,2019-08-05 09:40:50,1.02,0.9532,251,1.0,0.9345,71,1.0,0.9345,2,1.01,0.9439,1081,0
SPY190807C291,2019-08-05,2019-08-05 09:40:51,1.02,0.9532,330,0.99,0.9252,819,1.0,0.9345,2,1.005,0.9392,1081,0
SPY190807C291,2019-08-05,2019-08-05 09:40:51,1.01,0.9439,5,0.99,0.9252,819,1.0,0.9345,2,1.0,0.9345,1081,0
SPY190807C291,2019-08-05,2019-08-05 09:40:52,1.02,0.9532,514,0.99,0.9252,897,1.0,0.9345,2,1.005,0.9392,1081,0
SPY190807C291,2019-08-05,2019-08-05 09:40:52,1.01,0.9439,119,0.99,0.9252,897,1.0,0.9345,2,1.0,0.9345,1081,0
SPY190807C291,2019-08-05,2019-08-05 09:40:53,1.02,0.9532,5,1.0,0.9345,614,1.0,0.9345,2,1.01,0.9439,1081,0
SPY190807C291,2019-08-05,2019-08-05 09:40:53,1.01,0.9439,5,0.99,0.9252,679,1.0,0.9345,2,1.0,0.9345,1081,0
SPY190807C291,2019-08-05,2019-08-05 09:40:54,1.02,0.9532,117,1.0,0.9345,642,1.02,0.9532,1,1.01,0.9439,1084,3
SPY190807C291,2019-08-05,2019-08-05 09:40:54,1.02,0.9532,117,1.0,0.9345,728,1.02,0.9532,1,1.01,0.9439,1084,0
SPY190807C291,2019-08-05,2019-08-05 09:40:55,1.02,0.9532,65,1.0,0.9345,480,1.02,0.9532,5,1.01,0.9439,1089,5
SPY190807C291,2019-08-05,2019-08-05 09:40:55,1.02,0.9532,434,0.99,0.9252,663,1.02,0.9532,5,1.005,0.9392,1089,0
SPY190807C291,2019-08-05,2019-08-05 09:40:56,1.01,0.9439,334,0.99,0.9252,5,1.02,0.9532,5,1.0,0.9345,1089,0
SPY190807C291,2019-08-05,2019-08-05 09:40:57,1.0,0.9345,66,0.99,0.9252,57,1.02,0.9532,5,0.995,0.9299,1089,0
SPY190807C291,2019-08-05,2019-08-05 09:40:57,1.0,0.9345,66,0.98,0.9158,737,1.02,0.9532,5,0.99,0.9252,1089,0
SPY190807C291,2019-08-05,2019-08-05 09:40:58,1.01,0.9439,168,0.99,0.9252,182,1.0,0.9345,1,1.0,0.9345,1090,0
SPY190807C291,2019-08-05,2019-08-05 09:40:58,1.0,0.9345,36,0.99,0.9252,94,1.0,0.9345,1,0.995,0.9299,1090,1
SPY190807C291,2019-08-05,2019-08-05 09:40:59,1.02,0.9532,529,0.99,0.9252,912,1.0,0.9345,1,1.005,0.9392,1090,0
SPY190807C291,2019-08-05,2019-08-05 09:40:59,1.01,0.9439,101,0.99,0.9252,912,1.0,0.9345,1,1.0,0.9345,1090,0
SPY190807C291,2019-08-05,2019-08-05 09:41:00,1.02,0.9532,590,1.0,0.9345,513,1.0,0.9345,1,1.01,0.9439,1090,0
SPY190807C291,2019-08-05,2019-08-05 09:41:00,1.02,0.9532,590,0.99,0.9252,908,1.0,0.9345,1,1.005,0.9392,1090,0
SPY190807C291,2019-08-05,2019-08-05 09:41:01,1.02,0.9532,206,1.0,0.9345,400,1.0,0.9345,1,1.01,0.9439,1090,0
SPY190807C291,2019-08-05,2019-08-05 09:41:01,1.02,0.9532,590,1.0,0.9345,400,1.0,0.9345,1,1.01,0.9439,1090,0
SPY190807C291,2019-08-05,2019-08-05 09:41:02,1.02,0.9532,624,1.0,0.9345,88,1.0,0.9345,1,1.01,0.9439,1090,0
SPY190807C291,2019-08-05,2019-08-05 09:41:02,1.01,0.9439,27,0.99,0.9252,752,1.0,0.9345,1,1.0,0.9345,1090,0
SPY190807C291,2019-08-05,2019-08-05 09:41:03,1.01,0.9439,299,0.99,0.9252,5,1.0,0.9345,1,1.0,0.9345,1090,0
SPY190807C291,2019-08-05,2019-08-05 09:41:03,1.01,0.9439,330,0.99,0.9252,5,1.0,0.9345,1,1.0,0.9345,1090,0
SPY190807C291,2019-08-05,2019-08-05 09:41:04,1.01,0.9439,100,0.99,0.9252,368,1.0,0.9345,1,1.0,0.9345,1090,0
SPY190807C291,2019-08-05,2019-08-05 09:41:04,1.01,0.9439,61,0.99,0.9252,523,1.0,0.9345,1,1.0,0.9345,1090,0
SPY190807C291,2019-08-05,2019-08-05 09:41:05,1.02,0.9532,330,1.0,0.9345,5,1.0,0.9345,1,1.01,0.9439,1090,0
SPY190807C291,2019-08-05,2019-08-05 09:41:05,1.01,0.9439,121,1.0,0.9345,5,1.0,0.9345,1,1.005,0.9392,1090,0
SPY190807C291,2019-08-05,2019-08-05 09:41:06,1.01,0.9439,181,0.99,0.9252,576,1.0,0.9345,1,1.0,0.9345,1090,0
SPY190807C291,2019-08-05,2019-08-05 09:41:06,1.01,0.9439,181,0.99,0.9252,612,1.0,0.9345,1,1.0,0.9345,1090,0
SPY190807C291,2019-08-05,2019-08-05 09:41:07,1.01,0.9439,121,1.0,0.9345,1,1.0,0.9345,1,1.005,0.9392,1090,0
SPY190807C291,2019-08-05,2019-08-05 09:41:07,1.01,0.9439,36,1.0,0.9345,1,1.0,0.9345,1,1.005,0.9392,1090,0
SPY190807C291,2019-08-05,2019-08-05 09:41:08,1.01,0.9439,262,1.0,0.9345,1,1.0,0.9345,1,1.005,0.9392,1090,0
SPY190807C291,2019-08-05,2019-08-05 09:41:08,1.01,0.9439,36,1.0,0.9345,1,1.0,0.9345,1,1.005,0.9392,1090,0
SPY190807C291,2019-08-05,2019-08-05 09:41:09,1.03,0.9626,35,1.0,0.9345,1,1.0,0.9345,1,1.015,0.9485,1090,0
SPY190807C291,2019-08-05,2019-08-05 09:41:09,1.02,0.9532,149,1.0,0.9345,234,1.0,0.9345,1,1.01,0.9439,1090,0
SPY190807C291,2019-08-05,2019-08-05 09:41:10,1.02,0.9532,144,1.0,0.9345,1,1.0,0.9345,1,1.01,0.9439,1090,0
SPY190807C291,2019-08-05,2019-08-05 09:41:10,1.02,0.9532,326,1.0,0.9345,1,1.0,0.9345,1,1.01,0.9439,1090,0
SPY190807C291,2019-08-05,2019-08-05 09:41:11,1.01,0.9439,103,1.0,0.9345,1,1.0,0.9345,1,1.005,0.9392,1090,0
SPY190807C291,2019-08-05,2019-08-05 09:41:11,1.02,0.9532,168,1.0,0.9345,1,1.0,0.9345,1,1.01,0.9439,1090,0
SPY190807C291,2019-08-05,2019-08-05 09:41:12,1.02,0.9532,119,1.0,0.9345,319,1.0,0.9345,1,1.01,0.9439,1090,0
SPY190807C291,2019-08-05,2019-08-05 09:41:12,1.03,0.9626,794,1.0,0.9345,70,1.0,0.9345,1,1.015,0.9485,1090,0
SPY190807C291,2019-08-05,2019-08-05 09:41:13,1.01,0.9439,79,1.0,0.9345,70,1.0,0.9345,1,1.005,0.9392,1090,0
SPY190807C291,2019-08-05,2019-08-05 09:41:14,1.01,0.9439,5,1.0,0.9345,1,1.0,0.9345,1,1.005,0.9392,1090,0
SPY190807C291,2019-08-05,2019-08-05 09:41:14,1.01,0.9439,70,1.0,0.9345,70,1.0,0.9345,1,1.005,0.9392,1090,0
SPY190807C291,2019-08-05,2019-08-05 09:41:15,1.01,0.9439,73,1.0,0.9345,1,1.0,0.9345,1,1.005,0.9392,1090,0
SPY190807C291,2019-08-05,2019-08-05 09:41:15,1.01,0.9439,39,1.0,0.9345,1,1.0,0.9345,1,1.005,0.9392,1090,0
SPY190807C291,2019-08-05,2019-08-05 09:41:16,1.01,0.9439,36,1.0,0.9345,1,1.0,0.9345,1,1.005,0.9392,1090,0
SPY190807C291,2019-08-05,2019-08-05 09:41:16,1.01,0.9439,64,1.0,0.9345,5,1.0,0.9345,1,1.005,0.9392,1090,0
SPY190807C291,2019-08-05,2019-08-05 09:41:17,1.01,0.9439,64,1.0,0.9345,5,1.0,0.9345,1,1.005,0.9392,1090,0
SPY190807C291,2019-08-05,2019-08-05 09:41:18,1.01,0.9439,64,1.0,0.9345,1,1.0,0.9345,1,1.005,0.9392,1090,0
SPY190807C291,2019-08-05,2019-08-05 09:41:18,1.01,0.9439,29,1.0,0.9345,1,1.0,0.9345,1,1.005,0.9392,1090,0
SPY190807C291,2019-08-05,2019-08-05 09:41:19,1.01,0.9439,134,0.98,0.9158,499,1.0,0.9345,1,0.995,0.9299,1091,1
SPY190807C291,2019-08-05,2019-08-05 09:41:19,1.0,0.9345,36,0.98,0.9158,371,1.0,0.9345,1,0.99,0.9252,1091,0
SPY190807C291,2019-08-05,2019-08-05 09:41:20,1.0,0.9345,191,0.98,0.9158,479,1.0,0.9345,1,0.99,0.9252,1091,0
SPY190807C291,2019-08-05,2019-08-05 09:41:21,1.0,0.9345,191,0.98,0.9158,479,1.0,0.9345,1,0.99,0.9252,1091,0
SPY190807C291,2019-08-05,2019-08-05 09:41:21,1.0,0.9345,191,0.98,0.9158,359,1.0,0.9345,1,0.99,0.9252,1091,0
SPY190807C291,2019-08-05,2019-08-05 09:41:22,1.0,0.9345,105,0.99,0.9252,86,1.0,0.9345,1,0.995,0.9299,1091,0
SPY190807C291,2019-08-05,2019-08-05 09:41:23,1.01,0.9439,235,0.99,0.9252,182,1.0,0.9345,1,1.0,0.9345,1091,0
SPY190807C291,2019-08-05,2019-08-05 09:41:23,1.0,0.9345,39,0.99,0.9252,256,1.0,0.9345,1,0.995,0.9299,1091,0
SPY190807C291,2019-08-05,2019-08-05 09:41:24,1.0,0.9345,5,0.99,0.9252,182,1.0,0.9345,1,0.995,0.9299,1091,0
SPY190807C291,2019-08-05,2019-08-05 09:41:24,1.0,0.9345,5,0.99,0.9252,203,1.0,0.9345,1,0.995,0.9299,1091,0
SPY190807C291,2019-08-05,2019-08-05 09:41:25,1.01,0.9439,166,0.99,0.9252,447,1.0,0.9345,1,1.0,0.9345,1091,0
SPY190807C291,2019-08-05,2019-08-05 09:41:25,1.0,0.9345,67,0.99,0.9252,264,1.0,0.9345,1,0.995,0.9299,1091,0
SPY190807C291,2019-08-05,2019-08-05 09:41:26,1.01,0.9439,187,0.99,0.9252,765,1.0,0.9345,1,1.0,0.9345,1091,0
SPY190807C291,2019-08-05,2019-08-05 09:41:26,1.01,0.9439,187,0.99,0.9252,790,1.0,0.9345,1,1.0,0.9345,1091,0
SPY190807C291,2019-08-05,2019-08-05 09:41:27,1.01,0.9439,36,1.0,0.9345,5,1.0,0.9345,1,1.005,0.9392,1091,0
SPY190807C291,2019-08-05,2019-08-05 09:41:27,1.01,0.9439,36,0.99,0.9252,800,1.0,0.9345,1,1.0,0.9345,1091,0
SPY190807C291,2019-08-05,2019-08-05 09:41:28,1.01,0.9439,36,1.0,0.9345,333,1.0,0.9345,1,1.005,0.9392,1091,0
SPY190807C291,2019-08-05,2019-08-05 09:41:28,1.01,0.9439,36,1.0,0.9345,5,1.0,0.9345,1,1.005,0.9392,1091,0
SPY190807C291,2019-08-05,2019-08-05 09:41:29,1.03,0.9626,70,1.0,0.9345,454,1.0,0.9345,1,1.015,0.9485,1091,0
SPY190807C291,2019-08-05,2019-08-05 09:41:29,1.02,0.9532,142,1.0,0.9345,457,1.0,0.9345,1,1.01,0.9439,1091,0
SPY190807C291,2019-08-05,2019-08-05 09:41:30,1.03,0.9626,40,1.01,0.9439,150,1.0,0.9345,1,1.02,0.9532,1091,0
SPY190807C291,2019-08-05,2019-08-05 09:41:30,1.03,0.9626,298,1.01,0.9439,138,1.0,0.9345,1,1.02,0.9532,1091,0
SPY190807C291,2019-08-05,2019-08-05 09:41:31,1.03,0.9626,40,1.01,0.9439,75,1.0,0.9345,1,1.02,0.9532,1091,0
SPY190807C291,2019-08-05,2019-08-05 09:41:31,1.03,0.9626,119,1.01,0.9439,364,1.0,0.9345,1,1.02,0.9532,1091,0
SPY190807C291,2019-08-05,2019-08-05 09:41:32,1.03,0.9626,234,1.01,0.9439,132,1.0,0.9345,1,1.02,0.9532,1091,0
SPY190807C291,2019-08-05,2019-08-05 09:41:32,1.03,0.9626,50,1.01,0.9439,116,1.0,0.9345,1,1.02,0.9532,1091,0
SPY190807C291,2019-08-05,2019-08-05 09:41:33,1.03,0.9626,120,1.01,0.9439,830,1.0,0.9345,1,1.02,0.9532,1091,0
SPY190807C291,2019-08-05,2019-08-05 09:41:33,1.03,0.9626,120,1.01,0.9439,116,1.0,0.9345,1,1.02,0.9532,1091,0
SPY190807C291,2019-08-05,2019-08-05 09:41:34,1.04,0.9719,77,1.01,0.9439,228,1.0,0.9345,1,1.025,0.9579,1091,0
SPY190807C291,2019-08-05,2019-08-05 09:41:34,1.03,0.9626,136,1.01,0.9439,150,1.0,0.9345,1,1.02,0.9532,1091,0
SPY190807C291,2019-08-05,2019-08-05 09:41:35,1.03,0.9626,91,1.01,0.9439,782,1.0,0.9345,1,1.02,0.9532,1091,0
SPY190807C291,2019-08-05,2019-08-05 09:41:35,1.02,0.9532,5,1.0,0.9345,165,1.0,0.9345,1,1.01,0.9439,1091,0
SPY190807C291,2019-08-05,2019-08-05 09:41:36,1.02,0.9532,5,1.01,0.9439,65,1.0,0.9345,1,1.015,0.9485,1091,0
SPY190807C291,2019-08-05,2019-08-05 09:41:36,1.02,0.9532,36,1.01,0.9439,70,1.0,0.9345,1,1.015,0.9485,1091,0
SPY190807C291,2019-08-05,2019-08-05 09:41:37,1.01,0.9439,17,1.0,0.9345,656,1.0,0.9345,1,1.005,0.9392,1091,0
SPY190807C291,2019-08-05,2019-08-05 09:41:37,1.01,0.9439,17,1.01,0.9439,102,1.0,0.9345,1,1.01,0.9439,1091,0
SPY190807C291,2019-08-05,2019-08-05 09:41:38,1.01,0.9439,17,1.0,0.9345,656,1.0,0.9345,1,1.005,0.9392,1091,0
SPY190807C291,2019-08-05,2019-08-05 09:41:38,1.01,0.9439,71,1.0,0.9345,100,1.0,0.9345,1,1.005,0.9392,1091,0
SPY190807C291,2019-08-05,2019-08-05 09:41:39,1.01,0.9439,71,1.0,0.9345,10,1.0,0.9345,1,1.005,0.9392,1091,0
SPY190807C291,2019-08-05,2019-08-05 09:41:39,1.02,0.9532,203,1.0,0.9345,15,1.0,0.9345,1,1.01,0.9439,1091,0
SPY190807C291,2019-08-05,2019-08-05 09:41:40,1.01,0.9439,17,1.0,0.9345,15,1.0,0.9345,1,1.005,0.9392,1091,0
SPY190807C291,2019-08-05,2019-08-05 09:41:41,1.01,0.9439,36,1.0,0.9345,10,1.0,0.9345,1,1.005,0.9392,1091,0
SPY190807C291,2019-08-05,2019-08-05 09:41:41,1.01,0.9439,23,1.0,0.9345,50,1.0,0.9345,1,1.005,0.9392,1091,0
SPY190807C291,2019-08-05,2019-08-05 09:41:42,1.01,0.9439,27,1.0,0.9345,15,1.0,0.9345,1,1.005,0.9392,1091,0
SPY190807C291,2019-08-05,2019-08-05 09:41:42,1.01,0.9439,40,1.0,0.9345,10,1.0,0.9345,1,1.005,0.9392,1091,0
SPY190807C291,2019-08-05,2019-08-05 09:41:43,1.01,0.9439,152,1.0,0.9345,10,1.0,0.9345,1,1.005,0.9392,1091,0
SPY190807C291,2019-08-05,2019-08-05 09:41:44,1.01,0.9439,152,1.0,0.9345,10,1.0,0.9345,1,1.005,0.9392,1091,0
SPY190807C291,2019-08-05,2019-08-05 09:41:45,1.01,0.9439,222,1.0,0.9345,10,1.0,0.9345,1,1.005,0.9392,1091,0
SPY190807C291,2019-08-05,2019-08-05 09:41:45,1.01,0.9439,304,1.0,0.9345,10,1.0,0.9345,1,1.005,0.9392,1091,0
SPY190807C291,2019-08-05,2019-08-05 09:41:46,1.0,0.9345,196,0.98,0.9158,230,1.0,0.9345,1,0.99,0.9252,1102,11
SPY190807C291,2019-08-05,2019-08-05 09:41:46,1.01,0.9439,663,1.0,0.9345,10,1.0,0.9345,1,1.005,0.9392,1091,0
SPY190807C291,2019-08-05,2019-08-05 09:41:47,1.0,0.9345,269,0.98,0.9158,8,1.0,0.9345,1,0.99,0.9252,1102,0
SPY190807C291,2019-08-05,2019-08-05 09:41:47,0.99,0.9252,106,0.98,0.9158,8,1.0,0.9345,1,0.985,0.9205,1102,0
SPY190807C291,2019-08-05,2019-08-05 09:41:48,0.99,0.9252,75,0.98,0.9158,8,1.0,0.9345,1,0.985,0.9205,1102,0
SPY190807C291,2019-08-05,2019-08-05 09:41:48,1.0,0.9345,432,0.98,0.9158,8,1.0,0.9345,1,0.99,0.9252,1102,0
SPY190807C291,2019-08-05,2019-08-05 09:41:49,0.99,0.9252,50,0.98,0.9158,8,1.0,0.9345,1,0.985,0.9205,1102,0
SPY190807C291,2019-08-05,2019-08-05 09:41:49,0.99,0.9252,88,0.98,0.9158,8,1.0,0.9345,1,0.985,0.9205,1102,0
SPY190807C291,2019-08-05,2019-08-05 09:41:50,0.99,0.9252,150,0.98,0.9158,8,1.0,0.9345,1,0.985,0.9205,1102,0
SPY190807C291,2019-08-05,2019-08-05 09:41:50,0.99,0.9252,584,0.98,0.9158,8,1.0,0.9345,1,0.985,0.9205,1102,0
SPY190807C291,2019-08-05,2019-08-05 09:41:51,0.99,0.9252,838,0.97,0.9065,204,0.98,0.9158,8,0.98,0.9158,1110,8
SPY190807C291,2019-08-05,2019-08-05 09:41:51,0.98,0.9158,273,0.97,0.9065,204,0.98,0.9158,8,0.975,0.9112,1110,0
SPY190807C291,2019-08-05,2019-08-05 09:41:52,0.98,0.9158,273,0.97,0.9065,114,0.98,0.9158,8,0.975,0.9112,1110,0
SPY190807C291,2019-08-05,2019-08-05 09:41:52,0.97,0.9065,236,0.96,0.8971,274,0.96,0.8971,2,0.965,0.9018,1112,2
SPY190807C291,2019-08-05,2019-08-05 09:41:53,0.96,0.8971,89,0.95,0.8878,228,0.96,0.8971,2,0.955,0.8925,1112,0
SPY190807C291,2019-08-05,2019-08-05 09:41:54,0.96,0.8971,97,0.95,0.8878,228,0.96,0.8971,2,0.955,0.8925,1112,0
SPY190807C291,2019-08-05,2019-08-05 09:41:55,0.96,0.8971,66,0.95,0.8878,298,0.96,0.8971,2,0.955,0.8925,1112,0
SPY190807C291,2019-08-05,2019-08-05 09:41:55,0.96,0.8971,97,0.95,0.8878,326,0.96,0.8971,2,0.955,0.8925,1112,0
SPY190807C291,2019-08-05,2019-08-05 09:41:56,0.96,0.8971,5,0.95,0.8878,298,0.96,0.8971,5,0.955,0.8925,1117,5
SPY190807C291,2019-08-05,2019-08-05 09:41:56,0.96,0.8971,235,0.95,0.8878,228,0.96,0.8971,5,0.955,0.8925,1117,0
SPY190807C291,2019-08-05,2019-08-05 09:41:57,0.97,0.9065,90,0.95,0.8878,321,0.96,0.8971,5,0.96,0.8971,1117,0
SPY190807C291,2019-08-05,2019-08-05 09:41:57,0.96,0.8971,43,0.95,0.8878,402,0.96,0.8971,5,0.955,0.8925,1117,0
SPY190807C291,2019-08-05,2019-08-05 09:41:58,0.96,0.8971,67,0.95,0.8878,402,0.96,0.8971,5,0.955,0.8925,1117,0
SPY190807C291,2019-08-05,2019-08-05 09:41:58,0.96,0.8971,20,0.95,0.8878,402,0.96,0.8971,5,0.955,0.8925,1117,0
SPY190807C291,2019-08-05,2019-08-05 09:41:59,0.96,0.8971,20,0.95,0.8878,402,0.96,0.8971,5,0.955,0.8925,1117,0
SPY190807C291,2019-08-05,2019-08-05 09:42:00,0.96,0.8971,20,0.95,0.8878,402,0.96,0.8971,5,0.955,0.8925,1117,0
SPY190807C291,2019-08-05,2019-08-05 09:42:00,0.96,0.8971,109,0.95,0.8878,298,0.96,0.8971,10,0.955,0.8925,1127,10
SPY190807C291,2019-08-05,2019-08-05 09:42:01,0.96,0.8971,109,0.95,0.8878,298,0.96,0.8971,10,0.955,0.8925,1127,0
SPY190807C291,2019-08-05,2019-08-05 09:42:01,0.96,0.8971,109,0.95,0.8878,235,0.96,0.8971,10,0.955,0.8925,1127,0
SPY190807C291,2019-08-05,2019-08-05 09:42:02,0.96,0.8971,109,0.95,0.8878,235,0.96,0.8971,10,0.955,0.8925,1127,0
SPY190807C291,2019-08-05,2019-08-05 09:42:02,0.96,0.8971,157,0.95,0.8878,182,0.96,0.8971,10,0.955,0.8925,1127,0
SPY190807C291,2019-08-05,2019-08-05 09:42:03,0.96,0.8971,146,0.95,0.8878,182,0.96,0.8971,10,0.955,0.8925,1127,0
SPY190807C291,2019-08-05,2019-08-05 09:42:04,0.96,0.8971,50,0.95,0.8878,86,0.96,0.8971,10,0.955,0.8925,1127,0
SPY190807C291,2019-08-05,2019-08-05 09:42:05,0.96,0.8971,36,0.94,0.8785,668,0.95,0.8878,1,0.95,0.8878,1128,0
SPY190807C291,2019-08-05,2019-08-05 09:42:05,0.96,0.8971,168,0.94,0.8785,816,0.95,0.8878,1,0.95,0.8878,1128,1
SPY190807C291,2019-08-05,2019-08-05 09:42:06,0.96,0.8971,305,0.94,0.8785,331,0.95,0.8878,1,0.95,0.8878,1128,0
SPY190807C291,2019-08-05,2019-08-05 09:42:06,0.95,0.8878,64,0.94,0.8785,326,0.95,0.8878,1,0.945,0.8831,1128,0
SPY190807C291,2019-08-05,2019-08-05 09:42:07,0.95,0.8878,36,0.94,0.8785,279,0.95,0.8878,1,0.945,0.8831,1128,0
SPY190807C291,2019-08-05,2019-08-05 09:42:07,0.95,0.8878,36,0.94,0.8785,380,0.95,0.8878,1,0.945,0.8831,1128,0
SPY190807C291,2019-08-05,2019-08-05 09:42:08,0.95,0.8878,36,0.94,0.8785,323,0.95,0.8878,1,0.945,0.8831,1128,0
SPY190807C291,2019-08-05,2019-08-05 09:42:09,0.96,0.8971,168,0.95,0.8878,273,0.95,0.8878,1,0.955,0.8925,1128,0
SPY190807C291,2019-08-05,2019-08-05 09:42:09,0.97,0.9065,405,0.94,0.8785,374,0.95,0.8878,1,0.955,0.8925,1128,0
SPY190807C291,2019-08-05,2019-08-05 09:42:10,0.96,0.8971,111,0.95,0.8878,21,0.95,0.8878,1,0.955,0.8925,1128,0
SPY190807C291,2019-08-05,2019-08-05 09:42:10,0.96,0.8971,27,0.95,0.8878,93,0.95,0.8878,1,0.955,0.8925,1128,0
SPY190807C291,2019-08-05,2019-08-05 09:42:11,0.96,0.8971,210,0.95,0.8878,21,0.95,0.8878,1,0.955,0.8925,1128,0
SPY190807C291,2019-08-05,2019-08-05 09:42:11,0.96,0.8971,315,0.95,0.8878,21,0.95,0.8878,1,0.955,0.8925,1128,0
SPY190807C291,2019-08-05,2019-08-05 09:42:12,0.95,0.8878,215,0.95,0.8878,21,0.95,0.8878,21,0.95,0.8878,1149,21
SPY190807C291,2019-08-05,2019-08-05 09:42:12,0.95,0.8878,303,0.95,0.8878,21,0.95,0.8878,21,0.95,0.8878,1149,0
SPY190807C291,2019-08-05,2019-08-05 09:42:13,0.95,0.8878,233,0.94,0.8785,1,0.97,0.9065,1,0.945,0.8831,1155,6
SPY190807C291,2019-08-05,2019-08-05 09:42:13,0.95,0.8878,233,0.94,0.8785,1,0.97,0.9065,1,0.945,0.8831,1155,0
SPY190807C291,2019-08-05,2019-08-05 09:42:14,0.95,0.8878,245,0.94,0.8785,1,0.97,0.9065,1,0.945,0.8831,1155,0
SPY190807C291,2019-08-05,2019-08-05 09:42:14,0.95,0.8878,100,0.94,0.8785,86,0.97,0.9065,1,0.945,0.8831,1155,0
SPY190807C291,2019-08-05,2019-08-05 09:42:15,0.95,0.8878,392,0.94,0.8785,1,0.97,0.9065,1,0.945,0.8831,1155,0
SPY190807C291,2019-08-05,2019-08-05 09:42:16,0.95,0.8878,879,0.94,0.8785,1,0.97,0.9065,1,0.945,0.8831,1155,0
SPY190807C291,2019-08-05,2019-08-05 09:42:16,0.95,0.8878,825,0.94,0.8785,1,0.97,0.9065,1,0.945,0.8831,1155,0
SPY190807C291,2019-08-05,2019-08-05 09:42:17,0.95,0.8878,777,0.94,0.8785,1,0.97,0.9065,1,0.945,0.8831,1155,0
SPY190807C291,2019-08-05,2019-08-05 09:42:17,0.95,0.8878,663,0.94,0.8785,1,0.97,0.9065,1,0.945,0.8831,1155,0
SPY190807C291,2019-08-05,2019-08-05 09:42:18,0.95,0.8878,209,0.94,0.8785,1,0.97,0.9065,1,0.945,0.8831,1155,0
SPY190807C291,2019-08-05,2019-08-05 09:42:18,0.95,0.8878,360,0.94,0.8785,1,0.97,0.9065,1,0.945,0.8831,1155,0
SPY190807C291,2019-08-05,2019-08-05 09:42:19,0.95,0.8878,360,0.94,0.8785,1,0.97,0.9065,1,0.945,0.8831,1155,0
SPY190807C291,2019-08-05,2019-08-05 09:42:20,0.96,0.8971,2,0.94,0.8785,1,0.97,0.9065,1,0.95,0.8878,1155,0
SPY190807C291,2019-08-05,2019-08-05 09:42:20,0.95,0.8878,360,0.94,0.8785,1,0.97,0.9065,1,0.945,0.8831,1155,0
SPY190807C291,2019-08-05,2019-08-05 09:42:21,0.96,0.8971,222,0.94,0.8785,151,0.97,0.9065,1,0.95,0.8878,1155,0
SPY190807C291,2019-08-05,2019-08-05 09:42:21,0.96,0.8971,2,0.94,0.8785,179,0.97,0.9065,1,0.95,0.8878,1155,0
SPY190807C291,2019-08-05,2019-08-05 09:42:22,0.95,0.8878,5,0.94,0.8785,224,0.97,0.9065,1,0.945,0.8831,1155,0
SPY190807C291,2019-08-05,2019-08-05 09:42:22,0.96,0.8971,2,0.94,0.8785,224,0.97,0.9065,1,0.95,0.8878,1155,0
SPY190807C291,2019-08-05,2019-08-05 09:42:23,0.96,0.8971,41,0.95,0.8878,186,0.97,0.9065,1,0.955,0.8925,1155,0
SPY190807C291,2019-08-05,2019-08-05 09:42:23,0.96,0.8971,245,0.95,0.8878,357,0.97,0.9065,1,0.955,0.8925,1155,0
SPY190807C291,2019-08-05,2019-08-05 09:42:24,0.96,0.8971,5,0.95,0.8878,461,0.97,0.9065,1,0.955,0.8925,1155,0
SPY190807C291,2019-08-05,2019-08-05 09:42:24,0.96,0.8971,86,0.95,0.8878,264,0.97,0.9065,1,0.955,0.8925,1155,0
SPY190807C291,2019-08-05,2019-08-05 09:42:25,0.96,0.8971,5,0.95,0.8878,264,0.97,0.9065,1,0.955,0.8925,1155,0
SPY190807C291,2019-08-05,2019-08-05 09:42:26,0.96,0.8971,27,0.95,0.8878,357,0.97,0.9065,1,0.955,0.8925,1155,0
SPY190807C291,2019-08-05,2019-08-05 09:42:26,0.96,0.8971,67,0.95,0.8878,264,0.97,0.9065,1,0.955,0.8925,1155,0
SPY190807C291,2019-08-05,2019-08-05 09:42:27,0.96,0.8971,143,0.95,0.8878,343,0.97,0.9065,1,0.955,0.8925,1155,0
SPY190807C291,2019-08-05,2019-08-05 09:42:27,0.97,0.9065,218,0.95,0.8878,343,0.97,0.9065,1,0.96,0.8971,1155,0
SPY190807C291,2019-08-05,2019-08-05 09:42:28,0.97,0.9065,233,0.96,0.8971,249,0.97,0.9065,1,0.965,0.9018,1155,0
SPY190807C291,2019-08-05,2019-08-05 09:42:28,0.97,0.9065,18,0.95,0.8878,343,0.97,0.9065,1,0.96,0.8971,1155,0
SPY190807C291,2019-08-05,2019-08-05 09:42:29,0.97,0.9065,279,0.95,0.8878,265,0.97,0.9065,1,0.96,0.8971,1155,0
SPY190807C291,2019-08-05,2019-08-05 09:42:29,0.97,0.9065,77,0.95,0.8878,265,0.97,0.9065,1,0.96,0.8971,1155,0
SPY190807C291,2019-08-05,2019-08-05 09:42:30,0.96,0.8971,240,0.95,0.8878,265,0.97,0.9065,1,0.955,0.8925,1155,0
SPY190807C291,2019-08-05,2019-08-05 09:42:30,0.96,0.8971,18,0.95,0.8878,265,0.97,0.9065,1,0.955,0.8925,1155,0
SPY190807C291,2019-08-05,2019-08-05 09:42:31,0.96,0.8971,240,0.95,0.8878,230,0.97,0.9065,1,0.955,0.8925,1155,0
SPY190807C291,2019-08-05,2019-08-05 09:42:31,0.97,0.9065,240,0.95,0.8878,248,0.97,0.9065,1,0.96,0.8971,1155,0
SPY190807C291,2019-08-05,2019-08-05 09:42:32,0.96,0.8971,5,0.94,0.8785,480,0.97,0.9065,1,0.95,0.8878,1155,0
SPY190807C291,2019-08-05,2019-08-05 09:42:32,0.97,0.9065,240,0.95,0.8878,248,0.97,0.9065,1,0.96,0.8971,1155,0
SPY190807C291,2019-08-05,2019-08-05 09:42:33,0.97,0.9065,204,0.95,0.8878,205,0.97,0.9065,1,0.96,0.8971,1155,0
SPY190807C291,2019-08-05,2019-08-05 09:42:33,0.98,0.9158,562,0.95,0.8878,87,0.97,0.9065,1,0.965,0.9018,1155,0
SPY190807C291,2019-08-05,2019-08-05 09:42:34,0.96,0.8971,227,0.95,0.8878,276,0.97,0.9065,1,0.955,0.8925,1155,0
SPY190807C291,2019-08-05,2019-08-05 09:42:34,0.96,0.8971,100,0.95,0.8878,276,0.97,0.9065,1,0.955,0.8925,1155,0
SPY190807C291,2019-08-05,2019-08-05 09:42:35,0.96,0.8971,5,0.95,0.8878,276,0.97,0.9065,1,0.955,0.8925,1155,0
SPY190807C291,2019-08-05,2019-08-05 09:42:35,0.96,0.8971,244,0.95,0.8878,70,0.97,0.9065,1,0.955,0.8925,1155,0
SPY190807C291,2019-08-05,2019-08-05 09:42:36,0.95,0.8878,5,0.94,0.8785,633,0.97,0.9065,1,0.945,0.8831,1155,0
SPY190807C291,2019-08-05,2019-08-05 09:42:36,0.95,0.8878,197,0.94,0.8785,250,0.97,0.9065,1,0.945,0.8831,1155,0
SPY190807C291,2019-08-05,2019-08-05 09:42:37,0.95,0.8878,244,0.94,0.8785,2,0.97,0.9065,1,0.945,0.8831,1155,0
SPY190807C291,2019-08-05,2019-08-05 09:42:38,0.95,0.8878,309,0.94,0.8785,2,0.97,0.9065,1,0.945,0.8831,1155,0
SPY190807C291,2019-08-05,2019-08-05 09:42:38,0.95,0.8878,343,0.94,0.8785,2,0.97,0.9065,1,0.945,0.8831,1155,0
SPY190807C291,2019-08-05,2019-08-05 09:42:39,0.95,0.8878,118,0.94,0.8785,2,0.97,0.9065,1,0.945,0.8831,1155,0
SPY190807C291,2019-08-05,2019-08-05 09:42:39,0.95,0.8878,343,0.94,0.8785,2,0.97,0.9065,1,0.945,0.8831,1155,0
SPY190807C291,2019-08-05,2019-08-05 09:42:40,0.95,0.8878,227,0.94,0.8785,87,0.97,0.9065,1,0.945,0.8831,1155,0
SPY190807C291,2019-08-05,2019-08-05 09:42:41,0.95,0.8878,227,0.94,0.8785,87,0.97,0.9065,1,0.945,0.8831,1155,0
SPY190807C291,2019-08-05,2019-08-05 09:42:41,0.95,0.8878,434,0.94,0.8785,2,0.97,0.9065,1,0.945,0.8831,1155,0
SPY190807C291,2019-08-05,2019-08-05 09:42:42,0.95,0.8878,434,0.94,0.8785,2,0.97,0.9065,1,0.945,0.8831,1155,0
SPY190807C291,2019-08-05,2019-08-05 09:42:42,0.95,0.8878,245,0.94,0.8785,2,0.97,0.9065,1,0.945,0.8831,1155,0
SPY190807C291,2019-08-05,2019-08-05 09:42:43,0.95,0.8878,5,0.94,0.8785,216,0.97,0.9065,1,0.945,0.8831,1155,0
SPY190807C291,2019-08-05,2019-08-05 09:42:43,0.95,0.8878,244,0.94,0.8785,87,0.97,0.9065,1,0.945,0.8831,1155,0
SPY190807C291,2019-08-05,2019-08-05 09:42:44,0.95,0.8878,244,0.94,0.8785,324,0.97,0.9065,1,0.945,0.8831,1155,0
SPY190807C291,2019-08-05,2019-08-05 09:42:44,0.95,0.8878,244,0.94,0.8785,216,0.97,0.9065,1,0.945,0.8831,1155,0
SPY190807C291,2019-08-05,2019-08-05 09:42:45,0.95,0.8878,244,0.94,0.8785,236,0.97,0.9065,1,0.945,0.8831,1155,0
SPY190807C291,2019-08-05,2019-08-05 09:42:45,0.95,0.8878,5,0.94,0.8785,397,0.97,0.9065,1,0.945,0.8831,1155,0
SPY190807C291,2019-08-05,2019-08-05 09:42:46,0.96,0.8971,244,0.94,0.8785,831,0.97,0.9065,1,0.95,0.8878,1155,0
SPY190807C291,2019-08-05,2019-08-05 09:42:46,0.95,0.8878,206,0.94,0.8785,236,0.97,0.9065,1,0.945,0.8831,1155,0
SPY190807C291,2019-08-05,2019-08-05 09:42:47,0.95,0.8878,5,0.94,0.8785,831,0.97,0.9065,1,0.945,0.8831,1155,0
SPY190807C291,2019-08-05,2019-08-05 09:42:48,0.95,0.8878,36,0.94,0.8785,100,0.97,0.9065,1,0.945,0.8831,1155,0
SPY190807C291,2019-08-05,2019-08-05 09:42:48,0.95,0.8878,5,0.94,0.8785,2,0.97,0.9065,1,0.945,0.8831,1155,0
SPY190807C291,2019-08-05,2019-08-05 09:42:49,0.95,0.8878,244,0.94,0.8785,2,0.97,0.9065,1,0.945,0.8831,1155,0
SPY190807C291,2019-08-05,2019-08-05 09:42:49,0.95,0.8878,36,0.94,0.8785,2,0.97,0.9065,1,0.945,0.8831,1155,0
SPY190807C291,2019-08-05,2019-08-05 09:42:50,0.94,0.8785,240,0.92,0.8598,578,0.94,0.8785,2,0.93,0.8691,1158,3
SPY190807C291,2019-08-05,2019-08-05 09:42:50,0.95,0.8878,289,0.94,0.8785,2,0.97,0.9065,1,0.945,0.8831,1155,0
SPY190807C291,2019-08-05,2019-08-05 09:42:51,0.93,0.8691,5,0.92,0.8598,578,0.94,0.8785,2,0.925,0.8644,1158,0
SPY190807C291,2019-08-05,2019-08-05 09:42:51,0.93,0.8691,134,0.92,0.8598,205,0.94,0.8785,2,0.925,0.8644,1158,0
SPY190807C291,2019-08-05,2019-08-05 09:42:52,0.93,0.8691,134,0.92,0.8598,187,0.94,0.8785,2,0.925,0.8644,1158,0
SPY190807C291,2019-08-05,2019-08-05 09:42:53,0.92,0.8598,84,0.91,0.8504,706,0.94,0.8785,2,0.915,0.8551,1158,0
SPY190807C291,2019-08-05,2019-08-05 09:42:53,0.92,0.8598,84,0.91,0.8504,745,0.94,0.8785,2,0.915,0.8551,1158,0
SPY190807C291,2019-08-05,2019-08-05 09:42:54,0.92,0.8598,84,0.91,0.8504,706,0.94,0.8785,2,0.915,0.8551,1158,0
SPY190807C291,2019-08-05,2019-08-05 09:42:55,0.93,0.8691,244,0.91,0.8504,706,0.94,0.8785,8,0.92,0.8598,1168,0
SPY190807C291,2019-08-05,2019-08-05 09:42:55,0.93,0.8691,244,0.91,0.8504,706,0.94,0.8785,8,0.92,0.8598,1168,10
SPY190807C291,2019-08-05,2019-08-05 09:42:56,0.94,0.8785,100,0.92,0.8598,87,0.92,0.8598,1,0.93,0.8691,1169,1
SPY190807C291,2019-08-05,2019-08-05 09:42:56,0.93,0.8691,244,0.92,0.8598,87,0.94,0.8785,8,0.925,0.8644,1168,0
SPY190807C291,2019-08-05,2019-08-05 09:42:57,0.93,0.8691,244,0.92,0.8598,186,0.92,0.8598,1,0.925,0.8644,1169,0
SPY190807C291,2019-08-05,2019-08-05 09:42:57,0.92,0.8598,5,0.92,0.8598,186,0.92,0.8598,1,0.92,0.8598,1169,0
SPY190807C291,2019-08-05,2019-08-05 09:42:58,0.92,0.8598,5,0.91,0.8504,186,0.92,0.8598,1,0.915,0.8551,1169,0
SPY190807C291,2019-08-05,2019-08-05 09:42:58,0.92,0.8598,279,0.9,0.8411,647,0.92,0.8598,1,0.91,0.8504,1169,0
SPY190807C291,2019-08-05,2019-08-05 09:42:59,0.92,0.8598,279,0.9,0.8411,647,0.92,0.8598,1,0.91,0.8504,1169,0
SPY190807C291,2019-08-05,2019-08-05 09:43:00,0.92,0.8598,246,0.91,0.8504,91,0.92,0.8598,1,0.915,0.8551,1169,0
SPY190807C291,2019-08-05,2019-08-05 09:43:00,0.92,0.8598,463,0.9,0.8411,647,0.92,0.8598,1,0.91,0.8504,1169,0
SPY190807C291,2019-08-05,2019-08-05 09:43:01,0.92,0.8598,1,0.9,0.8411,281,0.92,0.8598,1,0.91,0.8504,1169,0
SPY190807C291,2019-08-05,2019-08-05 09:43:01,0.92,0.8598,210,0.91,0.8504,327,0.92,0.8598,1,0.915,0.8551,1169,0
SPY190807C291,2019-08-05,2019-08-05 09:43:02,0.92,0.8598,210,0.91,0.8504,263,0.92,0.8598,1,0.915,0.8551,1169,0
SPY190807C291,2019-08-05,2019-08-05 09:43:02,0.92,0.8598,245,0.91,0.8504,298,0.92,0.8598,1,0.915,0.8551,1169,0
SPY190807C291,2019-08-05,2019-08-05 09:43:03,0.92,0.8598,100,0.91,0.8504,298,0.92,0.8598,1,0.915,0.8551,1169,0
SPY190807C291,2019-08-05,2019-08-05 09:43:03,0.92,0.8598,245,0.91,0.8504,87,0.92,0.8598,1,0.915,0.8551,1169,0
SPY190807C291,2019-08-05,2019-08-05 09:43:04,0.92,0.8598,245,0.91,0.8504,87,0.92,0.8598,1,0.915,0.8551,1169,0
SPY190807C291,2019-08-05,2019-08-05 09:43:05,0.92,0.8598,280,0.91,0.8504,87,0.92,0.8598,1,0.915,0.8551,1169,0
SPY190807C291,2019-08-05,2019-08-05 09:43:05,0.92,0.8598,245,0.91,0.8504,87,0.92,0.8598,1,0.915,0.8551,1169,0
SPY190807C291,2019-08-05,2019-08-05 09:43:06,0.92,0.8598,280,0.91,0.8504,87,0.92,0.8598,24,0.915,0.8551,1229,60
SPY190807C291,2019-08-05,2019-08-05 09:43:06,0.92,0.8598,327,0.91,0.8504,87,0.92,0.8598,24,0.915,0.8551,1229,0
SPY190807C291,2019-08-05,2019-08-05 09:43:07,0.92,0.8598,65,0.9,0.8411,301,0.92,0.8598,24,0.91,0.8504,1229,0
SPY190807C291,2019-08-05,2019-08-05 09:43:07,0.92,0.8598,393,0.91,0.8504,87,0.92,0.8598,24,0.915,0.8551,1229,0
SPY190807C291,2019-08-05,2019-08-05 09:43:08,0.92,0.8598,6,0.91,0.8504,246,0.91,0.8504,5,0.915,0.8551,1239,5
SPY190807C291,2019-08-05,2019-08-05 09:43:08,0.91,0.8504,151,0.9,0.8411,842,0.91,0.8504,5,0.905,0.8457,1234,5
SPY190807C291,2019-08-05,2019-08-05 09:43:09,0.92,0.8598,6,0.91,0.8504,186,0.91,0.8504,5,0.915,0.8551,1239,0
SPY190807C291,2019-08-05,2019-08-05 09:43:10,0.92,0.8598,219,0.91,0.8504,186,0.91,0.8504,5,0.915,0.8551,1239,0
SPY190807C291,2019-08-05,2019-08-05 09:43:10,0.92,0.8598,6,0.91,0.8504,240,0.91,0.8504,5,0.915,0.8551,1239,0
SPY190807C291,2019-08-05,2019-08-05 09:43:11,0.92,0.8598,213,0.91,0.8504,360,0.91,0.8504,5,0.915,0.8551,1239,0
SPY190807C291,2019-08-05,2019-08-05 09:43:11,0.92,0.8598,213,0.91,0.8504,345,0.91,0.8504,5,0.915,0.8551,1239,0
SPY190807C291,2019-08-05,2019-08-05 09:43:12,0.92,0.8598,190,0.91,0.8504,376,0.91,0.8504,5,0.915,0.8551,1239,0
SPY190807C291,2019-08-05,2019-08-05 09:43:12,0.92,0.8598,155,0.91,0.8504,376,0.92,0.8598,1,0.915,0.8551,1240,1
SPY190807C291,2019-08-05,2019-08-05 09:43:13,0.93,0.8691,36,0.91,0.8504,408,0.92,0.8598,1,0.92,0.8598,1246,0
SPY190807C291,2019-08-05,2019-08-05 09:43:13,0.92,0.8598,5,0.92,0.8598,1,0.92,0.8598,1,0.92,0.8598,1246,6
SPY190807C291,2019-08-05,2019-08-05 09:43:14,0.93,0.8691,5,0.92,0.8598,142,0.92,0.8598,1,0.925,0.8644,1246,0
SPY190807C291,2019-08-05,2019-08-05 09:43:15,0.93,0.8691,5,0.92,0.8598,225,0.92,0.8598,1,0.925,0.8644,1246,0
SPY190807C291,2019-08-05,2019-08-05 09:43:15,0.93,0.8691,194,0.92,0.8598,338,0.92,0.8598,1,0.925,0.8644,1246,0
SPY190807C291,2019-08-05,2019-08-05 09:43:16,0.93,0.8691,221,0.92,0.8598,334,0.92,0.8598,1,0.925,0.8644,1246,0
SPY190807C291,2019-08-05,2019-08-05 09:43:16,0.93,0.8691,221,0.92,0.8598,338,0.92,0.8598,1,0.925,0.8644,1246,0
SPY190807C291,2019-08-05,2019-08-05 09:43:17,0.93,0.8691,50,0.92,0.8598,334,0.92,0.8598,1,0.925,0.8644,1246,0
SPY190807C291,2019-08-05,2019-08-05 09:43:17,0.93,0.8691,150,0.9,0.8411,192,0.92,0.8598,1,0.915,0.8551,1246,0
SPY190807C291,2019-08-05,2019-08-05 09:43:18,0.92,0.8598,5,0.91,0.8504,186,0.92,0.8598,1,0.915,0.8551,1246,0
SPY190807C291,2019-08-05,2019-08-05 09:43:18,0.93,0.8691,260,0.91,0.8504,186,0.92,0.8598,1,0.92,0.8598,1246,0
SPY190807C291,2019-08-05,2019-08-05 09:43:19,0.92,0.8598,1,0.91,0.8504,186,0.92,0.8598,1,0.915,0.8551,1246,0
SPY190807C291,2019-08-05,2019-08-05 09:43:20,0.92,0.8598,100,0.91,0.8504,186,0.92,0.8598,1,0.915,0.8551,1246,0
SPY190807C291,2019-08-05,2019-08-05 09:43:20,0.92,0.8598,100,0.9,0.8411,215,0.92,0.8598,1,0.91,0.8504,1246,0
SPY190807C291,2019-08-05,2019-08-05 09:43:21,0.91,0.8504,5,0.9,0.8411,88,0.92,0.8598,1,0.905,0.8457,1246,0
SPY190807C291,2019-08-05,2019-08-05 09:43:22,0.91,0.8504,5,0.9,0.8411,10,0.92,0.8598,1,0.905,0.8457,1246,0
SPY190807C291,2019-08-05,2019-08-05 09:43:23,0.91,0.8504,253,0.9,0.8411,10,0.92,0.8598,1,0.905,0.8457,1246,0
SPY190807C291,2019-08-05,2019-08-05 09:43:23,0.91,0.8504,5,0.9,0.8411,10,0.92,0.8598,1,0.905,0.8457,1246,0
SPY190807C291,2019-08-05,2019-08-05 09:43:24,0.91,0.8504,253,0.9,0.8411,10,0.92,0.8598,1,0.905,0.8457,1246,0
SPY190807C291,2019-08-05,2019-08-05 09:43:25,0.91,0.8504,333,0.9,0.8411,10,0.9,0.8411,10,0.905,0.8457,1256,10
SPY190807C291,2019-08-05,2019-08-05 09:43:25,0.91,0.8504,254,0.89,0.8317,277,0.9,0.8411,1,0.9,0.8411,1271,15
SPY190807C291,2019-08-05,2019-08-05 09:43:26,0.9,0.8411,253,0.88,0.8224,289,0.9,0.8411,1,0.89,0.8317,1271,0
SPY190807C291,2019-08-05,2019-08-05 09:43:26,0.91,0.8504,731,0.88,0.8224,291,0.9,0.8411,1,0.895,0.8364,1271,0
SPY190807C291,2019-08-05,2019-08-05 09:43:27,0.89,0.8317,5,0.88,0.8224,261,0.9,0.8411,1,0.885,0.8271,1271,0
SPY190807C291,2019-08-05,2019-08-05 09:43:28,0.89,0.8317,5,0.88,0.8224,181,0.9,0.8411,1,0.885,0.8271,1271,0
SPY190807C291,2019-08-05,2019-08-05 09:43:28,0.89,0.8317,136,0.87,0.813,174,0.9,0.8411,1,0.88,0.8224,1271,0
SPY190807C291,2019-08-05,2019-08-05 09:43:29,0.88,0.8224,5,0.87,0.813,277,0.9,0.8411,1,0.875,0.8177,1271,0
SPY190807C291,2019-08-05,2019-08-05 09:43:29,0.89,0.8317,133,0.87,0.813,210,0.9,0.8411,1,0.88,0.8224,1271,0
SPY190807C291,2019-08-05,2019-08-05 09:43:30,0.88,0.8224,5,0.87,0.813,578,0.9,0.8411,1,0.875,0.8177,1271,0
SPY190807C291,2019-08-05,2019-08-05 09:43:30,0.88,0.8224,5,0.87,0.813,578,0.88,0.8224,2,0.875,0.8177,1273,2
SPY190807C291,2019-08-05,2019-08-05 09:43:31,0.88,0.8224,5,0.87,0.813,15,0.88,0.8224,2,0.875,0.8177,1273,0
SPY190807C291,2019-08-05,2019-08-05 09:43:31,0.89,0.8317,5,0.88,0.8224,123,0.88,0.8224,2,0.885,0.8271,1273,0
SPY190807C291,2019-08-05,2019-08-05 09:43:32,0.89,0.8317,253,0.88,0.8224,100,0.88,0.8224,2,0.885,0.8271,1273,0
SPY190807C291,2019-08-05,2019-08-05 09:43:32,0.9,0.8411,336,0.87,0.813,683,0.88,0.8224,2,0.885,0.8271,1273,0
