symbol,Date,quote_time,ask_price,norm_ask_price,ask_size,bid_price,norm_bid_price,bid_size,last_trade_price,norm_last_trade_price,last_trade_size,mark_price,norm_mark_price,volume,Volume
IWM191115C158,2019-11-13,2019-11-13 09:30:03,5.0,1.0,10,0.0,0.0,0,0.69,0.138,3,2.5,0.5,21,21
IWM191115C158,2019-11-13,2019-11-13 09:30:04,0.8,0.16,100,0.62,0.124,100,0.73,0.146,16,0.71,0.142,21,0
IWM191115C158,2019-11-13,2019-11-13 09:30:04,5.0,1.0,20,0.0,0.0,0,0.73,0.146,16,2.5,0.5,21,0
IWM191115C158,2019-11-13,2019-11-13 09:30:05,0.79,0.158,250,0.62,0.124,250,0.73,0.146,16,0.705,0.141,21,0
IWM191115C158,2019-11-13,2019-11-13 09:30:06,0.79,0.158,250,0.62,0.124,250,0.73,0.146,16,0.705,0.141,21,0
IWM191115C158,2019-11-13,2019-11-13 09:30:07,0.79,0.158,250,0.62,0.124,250,0.73,0.146,16,0.705,0.141,22,1
IWM191115C158,2019-11-13,2019-11-13 09:30:08,0.76,0.152,75,0.67,0.134,75,0.73,0.146,16,0.715,0.143,22,0
IWM191115C158,2019-11-13,2019-11-13 09:30:08,0.77,0.154,75,0.67,0.134,75,0.66,0.132,1,0.72,0.144,22,0
IWM191115C158,2019-11-13,2019-11-13 09:30:09,0.77,0.154,200,0.67,0.134,332,0.66,0.132,1,0.72,0.144,22,0
IWM191115C158,2019-11-13,2019-11-13 09:30:09,0.77,0.154,395,0.68,0.136,75,0.66,0.132,1,0.725,0.145,22,0
IWM191115C158,2019-11-13,2019-11-13 09:30:10,0.78,0.156,325,0.68,0.136,234,0.66,0.132,1,0.73,0.146,22,0
IWM191115C158,2019-11-13,2019-11-13 09:30:10,0.78,0.156,325,0.68,0.136,224,0.66,0.132,1,0.73,0.146,22,0
IWM191115C158,2019-11-13,2019-11-13 09:30:11,0.77,0.154,247,0.68,0.136,253,0.66,0.132,1,0.725,0.145,22,0
IWM191115C158,2019-11-13,2019-11-13 09:30:11,0.77,0.154,275,0.68,0.136,336,0.66,0.132,1,0.725,0.145,22,0
IWM191115C158,2019-11-13,2019-11-13 09:30:12,0.75,0.15,75,0.68,0.136,79,0.66,0.132,1,0.715,0.143,22,0
IWM191115C158,2019-11-13,2019-11-13 09:30:13,0.75,0.15,85,0.67,0.134,13,0.66,0.132,1,0.71,0.142,22,0
IWM191115C158,2019-11-13,2019-11-13 09:30:14,0.74,0.148,88,0.65,0.13,75,0.6,0.12,1,0.695,0.139,23,1
IWM191115C158,2019-11-13,2019-11-13 09:30:14,0.74,0.148,88,0.68,0.136,13,0.66,0.132,1,0.71,0.142,22,0
IWM191115C158,2019-11-13,2019-11-13 09:30:15,0.7,0.14,13,0.65,0.13,13,0.6,0.12,1,0.675,0.135,23,0
IWM191115C158,2019-11-13,2019-11-13 09:30:16,0.69,0.138,75,0.63,0.126,13,0.6,0.12,1,0.66,0.132,23,0
IWM191115C158,2019-11-13,2019-11-13 09:30:17,0.69,0.138,219,0.63,0.126,19,0.6,0.12,1,0.66,0.132,23,0
IWM191115C158,2019-11-13,2019-11-13 09:30:18,0.68,0.136,593,0.61,0.122,10,0.6,0.12,1,0.645,0.129,23,0
IWM191115C158,2019-11-13,2019-11-13 09:30:18,0.68,0.136,265,0.61,0.122,28,0.6,0.12,1,0.645,0.129,23,0
IWM191115C158,2019-11-13,2019-11-13 09:30:19,0.64,0.128,13,0.58,0.116,6,0.6,0.12,1,0.61,0.122,23,0
IWM191115C158,2019-11-13,2019-11-13 09:30:19,0.62,0.124,554,0.55,0.11,17,0.6,0.12,1,0.585,0.117,23,0
IWM191115C158,2019-11-13,2019-11-13 09:30:20,0.6,0.12,150,0.55,0.11,62,0.6,0.12,1,0.575,0.115,23,0
IWM191115C158,2019-11-13,2019-11-13 09:30:20,0.61,0.122,75,0.55,0.11,115,0.6,0.12,1,0.58,0.116,23,0
IWM191115C158,2019-11-13,2019-11-13 09:30:21,0.6,0.12,150,0.55,0.11,220,0.6,0.12,1,0.575,0.115,23,0
IWM191115C158,2019-11-13,2019-11-13 09:30:22,0.6,0.12,150,0.55,0.11,101,0.6,0.12,1,0.575,0.115,23,0
IWM191115C158,2019-11-13,2019-11-13 09:30:22,0.6,0.12,150,0.55,0.11,41,0.6,0.12,1,0.575,0.115,23,0
IWM191115C158,2019-11-13,2019-11-13 09:30:23,0.61,0.122,225,0.56,0.112,19,0.6,0.12,1,0.585,0.117,23,0
IWM191115C158,2019-11-13,2019-11-13 09:30:23,0.61,0.122,402,0.56,0.112,36,0.6,0.12,1,0.585,0.117,23,0
IWM191115C158,2019-11-13,2019-11-13 09:30:24,0.62,0.124,325,0.57,0.114,31,0.6,0.12,1,0.595,0.119,23,0
IWM191115C158,2019-11-13,2019-11-13 09:30:24,0.62,0.124,150,0.57,0.114,19,0.6,0.12,1,0.595,0.119,23,0
IWM191115C158,2019-11-13,2019-11-13 09:30:26,0.59,0.118,99,0.55,0.11,121,0.6,0.12,1,0.57,0.114,23,0
IWM191115C158,2019-11-13,2019-11-13 09:30:26,0.61,0.122,278,0.56,0.112,19,0.6,0.12,1,0.585,0.117,23,0
IWM191115C158,2019-11-13,2019-11-13 09:30:27,0.58,0.116,37,0.54,0.108,19,0.6,0.12,1,0.56,0.112,23,0
IWM191115C158,2019-11-13,2019-11-13 09:30:27,0.57,0.114,99,0.53,0.106,19,0.6,0.12,1,0.55,0.11,23,0
IWM191115C158,2019-11-13,2019-11-13 09:30:28,0.57,0.114,27,0.53,0.106,19,0.6,0.12,1,0.55,0.11,23,0
IWM191115C158,2019-11-13,2019-11-13 09:30:28,0.57,0.114,228,0.53,0.106,19,0.6,0.12,1,0.55,0.11,23,0
IWM191115C158,2019-11-13,2019-11-13 09:30:29,0.57,0.114,119,0.53,0.106,19,0.6,0.12,1,0.55,0.11,23,0
IWM191115C158,2019-11-13,2019-11-13 09:30:29,0.59,0.118,27,0.54,0.108,75,0.6,0.12,1,0.565,0.113,23,0
IWM191115C158,2019-11-13,2019-11-13 09:30:30,0.59,0.118,101,0.56,0.112,14,0.6,0.12,1,0.575,0.115,23,0
IWM191115C158,2019-11-13,2019-11-13 09:30:30,0.59,0.118,146,0.55,0.11,23,0.6,0.12,1,0.57,0.114,23,0
IWM191115C158,2019-11-13,2019-11-13 09:30:31,0.61,0.122,127,0.56,0.112,14,0.6,0.12,1,0.585,0.117,23,0
IWM191115C158,2019-11-13,2019-11-13 09:30:32,0.6,0.12,75,0.57,0.114,15,0.6,0.12,1,0.585,0.117,23,0
IWM191115C158,2019-11-13,2019-11-13 09:30:33,0.6,0.12,75,0.57,0.114,15,0.6,0.12,1,0.585,0.117,23,0
IWM191115C158,2019-11-13,2019-11-13 09:30:33,0.6,0.12,150,0.57,0.114,15,0.6,0.12,1,0.585,0.117,23,0
IWM191115C158,2019-11-13,2019-11-13 09:30:34,0.6,0.12,150,0.56,0.112,24,0.6,0.12,1,0.58,0.116,23,0
IWM191115C158,2019-11-13,2019-11-13 09:30:34,0.6,0.12,150,0.57,0.114,19,0.6,0.12,1,0.585,0.117,23,0
IWM191115C158,2019-11-13,2019-11-13 09:30:35,0.6,0.12,162,0.56,0.112,24,0.6,0.12,1,0.58,0.116,23,0
IWM191115C158,2019-11-13,2019-11-13 09:30:35,0.6,0.12,150,0.56,0.112,24,0.6,0.12,1,0.58,0.116,23,0
IWM191115C158,2019-11-13,2019-11-13 09:30:36,0.6,0.12,150,0.56,0.112,20,0.6,0.12,1,0.58,0.116,23,0
IWM191115C158,2019-11-13,2019-11-13 09:30:36,0.6,0.12,162,0.56,0.112,20,0.6,0.12,1,0.58,0.116,23,0
IWM191115C158,2019-11-13,2019-11-13 09:30:37,0.59,0.118,136,0.56,0.112,20,0.6,0.12,1,0.575,0.115,23,0
IWM191115C158,2019-11-13,2019-11-13 09:30:38,0.59,0.118,190,0.55,0.11,25,0.6,0.12,1,0.57,0.114,23,0
IWM191115C158,2019-11-13,2019-11-13 09:30:38,0.59,0.118,190,0.55,0.11,50,0.6,0.12,1,0.57,0.114,23,0
IWM191115C158,2019-11-13,2019-11-13 09:30:39,0.59,0.118,110,0.56,0.112,60,0.6,0.12,1,0.575,0.115,23,0
IWM191115C158,2019-11-13,2019-11-13 09:30:39,0.59,0.118,72,0.56,0.112,31,0.6,0.12,1,0.575,0.115,23,0
IWM191115C158,2019-11-13,2019-11-13 09:30:40,0.59,0.118,72,0.56,0.112,31,0.6,0.12,1,0.575,0.115,23,0
IWM191115C158,2019-11-13,2019-11-13 09:30:40,0.59,0.118,72,0.56,0.112,282,0.6,0.12,1,0.575,0.115,23,0
IWM191115C158,2019-11-13,2019-11-13 09:30:41,0.59,0.118,72,0.56,0.112,311,0.6,0.12,1,0.575,0.115,23,0
IWM191115C158,2019-11-13,2019-11-13 09:30:41,0.59,0.118,96,0.56,0.112,162,0.6,0.12,1,0.575,0.115,23,0
IWM191115C158,2019-11-13,2019-11-13 09:30:42,0.61,0.122,134,0.58,0.116,19,0.6,0.12,1,0.595,0.119,23,0
IWM191115C158,2019-11-13,2019-11-13 09:30:42,0.59,0.118,131,0.56,0.112,195,0.6,0.12,1,0.575,0.115,23,0
IWM191115C158,2019-11-13,2019-11-13 09:30:43,0.6,0.12,72,0.58,0.116,28,0.6,0.12,1,0.59,0.118,23,0
IWM191115C158,2019-11-13,2019-11-13 09:30:43,0.6,0.12,60,0.58,0.116,28,0.6,0.12,1,0.59,0.118,23,0
IWM191115C158,2019-11-13,2019-11-13 09:30:44,0.6,0.12,77,0.57,0.114,26,0.6,0.12,1,0.585,0.117,23,0
IWM191115C158,2019-11-13,2019-11-13 09:30:44,0.6,0.12,72,0.58,0.116,28,0.6,0.12,1,0.59,0.118,23,0
IWM191115C158,2019-11-13,2019-11-13 09:30:45,0.6,0.12,77,0.56,0.112,120,0.6,0.12,1,0.58,0.116,23,0
IWM191115C158,2019-11-13,2019-11-13 09:30:46,0.59,0.118,209,0.56,0.112,263,0.6,0.12,1,0.575,0.115,23,0
IWM191115C158,2019-11-13,2019-11-13 09:30:46,0.59,0.118,244,0.56,0.112,234,0.6,0.12,1,0.575,0.115,23,0
IWM191115C158,2019-11-13,2019-11-13 09:30:47,0.59,0.118,101,0.56,0.112,353,0.6,0.12,1,0.575,0.115,23,0
IWM191115C158,2019-11-13,2019-11-13 09:30:48,0.59,0.118,182,0.56,0.112,633,0.6,0.12,1,0.575,0.115,23,0
IWM191115C158,2019-11-13,2019-11-13 09:30:48,0.59,0.118,101,0.56,0.112,353,0.6,0.12,1,0.575,0.115,23,0
IWM191115C158,2019-11-13,2019-11-13 09:30:49,0.59,0.118,53,0.56,0.112,676,0.6,0.12,1,0.575,0.115,23,0
IWM191115C158,2019-11-13,2019-11-13 09:30:50,0.59,0.118,134,0.56,0.112,476,0.6,0.12,1,0.575,0.115,23,0
IWM191115C158,2019-11-13,2019-11-13 09:30:50,0.59,0.118,40,0.56,0.112,456,0.6,0.12,1,0.575,0.115,23,0
IWM191115C158,2019-11-13,2019-11-13 09:30:51,0.59,0.118,161,0.56,0.112,476,0.6,0.12,1,0.575,0.115,23,0
IWM191115C158,2019-11-13,2019-11-13 09:30:51,0.59,0.118,134,0.56,0.112,476,0.6,0.12,1,0.575,0.115,23,0
IWM191115C158,2019-11-13,2019-11-13 09:30:52,0.59,0.118,161,0.56,0.112,476,0.6,0.12,1,0.575,0.115,23,0
IWM191115C158,2019-11-13,2019-11-13 09:30:53,0.59,0.118,178,0.56,0.112,476,0.6,0.12,1,0.575,0.115,23,0
IWM191115C158,2019-11-13,2019-11-13 09:30:54,0.59,0.118,178,0.56,0.112,476,0.6,0.12,1,0.575,0.115,23,0
IWM191115C158,2019-11-13,2019-11-13 09:30:54,0.59,0.118,178,0.56,0.112,456,0.6,0.12,1,0.575,0.115,23,0
IWM191115C158,2019-11-13,2019-11-13 09:30:55,0.59,0.118,178,0.56,0.112,476,0.6,0.12,1,0.575,0.115,23,0
IWM191115C158,2019-11-13,2019-11-13 09:30:56,0.59,0.118,178,0.56,0.112,456,0.6,0.12,1,0.575,0.115,23,0
IWM191115C158,2019-11-13,2019-11-13 09:30:56,0.59,0.118,181,0.56,0.112,228,0.6,0.12,1,0.575,0.115,23,0
IWM191115C158,2019-11-13,2019-11-13 09:30:57,0.59,0.118,192,0.56,0.112,238,0.6,0.12,1,0.575,0.115,23,0
IWM191115C158,2019-11-13,2019-11-13 09:30:58,0.59,0.118,199,0.55,0.11,98,0.6,0.12,1,0.57,0.114,23,0
IWM191115C158,2019-11-13,2019-11-13 09:30:58,0.59,0.118,199,0.55,0.11,101,0.6,0.12,1,0.57,0.114,23,0
IWM191115C158,2019-11-13,2019-11-13 09:30:59,0.58,0.116,202,0.55,0.11,159,0.6,0.12,1,0.565,0.113,23,0
IWM191115C158,2019-11-13,2019-11-13 09:31:00,0.57,0.114,198,0.54,0.108,20,0.6,0.12,1,0.555,0.111,23,0
IWM191115C158,2019-11-13,2019-11-13 09:31:00,0.57,0.114,188,0.55,0.11,159,0.6,0.12,1,0.56,0.112,23,0
IWM191115C158,2019-11-13,2019-11-13 09:31:01,0.57,0.114,258,0.54,0.108,30,0.6,0.12,1,0.555,0.111,23,0
IWM191115C158,2019-11-13,2019-11-13 09:31:01,0.57,0.114,286,0.53,0.106,37,0.6,0.12,1,0.55,0.11,23,0
IWM191115C158,2019-11-13,2019-11-13 09:31:02,0.57,0.114,334,0.53,0.106,44,0.6,0.12,1,0.55,0.11,23,0
IWM191115C158,2019-11-13,2019-11-13 09:31:02,0.56,0.112,140,0.53,0.106,91,0.6,0.12,1,0.545,0.109,23,0
IWM191115C158,2019-11-13,2019-11-13 09:31:03,0.56,0.112,544,0.52,0.104,276,0.6,0.12,1,0.54,0.108,23,0
IWM191115C158,2019-11-13,2019-11-13 09:31:03,0.56,0.112,309,0.53,0.106,91,0.6,0.12,1,0.545,0.109,23,0
IWM191115C158,2019-11-13,2019-11-13 09:31:04,0.56,0.112,521,0.52,0.104,651,0.6,0.12,1,0.54,0.108,23,0
IWM191115C158,2019-11-13,2019-11-13 09:31:05,0.55,0.11,277,0.52,0.104,114,0.6,0.12,1,0.535,0.107,23,0
IWM191115C158,2019-11-13,2019-11-13 09:31:05,0.54,0.108,40,0.51,0.102,33,0.6,0.12,1,0.525,0.105,23,0
IWM191115C158,2019-11-13,2019-11-13 09:31:06,0.54,0.108,434,0.5,0.1,610,0.6,0.12,1,0.52,0.104,23,0
IWM191115C158,2019-11-13,2019-11-13 09:31:07,0.54,0.108,109,0.51,0.102,178,0.6,0.12,1,0.525,0.105,23,0
IWM191115C158,2019-11-13,2019-11-13 09:31:07,0.54,0.108,52,0.51,0.102,576,0.6,0.12,1,0.525,0.105,23,0
IWM191115C158,2019-11-13,2019-11-13 09:31:08,0.55,0.11,190,0.52,0.104,112,0.6,0.12,1,0.535,0.107,23,0
IWM191115C158,2019-11-13,2019-11-13 09:31:08,0.55,0.11,154,0.52,0.104,750,0.6,0.12,1,0.535,0.107,23,0
IWM191115C158,2019-11-13,2019-11-13 09:31:09,0.55,0.11,188,0.53,0.106,20,0.6,0.12,1,0.54,0.108,23,0
IWM191115C158,2019-11-13,2019-11-13 09:31:09,0.55,0.11,97,0.52,0.104,750,0.6,0.12,1,0.535,0.107,23,0
IWM191115C158,2019-11-13,2019-11-13 09:31:10,0.55,0.11,188,0.53,0.106,20,0.6,0.12,1,0.54,0.108,23,0
IWM191115C158,2019-11-13,2019-11-13 09:31:11,0.55,0.11,150,0.52,0.104,84,0.6,0.12,1,0.535,0.107,23,0
IWM191115C158,2019-11-13,2019-11-13 09:31:11,0.57,0.114,101,0.53,0.106,20,0.6,0.12,1,0.55,0.11,23,0
IWM191115C158,2019-11-13,2019-11-13 09:31:12,0.55,0.11,428,0.51,0.102,36,0.6,0.12,1,0.53,0.106,23,0
IWM191115C158,2019-11-13,2019-11-13 09:31:12,0.55,0.11,258,0.52,0.104,94,0.6,0.12,1,0.535,0.107,23,0
IWM191115C158,2019-11-13,2019-11-13 09:31:13,0.54,0.108,311,0.51,0.102,11,0.6,0.12,1,0.525,0.105,23,0
IWM191115C158,2019-11-13,2019-11-13 09:31:13,0.53,0.106,28,0.51,0.102,11,0.6,0.12,1,0.52,0.104,23,0
IWM191115C158,2019-11-13,2019-11-13 09:31:14,0.53,0.106,84,0.51,0.102,30,0.6,0.12,1,0.52,0.104,23,0
IWM191115C158,2019-11-13,2019-11-13 09:31:14,0.53,0.106,150,0.5,0.1,196,0.6,0.12,1,0.515,0.103,23,0
IWM191115C158,2019-11-13,2019-11-13 09:31:15,0.53,0.106,256,0.5,0.1,461,0.6,0.12,1,0.515,0.103,23,0
IWM191115C158,2019-11-13,2019-11-13 09:31:16,0.53,0.106,213,0.5,0.1,636,0.6,0.12,1,0.515,0.103,23,0
IWM191115C158,2019-11-13,2019-11-13 09:31:16,0.53,0.106,185,0.5,0.1,696,0.6,0.12,1,0.515,0.103,23,0
IWM191115C158,2019-11-13,2019-11-13 09:31:17,0.53,0.106,185,0.5,0.1,677,0.6,0.12,1,0.515,0.103,23,0
IWM191115C158,2019-11-13,2019-11-13 09:31:17,0.53,0.106,231,0.5,0.1,456,0.6,0.12,1,0.515,0.103,23,0
IWM191115C158,2019-11-13,2019-11-13 09:31:18,0.53,0.106,176,0.5,0.1,452,0.6,0.12,1,0.515,0.103,23,0
IWM191115C158,2019-11-13,2019-11-13 09:31:18,0.53,0.106,231,0.5,0.1,452,0.6,0.12,1,0.515,0.103,23,0
IWM191115C158,2019-11-13,2019-11-13 09:31:19,0.53,0.106,107,0.51,0.102,394,0.6,0.12,1,0.52,0.104,23,0
IWM191115C158,2019-11-13,2019-11-13 09:31:19,0.53,0.106,107,0.51,0.102,666,0.6,0.12,1,0.52,0.104,23,0
IWM191115C158,2019-11-13,2019-11-13 09:31:20,0.53,0.106,51,0.51,0.102,666,0.6,0.12,1,0.52,0.104,23,0
IWM191115C158,2019-11-13,2019-11-13 09:31:21,0.53,0.106,108,0.51,0.102,666,0.6,0.12,1,0.52,0.104,23,0
IWM191115C158,2019-11-13,2019-11-13 09:31:21,0.53,0.106,250,0.5,0.1,463,0.6,0.12,1,0.515,0.103,23,0
IWM191115C158,2019-11-13,2019-11-13 09:31:22,0.53,0.106,177,0.5,0.1,624,0.6,0.12,1,0.515,0.103,23,0
IWM191115C158,2019-11-13,2019-11-13 09:31:22,0.53,0.106,250,0.5,0.1,673,0.6,0.12,1,0.515,0.103,23,0
IWM191115C158,2019-11-13,2019-11-13 09:31:23,0.53,0.106,188,0.5,0.1,522,0.6,0.12,1,0.515,0.103,23,0
IWM191115C158,2019-11-13,2019-11-13 09:31:23,0.53,0.106,178,0.5,0.1,522,0.6,0.12,1,0.515,0.103,23,0
IWM191115C158,2019-11-13,2019-11-13 09:31:24,0.56,0.112,29,0.51,0.102,20,0.6,0.12,1,0.535,0.107,23,0
IWM191115C158,2019-11-13,2019-11-13 09:31:24,0.53,0.106,267,0.5,0.1,522,0.6,0.12,1,0.515,0.103,23,0
IWM191115C158,2019-11-13,2019-11-13 09:31:25,0.54,0.108,175,0.51,0.102,75,0.6,0.12,1,0.525,0.105,23,0
IWM191115C158,2019-11-13,2019-11-13 09:31:25,0.53,0.106,99,0.51,0.102,646,0.6,0.12,1,0.52,0.104,23,0
IWM191115C158,2019-11-13,2019-11-13 09:31:26,0.53,0.106,125,0.51,0.102,646,0.6,0.12,1,0.52,0.104,23,0
IWM191115C158,2019-11-13,2019-11-13 09:31:30,0.53,0.106,150,0.51,0.102,10,0.6,0.12,1,0.52,0.104,23,0
IWM191115C158,2019-11-13,2019-11-13 09:31:31,0.53,0.106,150,0.51,0.102,204,0.6,0.12,1,0.52,0.104,23,0
IWM191115C158,2019-11-13,2019-11-13 09:31:31,0.55,0.11,29,0.51,0.102,204,0.52,0.104,5,0.53,0.106,28,5
IWM191115C158,2019-11-13,2019-11-13 09:31:32,0.54,0.108,58,0.52,0.104,568,0.52,0.104,5,0.53,0.106,28,0
IWM191115C158,2019-11-13,2019-11-13 09:31:32,0.54,0.108,60,0.52,0.104,611,0.52,0.104,5,0.53,0.106,28,0
IWM191115C158,2019-11-13,2019-11-13 09:31:33,0.54,0.108,60,0.52,0.104,552,0.52,0.104,5,0.53,0.106,28,0
IWM191115C158,2019-11-13,2019-11-13 09:31:34,0.54,0.108,94,0.52,0.104,757,0.52,0.104,5,0.53,0.106,28,0
IWM191115C158,2019-11-13,2019-11-13 09:31:38,0.55,0.11,174,0.52,0.104,802,0.52,0.104,5,0.535,0.107,28,0
IWM191115C158,2019-11-13,2019-11-13 09:31:39,0.55,0.11,230,0.52,0.104,595,0.52,0.104,5,0.535,0.107,28,0
IWM191115C158,2019-11-13,2019-11-13 09:31:39,0.55,0.11,109,0.53,0.106,447,0.52,0.104,5,0.54,0.108,28,0
IWM191115C158,2019-11-13,2019-11-13 09:31:40,0.55,0.11,230,0.52,0.104,595,0.52,0.104,5,0.535,0.107,28,0
IWM191115C158,2019-11-13,2019-11-13 09:31:41,0.57,0.114,129,0.53,0.106,115,0.52,0.104,5,0.55,0.11,28,0
IWM191115C158,2019-11-13,2019-11-13 09:31:42,0.56,0.112,245,0.54,0.108,737,0.52,0.104,5,0.55,0.11,28,0
IWM191115C158,2019-11-13,2019-11-13 09:31:43,0.56,0.112,122,0.54,0.108,748,0.52,0.104,5,0.55,0.11,28,0
IWM191115C158,2019-11-13,2019-11-13 09:31:43,0.57,0.114,84,0.55,0.11,112,0.52,0.104,5,0.56,0.112,28,0
IWM191115C158,2019-11-13,2019-11-13 09:31:44,0.57,0.114,20,0.55,0.11,558,0.52,0.104,5,0.56,0.112,28,0
IWM191115C158,2019-11-13,2019-11-13 09:31:45,0.57,0.114,217,0.54,0.108,512,0.52,0.104,5,0.555,0.111,28,0
IWM191115C158,2019-11-13,2019-11-13 09:31:45,0.57,0.114,203,0.55,0.11,75,0.52,0.104,5,0.56,0.112,28,0
IWM191115C158,2019-11-13,2019-11-13 09:31:46,0.57,0.114,55,0.55,0.11,75,0.52,0.104,5,0.56,0.112,28,0
IWM191115C158,2019-11-13,2019-11-13 09:31:46,0.57,0.114,58,0.55,0.11,486,0.52,0.104,5,0.56,0.112,28,0
IWM191115C158,2019-11-13,2019-11-13 09:31:47,0.57,0.114,111,0.55,0.11,550,0.52,0.104,5,0.56,0.112,28,0
IWM191115C158,2019-11-13,2019-11-13 09:31:47,0.57,0.114,78,0.55,0.11,550,0.52,0.104,5,0.56,0.112,28,0
IWM191115C158,2019-11-13,2019-11-13 09:31:48,0.57,0.114,43,0.55,0.11,308,0.52,0.104,5,0.56,0.112,28,0
IWM191115C158,2019-11-13,2019-11-13 09:31:48,0.57,0.114,104,0.56,0.112,112,0.52,0.104,5,0.565,0.113,28,0
IWM191115C158,2019-11-13,2019-11-13 09:31:49,0.58,0.116,150,0.56,0.112,316,0.52,0.104,5,0.57,0.114,28,0
IWM191115C158,2019-11-13,2019-11-13 09:31:49,0.58,0.116,163,0.56,0.112,75,0.52,0.104,5,0.57,0.114,28,0
IWM191115C158,2019-11-13,2019-11-13 09:31:50,0.58,0.116,160,0.56,0.112,148,0.52,0.104,5,0.57,0.114,28,0
IWM191115C158,2019-11-13,2019-11-13 09:31:50,0.58,0.116,57,0.56,0.112,141,0.52,0.104,5,0.57,0.114,28,0
IWM191115C158,2019-11-13,2019-11-13 09:31:51,0.58,0.116,132,0.56,0.112,148,0.52,0.104,5,0.57,0.114,28,0
IWM191115C158,2019-11-13,2019-11-13 09:31:51,0.58,0.116,176,0.56,0.112,90,0.52,0.104,5,0.57,0.114,28,0
IWM191115C158,2019-11-13,2019-11-13 09:31:52,0.58,0.116,25,0.56,0.112,78,0.52,0.104,5,0.57,0.114,28,0
IWM191115C158,2019-11-13,2019-11-13 09:31:53,0.58,0.116,75,0.56,0.112,75,0.52,0.104,5,0.57,0.114,28,0
IWM191115C158,2019-11-13,2019-11-13 09:31:53,0.58,0.116,347,0.55,0.11,339,0.52,0.104,5,0.565,0.113,28,0
IWM191115C158,2019-11-13,2019-11-13 09:31:54,0.58,0.116,591,0.54,0.108,609,0.52,0.104,5,0.56,0.112,28,0
IWM191115C158,2019-11-13,2019-11-13 09:31:54,0.58,0.116,591,0.55,0.11,373,0.52,0.104,5,0.565,0.113,28,0
IWM191115C158,2019-11-13,2019-11-13 09:31:55,0.57,0.114,137,0.55,0.11,25,0.52,0.104,5,0.56,0.112,28,0
IWM191115C158,2019-11-13,2019-11-13 09:31:56,0.57,0.114,261,0.55,0.11,25,0.52,0.104,5,0.56,0.112,28,0
IWM191115C158,2019-11-13,2019-11-13 09:31:56,0.57,0.114,137,0.55,0.11,25,0.52,0.104,5,0.56,0.112,28,0
IWM191115C158,2019-11-13,2019-11-13 09:31:57,0.57,0.114,439,0.55,0.11,10,0.52,0.104,5,0.56,0.112,28,0
IWM191115C158,2019-11-13,2019-11-13 09:31:57,0.57,0.114,261,0.55,0.11,25,0.52,0.104,5,0.56,0.112,28,0
IWM191115C158,2019-11-13,2019-11-13 09:31:58,0.57,0.114,441,0.54,0.108,457,0.52,0.104,5,0.555,0.111,28,0
IWM191115C158,2019-11-13,2019-11-13 09:31:58,0.57,0.114,842,0.55,0.11,14,0.52,0.104,5,0.56,0.112,28,0
IWM191115C158,2019-11-13,2019-11-13 09:31:59,0.57,0.114,778,0.55,0.11,14,0.52,0.104,5,0.56,0.112,28,0
IWM191115C158,2019-11-13,2019-11-13 09:32:00,0.56,0.112,89,0.54,0.108,19,0.52,0.104,5,0.55,0.11,28,0
IWM191115C158,2019-11-13,2019-11-13 09:32:00,0.56,0.112,27,0.55,0.11,14,0.52,0.104,5,0.555,0.111,28,0
IWM191115C158,2019-11-13,2019-11-13 09:32:01,0.56,0.112,339,0.53,0.106,454,0.52,0.104,5,0.545,0.109,28,0
IWM191115C158,2019-11-13,2019-11-13 09:32:01,0.56,0.112,554,0.53,0.106,784,0.56,0.112,5,0.545,0.109,33,5
IWM191115C158,2019-11-13,2019-11-13 09:32:02,0.56,0.112,472,0.53,0.106,500,0.56,0.112,5,0.545,0.109,33,0
IWM191115C158,2019-11-13,2019-11-13 09:32:02,0.56,0.112,780,0.54,0.108,16,0.56,0.112,5,0.55,0.11,33,0
IWM191115C158,2019-11-13,2019-11-13 09:32:03,0.56,0.112,899,0.53,0.106,741,0.56,0.112,5,0.545,0.109,33,0
IWM191115C158,2019-11-13,2019-11-13 09:32:04,0.56,0.112,683,0.53,0.106,700,0.56,0.112,5,0.545,0.109,33,0
IWM191115C158,2019-11-13,2019-11-13 09:32:04,0.56,0.112,472,0.53,0.106,527,0.56,0.112,5,0.545,0.109,33,0
IWM191115C158,2019-11-13,2019-11-13 09:32:05,0.56,0.112,825,0.53,0.106,729,0.56,0.112,5,0.545,0.109,33,0
IWM191115C158,2019-11-13,2019-11-13 09:32:05,0.56,0.112,589,0.53,0.106,729,0.56,0.112,5,0.545,0.109,33,0
IWM191115C158,2019-11-13,2019-11-13 09:32:06,0.55,0.11,43,0.53,0.106,10,0.56,0.112,5,0.54,0.108,33,0
IWM191115C158,2019-11-13,2019-11-13 09:32:06,0.55,0.11,57,0.53,0.106,112,0.56,0.112,5,0.54,0.108,33,0
IWM191115C158,2019-11-13,2019-11-13 09:32:07,0.54,0.108,24,0.52,0.104,428,0.56,0.112,5,0.53,0.106,33,0
IWM191115C158,2019-11-13,2019-11-13 09:32:07,0.55,0.11,57,0.54,0.108,18,0.56,0.112,5,0.545,0.109,33,0
IWM191115C158,2019-11-13,2019-11-13 09:32:08,0.54,0.108,41,0.52,0.104,25,0.56,0.112,5,0.53,0.106,33,0
IWM191115C158,2019-11-13,2019-11-13 09:32:09,0.54,0.108,56,0.52,0.104,237,0.56,0.112,5,0.53,0.106,33,0
IWM191115C158,2019-11-13,2019-11-13 09:32:09,0.54,0.108,10,0.53,0.106,16,0.56,0.112,5,0.535,0.107,33,0
IWM191115C158,2019-11-13,2019-11-13 09:32:10,0.55,0.11,883,0.53,0.106,16,0.56,0.112,5,0.54,0.108,33,0
IWM191115C158,2019-11-13,2019-11-13 09:32:10,0.55,0.11,683,0.53,0.106,16,0.56,0.112,5,0.54,0.108,33,0
IWM191115C158,2019-11-13,2019-11-13 09:32:11,0.54,0.108,278,0.52,0.104,20,0.56,0.112,5,0.53,0.106,33,0
IWM191115C158,2019-11-13,2019-11-13 09:32:11,0.55,0.11,883,0.53,0.106,16,0.56,0.112,5,0.54,0.108,33,0
IWM191115C158,2019-11-13,2019-11-13 09:32:12,0.54,0.108,421,0.53,0.106,19,0.56,0.112,5,0.535,0.107,33,0
IWM191115C158,2019-11-13,2019-11-13 09:32:13,0.54,0.108,421,0.52,0.104,75,0.56,0.112,5,0.53,0.106,33,0
IWM191115C158,2019-11-13,2019-11-13 09:32:13,0.54,0.108,421,0.52,0.104,252,0.56,0.112,5,0.53,0.106,33,0
IWM191115C158,2019-11-13,2019-11-13 09:32:14,0.54,0.108,421,0.52,0.104,25,0.56,0.112,5,0.53,0.106,33,0
IWM191115C158,2019-11-13,2019-11-13 09:32:14,0.54,0.108,408,0.52,0.104,46,0.56,0.112,5,0.53,0.106,33,0
IWM191115C158,2019-11-13,2019-11-13 09:32:15,0.54,0.108,408,0.52,0.104,46,0.56,0.112,5,0.53,0.106,33,0
IWM191115C158,2019-11-13,2019-11-13 09:32:16,0.54,0.108,408,0.52,0.104,25,0.56,0.112,5,0.53,0.106,33,0
IWM191115C158,2019-11-13,2019-11-13 09:32:16,0.54,0.108,435,0.52,0.104,25,0.56,0.112,5,0.53,0.106,33,0
IWM191115C158,2019-11-13,2019-11-13 09:32:17,0.54,0.108,435,0.53,0.106,2,0.56,0.112,5,0.535,0.107,33,0
IWM191115C158,2019-11-13,2019-11-13 09:32:18,0.54,0.108,435,0.5,0.1,136,0.56,0.112,5,0.52,0.104,33,0
IWM191115C158,2019-11-13,2019-11-13 09:32:18,0.53,0.106,41,0.51,0.102,12,0.56,0.112,5,0.52,0.104,33,0
IWM191115C158,2019-11-13,2019-11-13 09:32:19,0.53,0.106,57,0.51,0.102,83,0.56,0.112,5,0.52,0.104,33,0
IWM191115C158,2019-11-13,2019-11-13 09:32:19,0.53,0.106,327,0.51,0.102,83,0.56,0.112,5,0.52,0.104,33,0
IWM191115C158,2019-11-13,2019-11-13 09:32:20,0.53,0.106,60,0.51,0.102,92,0.56,0.112,5,0.52,0.104,33,0
IWM191115C158,2019-11-13,2019-11-13 09:32:20,0.53,0.106,154,0.51,0.102,81,0.56,0.112,5,0.52,0.104,33,0
IWM191115C158,2019-11-13,2019-11-13 09:32:21,0.53,0.106,159,0.51,0.102,90,0.56,0.112,5,0.52,0.104,33,0
IWM191115C158,2019-11-13,2019-11-13 09:32:21,0.53,0.106,75,0.51,0.102,90,0.56,0.112,5,0.52,0.104,33,0
IWM191115C158,2019-11-13,2019-11-13 09:32:22,0.53,0.106,301,0.51,0.102,94,0.56,0.112,5,0.52,0.104,33,0
IWM191115C158,2019-11-13,2019-11-13 09:32:22,0.53,0.106,243,0.51,0.102,93,0.56,0.112,5,0.52,0.104,33,0
IWM191115C158,2019-11-13,2019-11-13 09:32:24,0.52,0.104,115,0.51,0.102,14,0.52,0.104,10,0.515,0.103,57,0
IWM191115C158,2019-11-13,2019-11-13 09:32:24,0.52,0.104,115,0.5,0.1,161,0.52,0.104,10,0.51,0.102,57,24
IWM191115C158,2019-11-13,2019-11-13 09:32:25,0.52,0.104,159,0.5,0.1,122,0.52,0.104,10,0.51,0.102,57,0
IWM191115C158,2019-11-13,2019-11-13 09:32:25,0.52,0.104,120,0.5,0.1,109,0.52,0.104,10,0.51,0.102,57,0
IWM191115C158,2019-11-13,2019-11-13 09:32:26,0.51,0.102,225,0.5,0.1,64,0.52,0.104,10,0.505,0.101,57,0
IWM191115C158,2019-11-13,2019-11-13 09:32:26,0.52,0.104,310,0.5,0.1,64,0.52,0.104,10,0.51,0.102,57,0
IWM191115C158,2019-11-13,2019-11-13 09:32:27,0.5,0.1,14,0.49,0.098,11,0.5,0.1,10,0.495,0.099,105,48
IWM191115C158,2019-11-13,2019-11-13 09:32:27,0.51,0.102,302,0.5,0.1,64,0.52,0.104,10,0.505,0.101,57,0
IWM191115C158,2019-11-13,2019-11-13 09:32:28,0.5,0.1,84,0.49,0.098,2,0.5,0.1,1,0.495,0.099,119,0
IWM191115C158,2019-11-13,2019-11-13 09:32:28,0.5,0.1,37,0.48,0.096,296,0.5,0.1,1,0.49,0.098,119,14
IWM191115C158,2019-11-13,2019-11-13 09:32:29,0.5,0.1,192,0.48,0.096,87,0.5,0.1,12,0.49,0.098,166,47
IWM191115C158,2019-11-13,2019-11-13 09:32:29,0.5,0.1,162,0.48,0.096,245,0.5,0.1,12,0.49,0.098,166,0
IWM191115C158,2019-11-13,2019-11-13 09:32:30,0.5,0.1,113,0.48,0.096,219,0.5,0.1,12,0.49,0.098,166,0
IWM191115C158,2019-11-13,2019-11-13 09:32:30,0.5,0.1,59,0.48,0.096,52,0.5,0.1,12,0.49,0.098,166,0
IWM191115C158,2019-11-13,2019-11-13 09:32:31,0.5,0.1,58,0.48,0.096,415,0.5,0.1,12,0.49,0.098,166,0
IWM191115C158,2019-11-13,2019-11-13 09:32:31,0.5,0.1,80,0.48,0.096,379,0.5,0.1,12,0.49,0.098,166,0
IWM191115C158,2019-11-13,2019-11-13 09:32:32,0.51,0.102,439,0.48,0.096,705,0.5,0.1,12,0.495,0.099,166,0
IWM191115C158,2019-11-13,2019-11-13 09:32:32,0.51,0.102,166,0.48,0.096,500,0.5,0.1,12,0.495,0.099,166,0
IWM191115C158,2019-11-13,2019-11-13 09:32:33,0.51,0.102,75,0.48,0.096,89,0.5,0.1,12,0.495,0.099,166,0
IWM191115C158,2019-11-13,2019-11-13 09:32:33,0.51,0.102,932,0.48,0.096,690,0.5,0.1,12,0.495,0.099,166,0
IWM191115C158,2019-11-13,2019-11-13 09:32:34,0.51,0.102,439,0.48,0.096,328,0.5,0.1,12,0.495,0.099,166,0
IWM191115C158,2019-11-13,2019-11-13 09:32:35,0.51,0.102,588,0.48,0.096,231,0.5,0.1,12,0.495,0.099,166,0
IWM191115C158,2019-11-13,2019-11-13 09:32:35,0.5,0.1,93,0.49,0.098,21,0.5,0.1,12,0.495,0.099,166,0
IWM191115C158,2019-11-13,2019-11-13 09:32:36,0.5,0.1,93,0.49,0.098,21,0.5,0.1,12,0.495,0.099,166,0
IWM191115C158,2019-11-13,2019-11-13 09:32:36,0.5,0.1,385,0.49,0.098,16,0.5,0.1,12,0.495,0.099,166,0
IWM191115C158,2019-11-13,2019-11-13 09:32:37,0.5,0.1,385,0.49,0.098,21,0.5,0.1,12,0.495,0.099,166,0
IWM191115C158,2019-11-13,2019-11-13 09:32:37,0.5,0.1,491,0.49,0.098,21,0.5,0.1,12,0.495,0.099,166,0
IWM191115C158,2019-11-13,2019-11-13 09:32:38,0.5,0.1,742,0.49,0.098,9,0.5,0.1,12,0.495,0.099,166,0
IWM191115C158,2019-11-13,2019-11-13 09:32:38,0.5,0.1,456,0.48,0.096,204,0.5,0.1,12,0.49,0.098,166,0
IWM191115C158,2019-11-13,2019-11-13 09:32:39,0.5,0.1,160,0.48,0.096,60,0.5,0.1,12,0.49,0.098,166,0
IWM191115C158,2019-11-13,2019-11-13 09:32:39,0.5,0.1,421,0.49,0.098,7,0.5,0.1,12,0.495,0.099,166,0
IWM191115C158,2019-11-13,2019-11-13 09:32:40,0.5,0.1,319,0.49,0.098,6,0.5,0.1,12,0.495,0.099,166,0
IWM191115C158,2019-11-13,2019-11-13 09:32:40,0.5,0.1,431,0.48,0.096,82,0.5,0.1,12,0.49,0.098,166,0
IWM191115C158,2019-11-13,2019-11-13 09:32:41,0.5,0.1,288,0.49,0.098,10,0.5,0.1,12,0.495,0.099,166,0
IWM191115C158,2019-11-13,2019-11-13 09:32:41,0.5,0.1,370,0.49,0.098,10,0.5,0.1,12,0.495,0.099,166,0
IWM191115C158,2019-11-13,2019-11-13 09:32:42,0.5,0.1,747,0.48,0.096,79,0.5,0.1,12,0.49,0.098,166,0
IWM191115C158,2019-11-13,2019-11-13 09:32:42,0.5,0.1,846,0.48,0.096,79,0.5,0.1,12,0.49,0.098,166,0
IWM191115C158,2019-11-13,2019-11-13 09:32:43,0.5,0.1,20,0.49,0.098,10,0.5,0.1,12,0.495,0.099,166,0
IWM191115C158,2019-11-13,2019-11-13 09:32:43,0.5,0.1,474,0.48,0.096,83,0.5,0.1,12,0.49,0.098,166,0
IWM191115C158,2019-11-13,2019-11-13 09:32:44,0.5,0.1,21,0.48,0.096,657,0.5,0.1,1,0.49,0.098,168,0
IWM191115C158,2019-11-13,2019-11-13 09:32:44,0.5,0.1,20,0.49,0.098,10,0.5,0.1,1,0.495,0.099,168,2
IWM191115C158,2019-11-13,2019-11-13 09:32:45,0.5,0.1,21,0.49,0.098,82,0.5,0.1,1,0.495,0.099,168,0
IWM191115C158,2019-11-13,2019-11-13 09:32:45,0.51,0.102,73,0.49,0.098,627,0.5,0.1,1,0.5,0.1,168,0
IWM191115C158,2019-11-13,2019-11-13 09:32:46,0.51,0.102,44,0.49,0.098,627,0.5,0.1,1,0.5,0.1,168,0
IWM191115C158,2019-11-13,2019-11-13 09:32:46,0.52,0.104,260,0.5,0.1,96,0.5,0.1,1,0.51,0.102,168,0
IWM191115C158,2019-11-13,2019-11-13 09:32:47,0.51,0.102,20,0.5,0.1,83,0.5,0.1,1,0.505,0.101,168,0
IWM191115C158,2019-11-13,2019-11-13 09:32:47,0.51,0.102,134,0.49,0.098,68,0.5,0.1,1,0.5,0.1,168,0
IWM191115C158,2019-11-13,2019-11-13 09:32:48,0.51,0.102,99,0.49,0.098,678,0.5,0.1,1,0.5,0.1,168,0
IWM191115C158,2019-11-13,2019-11-13 09:32:49,0.52,0.104,90,0.5,0.1,99,0.5,0.1,1,0.51,0.102,168,0
IWM191115C158,2019-11-13,2019-11-13 09:32:50,0.53,0.106,37,0.51,0.102,45,0.5,0.1,1,0.52,0.104,168,0
IWM191115C158,2019-11-13,2019-11-13 09:32:50,0.52,0.104,164,0.5,0.1,103,0.5,0.1,1,0.51,0.102,168,0
IWM191115C158,2019-11-13,2019-11-13 09:32:51,0.53,0.106,32,0.52,0.104,27,0.5,0.1,1,0.525,0.105,168,0
IWM191115C158,2019-11-13,2019-11-13 09:32:51,0.53,0.106,68,0.51,0.102,45,0.5,0.1,1,0.52,0.104,168,0
IWM191115C158,2019-11-13,2019-11-13 09:32:52,0.54,0.108,226,0.52,0.104,90,0.5,0.1,1,0.53,0.106,168,0
IWM191115C158,2019-11-13,2019-11-13 09:32:52,0.54,0.108,123,0.52,0.104,27,0.5,0.1,1,0.53,0.106,168,0
IWM191115C158,2019-11-13,2019-11-13 09:32:53,0.53,0.106,20,0.51,0.102,336,0.5,0.1,1,0.52,0.104,168,0
IWM191115C158,2019-11-13,2019-11-13 09:32:53,0.53,0.106,59,0.5,0.1,60,0.5,0.1,1,0.515,0.103,168,0
IWM191115C158,2019-11-13,2019-11-13 09:32:54,0.53,0.106,20,0.52,0.104,83,0.5,0.1,1,0.525,0.105,168,0
IWM191115C158,2019-11-13,2019-11-13 09:32:54,0.54,0.108,379,0.52,0.104,79,0.5,0.1,1,0.53,0.106,168,0
IWM191115C158,2019-11-13,2019-11-13 09:32:55,0.54,0.108,73,0.52,0.104,358,0.5,0.1,1,0.53,0.106,168,0
IWM191115C158,2019-11-13,2019-11-13 09:32:55,0.56,0.112,67,0.54,0.108,104,0.5,0.1,1,0.55,0.11,168,0
IWM191115C158,2019-11-13,2019-11-13 09:32:56,0.56,0.112,67,0.54,0.108,104,0.5,0.1,1,0.55,0.11,168,0
IWM191115C158,2019-11-13,2019-11-13 09:32:56,0.57,0.114,100,0.55,0.11,67,0.56,0.112,2,0.56,0.112,170,2
IWM191115C158,2019-11-13,2019-11-13 09:32:57,0.57,0.114,139,0.56,0.112,10,0.56,0.112,2,0.565,0.113,170,0
IWM191115C158,2019-11-13,2019-11-13 09:32:57,0.57,0.114,139,0.55,0.11,125,0.56,0.112,2,0.56,0.112,170,0
IWM191115C158,2019-11-13,2019-11-13 09:32:58,0.55,0.11,104,0.54,0.108,17,0.56,0.112,2,0.545,0.109,170,0
IWM191115C158,2019-11-13,2019-11-13 09:32:58,0.55,0.11,201,0.53,0.106,145,0.56,0.112,2,0.54,0.108,170,0
IWM191115C158,2019-11-13,2019-11-13 09:32:59,0.54,0.108,10,0.53,0.106,14,0.56,0.112,2,0.535,0.107,170,0
IWM191115C158,2019-11-13,2019-11-13 09:32:59,0.54,0.108,20,0.53,0.106,14,0.56,0.112,2,0.535,0.107,170,0
IWM191115C158,2019-11-13,2019-11-13 09:33:00,0.58,0.116,65,0.55,0.11,75,0.56,0.112,2,0.565,0.113,170,0
IWM191115C158,2019-11-13,2019-11-13 09:33:00,0.57,0.114,108,0.55,0.11,50,0.56,0.112,2,0.56,0.112,170,0
IWM191115C158,2019-11-13,2019-11-13 09:33:01,0.57,0.114,24,0.55,0.11,76,0.56,0.112,2,0.56,0.112,170,0
IWM191115C158,2019-11-13,2019-11-13 09:33:01,0.57,0.114,120,0.55,0.11,50,0.56,0.112,2,0.56,0.112,170,0
IWM191115C158,2019-11-13,2019-11-13 09:33:02,0.58,0.116,116,0.56,0.112,114,0.56,0.112,2,0.57,0.114,170,0
IWM191115C158,2019-11-13,2019-11-13 09:33:03,0.6,0.12,114,0.56,0.112,608,0.58,0.116,4,0.58,0.116,174,4
IWM191115C158,2019-11-13,2019-11-13 09:33:03,0.58,0.116,29,0.56,0.112,80,0.56,0.112,2,0.57,0.114,170,0
IWM191115C158,2019-11-13,2019-11-13 09:33:04,0.6,0.12,20,0.58,0.116,261,0.58,0.116,4,0.59,0.118,174,0
IWM191115C158,2019-11-13,2019-11-13 09:33:04,0.6,0.12,114,0.58,0.116,43,0.58,0.116,4,0.59,0.118,174,0
IWM191115C158,2019-11-13,2019-11-13 09:33:05,0.61,0.122,53,0.58,0.116,336,0.58,0.116,4,0.595,0.119,174,0
IWM191115C158,2019-11-13,2019-11-13 09:33:05,0.6,0.12,40,0.58,0.116,386,0.58,0.116,4,0.59,0.118,174,0
IWM191115C158,2019-11-13,2019-11-13 09:33:06,0.62,0.124,57,0.58,0.116,373,0.58,0.116,4,0.6,0.12,174,0
IWM191115C158,2019-11-13,2019-11-13 09:33:06,0.64,0.128,20,0.61,0.122,258,0.58,0.116,4,0.625,0.125,174,0
IWM191115C158,2019-11-13,2019-11-13 09:33:07,0.64,0.128,20,0.61,0.122,499,0.58,0.116,4,0.625,0.125,174,0
IWM191115C158,2019-11-13,2019-11-13 09:33:07,0.65,0.13,20,0.62,0.124,32,0.58,0.116,4,0.635,0.127,174,0
IWM191115C158,2019-11-13,2019-11-13 09:33:08,0.65,0.13,153,0.62,0.124,32,0.58,0.116,4,0.635,0.127,174,0
IWM191115C158,2019-11-13,2019-11-13 09:33:08,0.63,0.126,31,0.61,0.122,18,0.58,0.116,4,0.62,0.124,174,0
IWM191115C158,2019-11-13,2019-11-13 09:33:09,0.62,0.124,527,0.6,0.12,24,0.58,0.116,4,0.61,0.122,174,0
IWM191115C158,2019-11-13,2019-11-13 09:33:09,0.62,0.124,80,0.6,0.12,24,0.58,0.116,4,0.61,0.122,174,0
IWM191115C158,2019-11-13,2019-11-13 09:33:10,0.62,0.124,456,0.59,0.118,85,0.58,0.116,4,0.605,0.121,174,0
IWM191115C158,2019-11-13,2019-11-13 09:33:10,0.61,0.122,52,0.59,0.118,55,0.58,0.116,4,0.6,0.12,174,0
IWM191115C158,2019-11-13,2019-11-13 09:33:11,0.61,0.122,66,0.59,0.118,83,0.58,0.116,4,0.6,0.12,174,0
IWM191115C158,2019-11-13,2019-11-13 09:33:11,0.61,0.122,20,0.59,0.118,553,0.58,0.116,4,0.6,0.12,174,0
IWM191115C158,2019-11-13,2019-11-13 09:33:12,0.61,0.122,86,0.59,0.118,99,0.58,0.116,4,0.6,0.12,174,0
IWM191115C158,2019-11-13,2019-11-13 09:33:12,0.62,0.124,82,0.6,0.12,12,0.58,0.116,4,0.61,0.122,174,0
IWM191115C158,2019-11-13,2019-11-13 09:33:13,0.61,0.122,64,0.59,0.118,11,0.58,0.116,4,0.6,0.12,174,0
IWM191115C158,2019-11-13,2019-11-13 09:33:14,0.61,0.122,488,0.58,0.116,566,0.58,0.116,4,0.595,0.119,174,0
IWM191115C158,2019-11-13,2019-11-13 09:33:14,0.61,0.122,374,0.58,0.116,171,0.58,0.116,4,0.595,0.119,174,0
IWM191115C158,2019-11-13,2019-11-13 09:33:15,0.61,0.122,374,0.58,0.116,86,0.58,0.116,4,0.595,0.119,174,0
IWM191115C158,2019-11-13,2019-11-13 09:33:15,0.61,0.122,374,0.58,0.116,149,0.58,0.116,4,0.595,0.119,174,0
IWM191115C158,2019-11-13,2019-11-13 09:33:16,0.59,0.118,81,0.57,0.114,217,0.58,0.116,4,0.58,0.116,174,0
IWM191115C158,2019-11-13,2019-11-13 09:33:16,0.6,0.12,506,0.57,0.114,201,0.58,0.116,4,0.585,0.117,174,0
IWM191115C158,2019-11-13,2019-11-13 09:33:17,0.59,0.118,394,0.57,0.114,20,0.58,0.116,4,0.58,0.116,174,0
IWM191115C158,2019-11-13,2019-11-13 09:33:17,0.59,0.118,491,0.57,0.114,4,0.58,0.116,4,0.58,0.116,174,0
IWM191115C158,2019-11-13,2019-11-13 09:33:18,0.58,0.116,142,0.55,0.11,207,0.58,0.116,4,0.565,0.113,174,0
IWM191115C158,2019-11-13,2019-11-13 09:33:18,0.58,0.116,477,0.55,0.11,87,0.58,0.116,4,0.565,0.113,174,0
IWM191115C158,2019-11-13,2019-11-13 09:33:19,0.57,0.114,33,0.55,0.11,51,0.58,0.116,4,0.56,0.112,174,0
IWM191115C158,2019-11-13,2019-11-13 09:33:19,0.57,0.114,79,0.55,0.11,34,0.58,0.116,4,0.56,0.112,174,0
IWM191115C158,2019-11-13,2019-11-13 09:33:20,0.57,0.114,24,0.55,0.11,191,0.58,0.116,4,0.56,0.112,174,0
IWM191115C158,2019-11-13,2019-11-13 09:33:20,0.58,0.116,528,0.55,0.11,644,0.58,0.116,4,0.565,0.113,174,0
IWM191115C158,2019-11-13,2019-11-13 09:33:21,0.57,0.114,38,0.55,0.11,528,0.58,0.116,4,0.56,0.112,174,0
IWM191115C158,2019-11-13,2019-11-13 09:33:22,0.57,0.114,305,0.55,0.11,63,0.58,0.116,4,0.56,0.112,174,0
IWM191115C158,2019-11-13,2019-11-13 09:33:22,0.57,0.114,27,0.55,0.11,37,0.58,0.116,4,0.56,0.112,174,0
IWM191115C158,2019-11-13,2019-11-13 09:33:23,0.56,0.112,96,0.54,0.108,31,0.58,0.116,4,0.55,0.11,174,0
IWM191115C158,2019-11-13,2019-11-13 09:33:23,0.54,0.108,20,0.53,0.106,96,0.56,0.112,2,0.535,0.107,176,2
IWM191115C158,2019-11-13,2019-11-13 09:33:24,0.55,0.11,106,0.53,0.106,124,0.56,0.112,2,0.54,0.108,176,0
IWM191115C158,2019-11-13,2019-11-13 09:33:24,0.55,0.11,10,0.53,0.106,96,0.56,0.112,2,0.54,0.108,176,0
IWM191115C158,2019-11-13,2019-11-13 09:33:25,0.55,0.11,156,0.53,0.106,124,0.56,0.112,2,0.54,0.108,176,0
IWM191115C158,2019-11-13,2019-11-13 09:33:26,0.55,0.11,144,0.53,0.106,124,0.56,0.112,2,0.54,0.108,176,0
IWM191115C158,2019-11-13,2019-11-13 09:33:27,0.55,0.11,127,0.53,0.106,124,0.56,0.112,2,0.54,0.108,176,0
IWM191115C158,2019-11-13,2019-11-13 09:33:27,0.55,0.11,111,0.53,0.106,183,0.56,0.112,2,0.54,0.108,176,0
IWM191115C158,2019-11-13,2019-11-13 09:33:28,0.55,0.11,98,0.54,0.108,56,0.56,0.112,2,0.545,0.109,176,0
IWM191115C158,2019-11-13,2019-11-13 09:33:28,0.55,0.11,352,0.54,0.108,56,0.56,0.112,2,0.545,0.109,176,0
IWM191115C158,2019-11-13,2019-11-13 09:33:29,0.55,0.11,20,0.53,0.106,57,0.56,0.112,2,0.54,0.108,176,0
IWM191115C158,2019-11-13,2019-11-13 09:33:29,0.55,0.11,136,0.53,0.106,13,0.56,0.112,2,0.54,0.108,176,0
IWM191115C158,2019-11-13,2019-11-13 09:33:30,0.55,0.11,403,0.53,0.106,32,0.56,0.112,2,0.54,0.108,176,0
IWM191115C158,2019-11-13,2019-11-13 09:33:31,0.55,0.11,512,0.53,0.106,32,0.56,0.112,2,0.54,0.108,176,0
IWM191115C158,2019-11-13,2019-11-13 09:33:32,0.55,0.11,665,0.53,0.106,56,0.56,0.112,2,0.54,0.108,176,0
IWM191115C158,2019-11-13,2019-11-13 09:33:33,0.55,0.11,665,0.53,0.106,31,0.56,0.112,2,0.54,0.108,176,0
IWM191115C158,2019-11-13,2019-11-13 09:33:33,0.55,0.11,262,0.53,0.106,41,0.56,0.112,2,0.54,0.108,176,0
IWM191115C158,2019-11-13,2019-11-13 09:33:34,0.55,0.11,107,0.53,0.106,22,0.56,0.112,2,0.54,0.108,176,0
IWM191115C158,2019-11-13,2019-11-13 09:33:34,0.55,0.11,281,0.53,0.106,64,0.56,0.112,2,0.54,0.108,176,0
IWM191115C158,2019-11-13,2019-11-13 09:33:35,0.56,0.112,317,0.54,0.108,23,0.56,0.112,2,0.55,0.11,176,0
IWM191115C158,2019-11-13,2019-11-13 09:33:35,0.55,0.11,67,0.54,0.108,23,0.56,0.112,2,0.545,0.109,176,0
IWM191115C158,2019-11-13,2019-11-13 09:33:36,0.56,0.112,66,0.54,0.108,42,0.56,0.112,2,0.55,0.11,176,0
IWM191115C158,2019-11-13,2019-11-13 09:33:36,0.56,0.112,523,0.54,0.108,55,0.56,0.112,2,0.55,0.11,176,0
IWM191115C158,2019-11-13,2019-11-13 09:33:37,0.57,0.114,405,0.55,0.11,19,0.56,0.112,2,0.56,0.112,176,0
IWM191115C158,2019-11-13,2019-11-13 09:33:37,0.57,0.114,315,0.55,0.11,68,0.56,0.112,2,0.56,0.112,176,0
IWM191115C158,2019-11-13,2019-11-13 09:33:38,0.57,0.114,143,0.55,0.11,26,0.56,0.112,2,0.56,0.112,176,0
IWM191115C158,2019-11-13,2019-11-13 09:33:38,0.57,0.114,442,0.55,0.11,26,0.56,0.112,2,0.56,0.112,176,0
IWM191115C158,2019-11-13,2019-11-13 09:33:39,0.57,0.114,442,0.55,0.11,31,0.56,0.112,2,0.56,0.112,176,0
IWM191115C158,2019-11-13,2019-11-13 09:33:40,0.57,0.114,394,0.55,0.11,31,0.56,0.112,2,0.56,0.112,176,0
IWM191115C158,2019-11-13,2019-11-13 09:33:40,0.57,0.114,467,0.55,0.11,43,0.56,0.112,2,0.56,0.112,176,0
IWM191115C158,2019-11-13,2019-11-13 09:33:41,0.57,0.114,393,0.56,0.112,19,0.56,0.112,2,0.565,0.113,176,0
IWM191115C158,2019-11-13,2019-11-13 09:33:42,0.57,0.114,116,0.56,0.112,19,0.56,0.112,2,0.565,0.113,176,0
IWM191115C158,2019-11-13,2019-11-13 09:33:43,0.57,0.114,298,0.56,0.112,5,0.56,0.112,2,0.565,0.113,176,0
IWM191115C158,2019-11-13,2019-11-13 09:33:43,0.57,0.114,129,0.56,0.112,19,0.56,0.112,2,0.565,0.113,176,0
IWM191115C158,2019-11-13,2019-11-13 09:33:44,0.57,0.114,103,0.56,0.112,27,0.56,0.112,2,0.565,0.113,176,0
IWM191115C158,2019-11-13,2019-11-13 09:33:44,0.57,0.114,103,0.57,0.114,5,0.56,0.112,2,0.57,0.114,176,0
IWM191115C158,2019-11-13,2019-11-13 09:33:45,0.58,0.116,85,0.57,0.114,5,0.56,0.112,2,0.575,0.115,176,0
IWM191115C158,2019-11-13,2019-11-13 09:33:45,0.58,0.116,20,0.57,0.114,5,0.56,0.112,2,0.575,0.115,176,0
IWM191115C158,2019-11-13,2019-11-13 09:33:46,0.58,0.116,20,0.57,0.114,22,0.56,0.112,2,0.575,0.115,176,0
IWM191115C158,2019-11-13,2019-11-13 09:33:46,0.58,0.116,30,0.57,0.114,10,0.56,0.112,2,0.575,0.115,176,0
IWM191115C158,2019-11-13,2019-11-13 09:33:47,0.58,0.116,20,0.57,0.114,39,0.56,0.112,2,0.575,0.115,176,0
IWM191115C158,2019-11-13,2019-11-13 09:33:47,0.59,0.118,351,0.57,0.114,44,0.56,0.112,2,0.58,0.116,176,0
IWM191115C158,2019-11-13,2019-11-13 09:33:48,0.59,0.118,351,0.57,0.114,56,0.56,0.112,2,0.58,0.116,176,0
IWM191115C158,2019-11-13,2019-11-13 09:33:48,0.59,0.118,572,0.57,0.114,19,0.56,0.112,2,0.58,0.116,176,0
IWM191115C158,2019-11-13,2019-11-13 09:33:49,0.59,0.118,628,0.57,0.114,27,0.56,0.112,2,0.58,0.116,176,0
IWM191115C158,2019-11-13,2019-11-13 09:33:49,0.59,0.118,635,0.57,0.114,19,0.56,0.112,2,0.58,0.116,176,0
IWM191115C158,2019-11-13,2019-11-13 09:33:50,0.58,0.116,20,0.57,0.114,27,0.58,0.116,5,0.575,0.115,181,5
IWM191115C158,2019-11-13,2019-11-13 09:33:50,0.58,0.116,20,0.57,0.114,13,0.58,0.116,5,0.575,0.115,181,0
IWM191115C158,2019-11-13,2019-11-13 09:33:51,0.58,0.116,20,0.57,0.114,13,0.58,0.116,5,0.575,0.115,181,0
IWM191115C158,2019-11-13,2019-11-13 09:33:52,0.59,0.118,541,0.57,0.114,39,0.58,0.116,5,0.58,0.116,181,0
IWM191115C158,2019-11-13,2019-11-13 09:33:52,0.59,0.118,517,0.57,0.114,46,0.58,0.116,5,0.58,0.116,181,0
IWM191115C158,2019-11-13,2019-11-13 09:33:53,0.59,0.118,541,0.57,0.114,58,0.58,0.116,5,0.58,0.116,181,0
IWM191115C158,2019-11-13,2019-11-13 09:33:53,0.59,0.118,23,0.58,0.116,21,0.58,0.116,5,0.585,0.117,181,0
IWM191115C158,2019-11-13,2019-11-13 09:33:54,0.6,0.12,347,0.57,0.114,57,0.58,0.116,5,0.585,0.117,181,0
IWM191115C158,2019-11-13,2019-11-13 09:33:54,0.6,0.12,490,0.57,0.114,174,0.58,0.116,5,0.585,0.117,181,0
IWM191115C158,2019-11-13,2019-11-13 09:33:55,0.6,0.12,32,0.58,0.116,56,0.58,0.116,5,0.59,0.118,181,0
IWM191115C158,2019-11-13,2019-11-13 09:33:55,0.6,0.12,105,0.58,0.116,56,0.58,0.116,5,0.59,0.118,181,0
IWM191115C158,2019-11-13,2019-11-13 09:33:56,0.6,0.12,32,0.58,0.116,117,0.58,0.116,5,0.59,0.118,181,0
IWM191115C158,2019-11-13,2019-11-13 09:33:57,0.6,0.12,47,0.58,0.116,30,0.58,0.116,5,0.59,0.118,181,0
IWM191115C158,2019-11-13,2019-11-13 09:33:57,0.6,0.12,32,0.58,0.116,143,0.58,0.116,5,0.59,0.118,181,0
IWM191115C158,2019-11-13,2019-11-13 09:33:58,0.6,0.12,43,0.58,0.116,117,0.58,0.116,5,0.59,0.118,181,0
IWM191115C158,2019-11-13,2019-11-13 09:33:58,0.6,0.12,68,0.58,0.116,33,0.58,0.116,5,0.59,0.118,181,0
IWM191115C158,2019-11-13,2019-11-13 09:33:59,0.6,0.12,43,0.58,0.116,144,0.58,0.116,5,0.59,0.118,181,0
IWM191115C158,2019-11-13,2019-11-13 09:33:59,0.6,0.12,143,0.58,0.116,37,0.58,0.116,5,0.59,0.118,181,0
IWM191115C158,2019-11-13,2019-11-13 09:34:00,0.6,0.12,115,0.58,0.116,55,0.58,0.116,5,0.59,0.118,181,0
IWM191115C158,2019-11-13,2019-11-13 09:34:00,0.6,0.12,315,0.58,0.116,59,0.58,0.116,5,0.59,0.118,181,0
IWM191115C158,2019-11-13,2019-11-13 09:34:01,0.6,0.12,315,0.58,0.116,59,0.58,0.116,5,0.59,0.118,181,0
IWM191115C158,2019-11-13,2019-11-13 09:34:01,0.6,0.12,119,0.58,0.116,37,0.58,0.116,5,0.59,0.118,181,0
IWM191115C158,2019-11-13,2019-11-13 09:34:02,0.6,0.12,575,0.57,0.114,43,0.58,0.116,5,0.585,0.117,181,0
IWM191115C158,2019-11-13,2019-11-13 09:34:02,0.6,0.12,420,0.58,0.116,64,0.58,0.116,5,0.59,0.118,181,0
IWM191115C158,2019-11-13,2019-11-13 09:34:03,0.6,0.12,726,0.57,0.114,49,0.58,0.116,5,0.585,0.117,181,0
IWM191115C158,2019-11-13,2019-11-13 09:34:03,0.6,0.12,726,0.57,0.114,59,0.58,0.116,5,0.585,0.117,181,0
IWM191115C158,2019-11-13,2019-11-13 09:34:04,0.6,0.12,753,0.57,0.114,19,0.58,0.116,5,0.585,0.117,181,0
IWM191115C158,2019-11-13,2019-11-13 09:34:04,0.6,0.12,753,0.57,0.114,58,0.58,0.116,5,0.585,0.117,181,0
IWM191115C158,2019-11-13,2019-11-13 09:34:05,0.59,0.118,131,0.57,0.114,73,0.58,0.116,5,0.58,0.116,181,0
IWM191115C158,2019-11-13,2019-11-13 09:34:05,0.59,0.118,146,0.57,0.114,75,0.58,0.116,5,0.58,0.116,181,0
IWM191115C158,2019-11-13,2019-11-13 09:34:06,0.59,0.118,108,0.57,0.114,87,0.58,0.116,5,0.58,0.116,181,0
IWM191115C158,2019-11-13,2019-11-13 09:34:06,0.59,0.118,82,0.57,0.114,99,0.58,0.116,5,0.58,0.116,181,0
IWM191115C158,2019-11-13,2019-11-13 09:34:07,0.59,0.118,501,0.58,0.116,5,0.58,0.116,5,0.585,0.117,181,0
IWM191115C158,2019-11-13,2019-11-13 09:34:07,0.59,0.118,74,0.57,0.114,87,0.58,0.116,5,0.58,0.116,181,0
IWM191115C158,2019-11-13,2019-11-13 09:34:08,0.59,0.118,80,0.58,0.116,5,0.58,0.116,5,0.585,0.117,181,0
IWM191115C158,2019-11-13,2019-11-13 09:34:08,0.59,0.118,581,0.58,0.116,5,0.58,0.116,5,0.585,0.117,181,0
IWM191115C158,2019-11-13,2019-11-13 09:34:09,0.6,0.12,72,0.58,0.116,19,0.58,0.116,5,0.59,0.118,181,0
IWM191115C158,2019-11-13,2019-11-13 09:34:09,0.59,0.118,20,0.58,0.116,5,0.58,0.116,5,0.585,0.117,181,0
IWM191115C158,2019-11-13,2019-11-13 09:34:10,0.6,0.12,413,0.58,0.116,23,0.58,0.116,5,0.59,0.118,181,0
IWM191115C158,2019-11-13,2019-11-13 09:34:10,0.6,0.12,154,0.58,0.116,23,0.58,0.116,5,0.59,0.118,181,0
IWM191115C158,2019-11-13,2019-11-13 09:34:11,0.6,0.12,10,0.58,0.116,95,0.58,0.116,5,0.59,0.118,181,0
IWM191115C158,2019-11-13,2019-11-13 09:34:11,0.6,0.12,199,0.58,0.116,80,0.58,0.116,5,0.59,0.118,181,0
IWM191115C158,2019-11-13,2019-11-13 09:34:12,0.6,0.12,245,0.58,0.116,33,0.58,0.116,5,0.59,0.118,181,0
IWM191115C158,2019-11-13,2019-11-13 09:34:12,0.6,0.12,122,0.58,0.116,52,0.58,0.116,5,0.59,0.118,181,0
IWM191115C158,2019-11-13,2019-11-13 09:34:13,0.6,0.12,75,0.59,0.118,5,0.58,0.116,5,0.595,0.119,181,0
IWM191115C158,2019-11-13,2019-11-13 09:34:14,0.6,0.12,30,0.59,0.118,19,0.58,0.116,5,0.595,0.119,181,0
IWM191115C158,2019-11-13,2019-11-13 09:34:15,0.6,0.12,30,0.59,0.118,5,0.58,0.116,5,0.595,0.119,181,0
IWM191115C158,2019-11-13,2019-11-13 09:34:15,0.6,0.12,30,0.59,0.118,19,0.58,0.116,5,0.595,0.119,181,0
IWM191115C158,2019-11-13,2019-11-13 09:34:16,0.63,0.126,114,0.59,0.118,37,0.58,0.116,5,0.61,0.122,181,0
IWM191115C158,2019-11-13,2019-11-13 09:34:16,0.6,0.12,35,0.59,0.118,5,0.58,0.116,5,0.595,0.119,181,0
IWM191115C158,2019-11-13,2019-11-13 09:34:17,0.62,0.124,33,0.6,0.12,15,0.58,0.116,5,0.61,0.122,181,0
IWM191115C158,2019-11-13,2019-11-13 09:34:17,0.62,0.124,20,0.6,0.12,35,0.58,0.116,5,0.61,0.122,181,0
IWM191115C158,2019-11-13,2019-11-13 09:34:18,0.63,0.126,133,0.6,0.12,346,0.58,0.116,5,0.615,0.123,181,0
IWM191115C158,2019-11-13,2019-11-13 09:34:18,0.63,0.126,355,0.6,0.12,41,0.58,0.116,5,0.615,0.123,181,0
IWM191115C158,2019-11-13,2019-11-13 09:34:19,0.62,0.124,79,0.6,0.12,35,0.58,0.116,5,0.61,0.122,181,0
IWM191115C158,2019-11-13,2019-11-13 09:34:19,0.63,0.126,327,0.6,0.12,346,0.58,0.116,5,0.615,0.123,181,0
IWM191115C158,2019-11-13,2019-11-13 09:34:20,0.61,0.122,200,0.6,0.12,13,0.6,0.12,5,0.605,0.121,186,5
IWM191115C158,2019-11-13,2019-11-13 09:34:20,0.62,0.124,133,0.6,0.12,13,0.58,0.116,5,0.61,0.122,181,0
IWM191115C158,2019-11-13,2019-11-13 09:34:21,0.61,0.122,428,0.58,0.116,94,0.6,0.12,5,0.595,0.119,186,0
IWM191115C158,2019-11-13,2019-11-13 09:34:21,0.61,0.122,126,0.58,0.116,107,0.6,0.12,5,0.595,0.119,186,0
IWM191115C158,2019-11-13,2019-11-13 09:34:22,0.61,0.122,219,0.58,0.116,410,0.6,0.12,5,0.595,0.119,186,0
IWM191115C158,2019-11-13,2019-11-13 09:34:22,0.61,0.122,386,0.58,0.116,394,0.6,0.12,5,0.595,0.119,186,0
IWM191115C158,2019-11-13,2019-11-13 09:34:23,0.6,0.12,46,0.58,0.116,85,0.6,0.12,5,0.59,0.118,186,0
IWM191115C158,2019-11-13,2019-11-13 09:34:23,0.61,0.122,93,0.59,0.118,28,0.6,0.12,5,0.6,0.12,186,0
IWM191115C158,2019-11-13,2019-11-13 09:34:24,0.6,0.12,332,0.58,0.116,85,0.6,0.12,5,0.59,0.118,186,0
IWM191115C158,2019-11-13,2019-11-13 09:34:24,0.6,0.12,297,0.58,0.116,50,0.6,0.12,5,0.59,0.118,186,0
IWM191115C158,2019-11-13,2019-11-13 09:34:25,0.61,0.122,24,0.58,0.116,530,0.6,0.12,5,0.595,0.119,186,0
IWM191115C158,2019-11-13,2019-11-13 09:34:25,0.6,0.12,120,0.58,0.116,92,0.6,0.12,5,0.59,0.118,186,0
IWM191115C158,2019-11-13,2019-11-13 09:34:26,0.61,0.122,24,0.59,0.118,111,0.6,0.12,5,0.6,0.12,186,0
IWM191115C158,2019-11-13,2019-11-13 09:34:26,0.61,0.122,24,0.59,0.118,92,0.6,0.12,5,0.6,0.12,186,0
IWM191115C158,2019-11-13,2019-11-13 09:34:27,0.6,0.12,81,0.58,0.116,35,0.6,0.12,5,0.59,0.118,186,0
IWM191115C158,2019-11-13,2019-11-13 09:34:27,0.6,0.12,126,0.58,0.116,154,0.6,0.12,5,0.59,0.118,186,0
IWM191115C158,2019-11-13,2019-11-13 09:34:28,0.6,0.12,35,0.58,0.116,267,0.6,0.12,5,0.59,0.118,186,0
IWM191115C158,2019-11-13,2019-11-13 09:34:28,0.6,0.12,110,0.58,0.116,267,0.6,0.12,5,0.59,0.118,186,0
IWM191115C158,2019-11-13,2019-11-13 09:34:29,0.6,0.12,10,0.59,0.118,10,0.6,0.12,22,0.595,0.119,261,75
IWM191115C158,2019-11-13,2019-11-13 09:34:30,0.6,0.12,39,0.59,0.118,10,0.6,0.12,22,0.595,0.119,261,0
IWM191115C158,2019-11-13,2019-11-13 09:34:30,0.6,0.12,43,0.59,0.118,10,0.6,0.12,22,0.595,0.119,261,0
IWM191115C158,2019-11-13,2019-11-13 09:34:31,0.6,0.12,39,0.59,0.118,30,0.6,0.12,22,0.595,0.119,261,0
IWM191115C158,2019-11-13,2019-11-13 09:34:31,0.61,0.122,57,0.59,0.118,521,0.6,0.12,22,0.6,0.12,261,0
IWM191115C158,2019-11-13,2019-11-13 09:34:32,0.61,0.122,59,0.59,0.118,649,0.6,0.12,22,0.6,0.12,261,0
IWM191115C158,2019-11-13,2019-11-13 09:34:32,0.6,0.12,24,0.59,0.118,10,0.6,0.12,22,0.595,0.119,261,0
IWM191115C158,2019-11-13,2019-11-13 09:34:33,0.61,0.122,552,0.59,0.118,26,0.6,0.12,22,0.6,0.12,261,0
IWM191115C158,2019-11-13,2019-11-13 09:34:33,0.61,0.122,472,0.59,0.118,26,0.6,0.12,22,0.6,0.12,261,0
IWM191115C158,2019-11-13,2019-11-13 09:34:34,0.61,0.122,552,0.59,0.118,26,0.6,0.12,22,0.6,0.12,261,0
IWM191115C158,2019-11-13,2019-11-13 09:34:35,0.61,0.122,46,0.59,0.118,608,0.6,0.12,22,0.6,0.12,261,0
IWM191115C158,2019-11-13,2019-11-13 09:34:35,0.61,0.122,51,0.59,0.118,594,0.6,0.12,22,0.6,0.12,261,0
IWM191115C158,2019-11-13,2019-11-13 09:34:36,0.61,0.122,51,0.59,0.118,120,0.6,0.12,22,0.6,0.12,261,0
IWM191115C158,2019-11-13,2019-11-13 09:34:36,0.6,0.12,10,0.59,0.118,120,0.6,0.12,22,0.595,0.119,261,0
IWM191115C158,2019-11-13,2019-11-13 09:34:37,0.6,0.12,10,0.59,0.118,98,0.6,0.12,22,0.595,0.119,261,0
IWM191115C158,2019-11-13,2019-11-13 09:34:37,0.6,0.12,24,0.59,0.118,98,0.6,0.12,22,0.595,0.119,261,0
IWM191115C158,2019-11-13,2019-11-13 09:34:38,0.6,0.12,10,0.59,0.118,45,0.6,0.12,22,0.595,0.119,261,0
IWM191115C158,2019-11-13,2019-11-13 09:34:38,0.6,0.12,24,0.59,0.118,45,0.6,0.12,22,0.595,0.119,261,0
IWM191115C158,2019-11-13,2019-11-13 09:34:39,0.6,0.12,24,0.59,0.118,84,0.6,0.12,22,0.595,0.119,261,0
IWM191115C158,2019-11-13,2019-11-13 09:34:39,0.61,0.122,10,0.59,0.118,84,0.6,0.12,22,0.6,0.12,261,0
IWM191115C158,2019-11-13,2019-11-13 09:34:40,0.62,0.124,198,0.6,0.12,222,0.6,0.12,22,0.61,0.122,261,0
IWM191115C158,2019-11-13,2019-11-13 09:34:40,0.63,0.126,261,0.61,0.122,50,0.6,0.12,22,0.62,0.124,261,0
IWM191115C158,2019-11-13,2019-11-13 09:34:41,0.62,0.124,10,0.61,0.122,104,0.6,0.12,22,0.615,0.123,261,0
IWM191115C158,2019-11-13,2019-11-13 09:34:41,0.63,0.126,33,0.61,0.122,409,0.6,0.12,22,0.62,0.124,261,0
IWM191115C158,2019-11-13,2019-11-13 09:34:42,0.63,0.126,47,0.61,0.122,208,0.6,0.12,22,0.62,0.124,261,0
IWM191115C158,2019-11-13,2019-11-13 09:34:42,0.63,0.126,89,0.61,0.122,218,0.6,0.12,22,0.62,0.124,261,0
IWM191115C158,2019-11-13,2019-11-13 09:34:43,0.63,0.126,361,0.61,0.122,51,0.6,0.12,22,0.62,0.124,261,0
IWM191115C158,2019-11-13,2019-11-13 09:34:43,0.63,0.126,190,0.61,0.122,58,0.6,0.12,22,0.62,0.124,261,0
IWM191115C158,2019-11-13,2019-11-13 09:34:44,0.63,0.126,20,0.61,0.122,393,0.6,0.12,22,0.62,0.124,261,0
IWM191115C158,2019-11-13,2019-11-13 09:34:44,0.64,0.128,64,0.62,0.124,27,0.6,0.12,22,0.63,0.126,261,0
IWM191115C158,2019-11-13,2019-11-13 09:34:45,0.64,0.128,56,0.62,0.124,89,0.6,0.12,22,0.63,0.126,261,0
IWM191115C158,2019-11-13,2019-11-13 09:34:46,0.64,0.128,21,0.62,0.124,331,0.6,0.12,22,0.63,0.126,261,0
IWM191115C158,2019-11-13,2019-11-13 09:34:46,0.65,0.13,346,0.62,0.124,731,0.6,0.12,22,0.635,0.127,261,0
IWM191115C158,2019-11-13,2019-11-13 09:34:47,0.64,0.128,21,0.62,0.124,766,0.6,0.12,22,0.63,0.126,261,0
IWM191115C158,2019-11-13,2019-11-13 09:34:47,0.64,0.128,21,0.62,0.124,731,0.6,0.12,22,0.63,0.126,261,0
IWM191115C158,2019-11-13,2019-11-13 09:34:48,0.65,0.13,267,0.63,0.126,80,0.6,0.12,22,0.64,0.128,261,0
IWM191115C158,2019-11-13,2019-11-13 09:34:48,0.65,0.13,34,0.63,0.126,108,0.6,0.12,22,0.64,0.128,261,0
IWM191115C158,2019-11-13,2019-11-13 09:34:49,0.65,0.13,81,0.63,0.126,84,0.6,0.12,22,0.64,0.128,261,0
IWM191115C158,2019-11-13,2019-11-13 09:34:49,0.65,0.13,308,0.63,0.126,91,0.6,0.12,22,0.64,0.128,261,0
IWM191115C158,2019-11-13,2019-11-13 09:34:50,0.65,0.13,373,0.63,0.126,82,0.6,0.12,22,0.64,0.128,261,0
IWM191115C158,2019-11-13,2019-11-13 09:34:50,0.65,0.13,53,0.63,0.126,111,0.6,0.12,22,0.64,0.128,261,0
IWM191115C158,2019-11-13,2019-11-13 09:34:51,0.65,0.13,21,0.64,0.128,24,0.6,0.12,22,0.645,0.129,261,0
IWM191115C158,2019-11-13,2019-11-13 09:34:51,0.65,0.13,13,0.64,0.128,24,0.6,0.12,22,0.645,0.129,261,0
IWM191115C158,2019-11-13,2019-11-13 09:34:52,0.66,0.132,60,0.64,0.128,48,0.6,0.12,22,0.65,0.13,261,0
IWM191115C158,2019-11-13,2019-11-13 09:34:52,0.65,0.13,21,0.64,0.128,24,0.6,0.12,22,0.645,0.129,261,0
IWM191115C158,2019-11-13,2019-11-13 09:34:53,0.66,0.132,273,0.64,0.128,58,0.6,0.12,22,0.65,0.13,261,0
IWM191115C158,2019-11-13,2019-11-13 09:34:53,0.66,0.132,40,0.64,0.128,156,0.6,0.12,22,0.65,0.13,261,0
IWM191115C158,2019-11-13,2019-11-13 09:34:54,0.68,0.136,144,0.65,0.13,239,0.67,0.134,2,0.665,0.133,266,5
IWM191115C158,2019-11-13,2019-11-13 09:34:54,0.67,0.134,155,0.65,0.13,47,0.6,0.12,22,0.66,0.132,261,0
IWM191115C158,2019-11-13,2019-11-13 09:34:55,0.67,0.134,44,0.65,0.13,226,0.67,0.134,2,0.66,0.132,266,0
IWM191115C158,2019-11-13,2019-11-13 09:34:55,0.67,0.134,20,0.66,0.132,14,0.67,0.134,2,0.665,0.133,266,0
IWM191115C158,2019-11-13,2019-11-13 09:34:56,0.67,0.134,33,0.65,0.13,242,0.67,0.134,2,0.66,0.132,266,0
IWM191115C158,2019-11-13,2019-11-13 09:34:56,0.68,0.136,383,0.66,0.132,18,0.67,0.134,2,0.67,0.134,266,0
IWM191115C158,2019-11-13,2019-11-13 09:34:57,0.68,0.136,183,0.66,0.132,18,0.67,0.134,2,0.67,0.134,266,0
IWM191115C158,2019-11-13,2019-11-13 09:34:57,0.68,0.136,383,0.66,0.132,18,0.67,0.134,2,0.67,0.134,266,0
IWM191115C158,2019-11-13,2019-11-13 09:34:58,0.68,0.136,383,0.66,0.132,66,0.67,0.134,2,0.67,0.134,266,0
IWM191115C158,2019-11-13,2019-11-13 09:34:59,0.68,0.136,45,0.67,0.134,13,0.67,0.134,2,0.675,0.135,266,0
IWM191115C158,2019-11-13,2019-11-13 09:34:59,0.68,0.136,12,0.67,0.134,28,0.67,0.134,2,0.675,0.135,266,0
IWM191115C158,2019-11-13,2019-11-13 09:35:00,0.68,0.136,12,0.67,0.134,28,0.67,0.134,2,0.675,0.135,266,0
IWM191115C158,2019-11-13,2019-11-13 09:35:00,0.69,0.138,20,0.67,0.134,248,0.67,0.134,2,0.68,0.136,266,0
IWM191115C158,2019-11-13,2019-11-13 09:35:01,0.69,0.138,97,0.67,0.134,10,0.67,0.134,2,0.68,0.136,266,0
IWM191115C158,2019-11-13,2019-11-13 09:35:02,0.68,0.136,117,0.66,0.132,70,0.67,0.134,2,0.67,0.134,266,0
IWM191115C158,2019-11-13,2019-11-13 09:35:02,0.68,0.136,119,0.66,0.132,63,0.67,0.134,2,0.67,0.134,266,0
IWM191115C158,2019-11-13,2019-11-13 09:35:03,0.7,0.14,160,0.68,0.136,62,0.7,0.14,4,0.69,0.138,366,13
IWM191115C158,2019-11-13,2019-11-13 09:35:03,0.69,0.138,10,0.67,0.134,386,0.69,0.138,42,0.68,0.136,353,87
IWM191115C158,2019-11-13,2019-11-13 09:35:04,0.7,0.14,63,0.68,0.136,262,0.7,0.14,4,0.69,0.138,366,0
IWM191115C158,2019-11-13,2019-11-13 09:35:04,0.7,0.14,63,0.68,0.136,345,0.7,0.14,4,0.69,0.138,366,0
IWM191115C158,2019-11-13,2019-11-13 09:35:05,0.71,0.142,39,0.68,0.136,335,0.7,0.14,4,0.695,0.139,366,0
IWM191115C158,2019-11-13,2019-11-13 09:35:05,0.71,0.142,14,0.68,0.136,335,0.7,0.14,4,0.695,0.139,366,0
IWM191115C158,2019-11-13,2019-11-13 09:35:06,0.72,0.144,40,0.7,0.14,32,0.7,0.14,4,0.71,0.142,366,0
IWM191115C158,2019-11-13,2019-11-13 09:35:06,0.72,0.144,49,0.7,0.14,378,0.7,0.14,4,0.71,0.142,366,0
IWM191115C158,2019-11-13,2019-11-13 09:35:07,0.73,0.146,79,0.7,0.14,225,0.7,0.14,4,0.715,0.143,366,0
IWM191115C158,2019-11-13,2019-11-13 09:35:07,0.73,0.146,110,0.7,0.14,56,0.7,0.14,4,0.715,0.143,366,0
IWM191115C158,2019-11-13,2019-11-13 09:35:08,0.72,0.144,25,0.7,0.14,130,0.7,0.14,4,0.71,0.142,366,0
IWM191115C158,2019-11-13,2019-11-13 09:35:08,0.72,0.144,28,0.71,0.142,10,0.7,0.14,4,0.715,0.143,366,0
IWM191115C158,2019-11-13,2019-11-13 09:35:09,0.73,0.146,169,0.71,0.142,22,0.7,0.14,4,0.72,0.144,366,0
IWM191115C158,2019-11-13,2019-11-13 09:35:09,0.73,0.146,449,0.71,0.142,33,0.7,0.14,4,0.72,0.144,366,0
IWM191115C158,2019-11-13,2019-11-13 09:35:10,0.73,0.146,301,0.71,0.142,35,0.7,0.14,4,0.72,0.144,366,0
IWM191115C158,2019-11-13,2019-11-13 09:35:10,0.72,0.144,86,0.7,0.14,13,0.7,0.14,4,0.71,0.142,366,0
IWM191115C158,2019-11-13,2019-11-13 09:35:11,0.72,0.144,36,0.71,0.142,2,0.7,0.14,4,0.715,0.143,366,0
IWM191115C158,2019-11-13,2019-11-13 09:35:11,0.72,0.144,42,0.7,0.14,88,0.7,0.14,4,0.71,0.142,366,0
IWM191115C158,2019-11-13,2019-11-13 09:35:12,0.72,0.144,54,0.71,0.142,3,0.7,0.14,4,0.715,0.143,366,0
IWM191115C158,2019-11-13,2019-11-13 09:35:13,0.72,0.144,66,0.7,0.14,299,0.7,0.14,4,0.71,0.142,366,0
IWM191115C158,2019-11-13,2019-11-13 09:35:13,0.73,0.146,20,0.7,0.14,408,0.7,0.14,4,0.715,0.143,366,0
IWM191115C158,2019-11-13,2019-11-13 09:35:14,0.73,0.146,105,0.71,0.142,1,0.7,0.14,4,0.72,0.144,366,0
IWM191115C158,2019-11-13,2019-11-13 09:35:14,0.73,0.146,242,0.71,0.142,1,0.7,0.14,4,0.72,0.144,366,0
IWM191115C158,2019-11-13,2019-11-13 09:35:15,0.72,0.144,37,0.7,0.14,504,0.7,0.14,4,0.71,0.142,366,0
IWM191115C158,2019-11-13,2019-11-13 09:35:15,0.72,0.144,37,0.7,0.14,304,0.7,0.14,4,0.71,0.142,366,0
IWM191115C158,2019-11-13,2019-11-13 09:35:16,0.72,0.144,56,0.7,0.14,75,0.7,0.14,4,0.71,0.142,366,0
IWM191115C158,2019-11-13,2019-11-13 09:35:16,0.72,0.144,37,0.7,0.14,425,0.7,0.14,4,0.71,0.142,366,0
IWM191115C158,2019-11-13,2019-11-13 09:35:17,0.74,0.148,68,0.7,0.14,74,0.7,0.14,4,0.72,0.144,366,0
IWM191115C158,2019-11-13,2019-11-13 09:35:17,0.74,0.148,31,0.71,0.142,156,0.7,0.14,4,0.725,0.145,366,0
IWM191115C158,2019-11-13,2019-11-13 09:35:18,0.74,0.148,18,0.72,0.144,50,0.7,0.14,4,0.73,0.146,366,0
IWM191115C158,2019-11-13,2019-11-13 09:35:19,0.75,0.15,38,0.74,0.148,1,0.74,0.148,4,0.745,0.149,370,0
IWM191115C158,2019-11-13,2019-11-13 09:35:19,0.75,0.15,10,0.74,0.148,1,0.74,0.148,4,0.745,0.149,370,4
IWM191115C158,2019-11-13,2019-11-13 09:35:20,0.75,0.15,285,0.73,0.146,5,0.74,0.148,4,0.74,0.148,370,0
IWM191115C158,2019-11-13,2019-11-13 09:35:20,0.74,0.148,45,0.72,0.144,66,0.74,0.148,4,0.73,0.146,370,0
IWM191115C158,2019-11-13,2019-11-13 09:35:21,0.74,0.148,45,0.71,0.142,289,0.73,0.146,1,0.725,0.145,371,0
IWM191115C158,2019-11-13,2019-11-13 09:35:21,0.74,0.148,359,0.71,0.142,33,0.73,0.146,1,0.725,0.145,371,1
IWM191115C158,2019-11-13,2019-11-13 09:35:22,0.73,0.146,67,0.71,0.142,91,0.73,0.146,1,0.72,0.144,371,0
IWM191115C158,2019-11-13,2019-11-13 09:35:22,0.73,0.146,68,0.71,0.142,67,0.73,0.146,1,0.72,0.144,371,0
IWM191115C158,2019-11-13,2019-11-13 09:35:23,0.73,0.146,67,0.71,0.142,91,0.73,0.146,1,0.72,0.144,371,0
IWM191115C158,2019-11-13,2019-11-13 09:35:23,0.73,0.146,44,0.71,0.142,202,0.73,0.146,1,0.72,0.144,371,0
IWM191115C158,2019-11-13,2019-11-13 09:35:24,0.73,0.146,41,0.71,0.142,45,0.73,0.146,1,0.72,0.144,371,0
IWM191115C158,2019-11-13,2019-11-13 09:35:24,0.73,0.146,45,0.71,0.142,429,0.73,0.146,1,0.72,0.144,371,0
IWM191115C158,2019-11-13,2019-11-13 09:35:25,0.73,0.146,21,0.71,0.142,20,0.73,0.146,1,0.72,0.144,371,0
IWM191115C158,2019-11-13,2019-11-13 09:35:25,0.73,0.146,21,0.71,0.142,416,0.73,0.146,1,0.72,0.144,371,0
IWM191115C158,2019-11-13,2019-11-13 09:35:26,0.73,0.146,52,0.71,0.142,13,0.73,0.146,1,0.72,0.144,371,0
IWM191115C158,2019-11-13,2019-11-13 09:35:26,0.73,0.146,558,0.71,0.142,13,0.73,0.146,1,0.72,0.144,371,0
IWM191115C158,2019-11-13,2019-11-13 09:35:27,0.73,0.146,582,0.7,0.14,43,0.73,0.146,1,0.715,0.143,371,0
IWM191115C158,2019-11-13,2019-11-13 09:35:28,0.74,0.148,32,0.71,0.142,476,0.73,0.146,1,0.725,0.145,371,0
IWM191115C158,2019-11-13,2019-11-13 09:35:28,0.73,0.146,158,0.7,0.14,333,0.73,0.146,1,0.715,0.143,371,0
IWM191115C158,2019-11-13,2019-11-13 09:35:29,0.74,0.148,71,0.72,0.144,71,0.73,0.146,1,0.73,0.146,371,0
IWM191115C158,2019-11-13,2019-11-13 09:35:30,0.74,0.148,414,0.71,0.142,43,0.73,0.146,1,0.725,0.145,371,0
IWM191115C158,2019-11-13,2019-11-13 09:35:30,0.74,0.148,107,0.71,0.142,422,0.73,0.146,1,0.725,0.145,371,0
IWM191115C158,2019-11-13,2019-11-13 09:35:31,0.73,0.146,411,0.7,0.14,426,0.73,0.146,1,0.715,0.143,371,0
IWM191115C158,2019-11-13,2019-11-13 09:35:32,0.73,0.146,472,0.7,0.14,91,0.73,0.146,1,0.715,0.143,371,0
IWM191115C158,2019-11-13,2019-11-13 09:35:32,0.72,0.144,421,0.7,0.14,29,0.7,0.14,50,0.71,0.142,421,50
IWM191115C158,2019-11-13,2019-11-13 09:35:33,0.72,0.144,538,0.7,0.14,46,0.7,0.14,50,0.71,0.142,421,0
IWM191115C158,2019-11-13,2019-11-13 09:35:34,0.71,0.142,39,0.7,0.14,19,0.7,0.14,50,0.705,0.141,421,0
IWM191115C158,2019-11-13,2019-11-13 09:35:34,0.72,0.144,527,0.69,0.138,33,0.7,0.14,50,0.705,0.141,421,0
IWM191115C158,2019-11-13,2019-11-13 09:35:35,0.71,0.142,21,0.7,0.14,21,0.7,0.14,50,0.705,0.141,421,0
IWM191115C158,2019-11-13,2019-11-13 09:35:35,0.72,0.144,21,0.7,0.14,152,0.7,0.14,50,0.71,0.142,421,0
IWM191115C158,2019-11-13,2019-11-13 09:35:36,0.72,0.144,116,0.69,0.138,47,0.7,0.14,50,0.705,0.141,421,0
IWM191115C158,2019-11-13,2019-11-13 09:35:36,0.72,0.144,116,0.69,0.138,44,0.7,0.14,50,0.705,0.141,421,0
IWM191115C158,2019-11-13,2019-11-13 09:35:37,0.71,0.142,79,0.69,0.138,71,0.7,0.14,50,0.7,0.14,421,0
IWM191115C158,2019-11-13,2019-11-13 09:35:37,0.71,0.142,347,0.68,0.136,45,0.7,0.14,5,0.695,0.139,426,5
IWM191115C158,2019-11-13,2019-11-13 09:35:38,0.7,0.14,182,0.68,0.136,56,0.7,0.14,5,0.69,0.138,426,0
IWM191115C158,2019-11-13,2019-11-13 09:35:38,0.7,0.14,152,0.68,0.136,39,0.7,0.14,5,0.69,0.138,426,0
IWM191115C158,2019-11-13,2019-11-13 09:35:39,0.7,0.14,204,0.68,0.136,39,0.7,0.14,5,0.69,0.138,426,0
IWM191115C158,2019-11-13,2019-11-13 09:35:39,0.69,0.138,13,0.68,0.136,39,0.7,0.14,5,0.685,0.137,426,0
IWM191115C158,2019-11-13,2019-11-13 09:35:40,0.7,0.14,459,0.68,0.136,39,0.7,0.14,5,0.69,0.138,426,0
IWM191115C158,2019-11-13,2019-11-13 09:35:41,0.69,0.138,22,0.68,0.136,43,0.7,0.14,5,0.685,0.137,426,0
IWM191115C158,2019-11-13,2019-11-13 09:35:41,0.7,0.14,21,0.69,0.138,18,0.7,0.14,5,0.695,0.139,426,0
IWM191115C158,2019-11-13,2019-11-13 09:35:42,0.72,0.144,277,0.7,0.14,50,0.71,0.142,8,0.71,0.142,434,0
IWM191115C158,2019-11-13,2019-11-13 09:35:42,0.7,0.14,21,0.69,0.138,18,0.7,0.14,5,0.695,0.139,434,8
IWM191115C158,2019-11-13,2019-11-13 09:35:43,0.72,0.144,351,0.7,0.14,61,0.71,0.142,8,0.71,0.142,434,0
IWM191115C158,2019-11-13,2019-11-13 09:35:44,0.72,0.144,351,0.7,0.14,150,0.71,0.142,8,0.71,0.142,434,0
IWM191115C158,2019-11-13,2019-11-13 09:35:44,0.72,0.144,105,0.71,0.142,13,0.71,0.142,8,0.715,0.143,434,0
IWM191115C158,2019-11-13,2019-11-13 09:35:45,0.73,0.146,30,0.71,0.142,55,0.71,0.142,8,0.72,0.144,434,0
IWM191115C158,2019-11-13,2019-11-13 09:35:45,0.73,0.146,61,0.71,0.142,52,0.71,0.142,8,0.72,0.144,434,0
IWM191115C158,2019-11-13,2019-11-13 09:35:46,0.73,0.146,211,0.71,0.142,78,0.71,0.142,8,0.72,0.144,434,0
IWM191115C158,2019-11-13,2019-11-13 09:35:46,0.72,0.144,20,0.71,0.142,47,0.71,0.142,8,0.715,0.143,434,0
IWM191115C158,2019-11-13,2019-11-13 09:35:47,0.73,0.146,276,0.71,0.142,52,0.71,0.142,8,0.72,0.144,434,0
IWM191115C158,2019-11-13,2019-11-13 09:35:47,0.74,0.148,78,0.72,0.144,32,0.71,0.142,8,0.73,0.146,434,0
IWM191115C158,2019-11-13,2019-11-13 09:35:48,0.73,0.146,32,0.71,0.142,161,0.71,0.142,8,0.72,0.144,434,0
IWM191115C158,2019-11-13,2019-11-13 09:35:48,0.73,0.146,25,0.71,0.142,78,0.71,0.142,8,0.72,0.144,434,0
IWM191115C158,2019-11-13,2019-11-13 09:35:49,0.74,0.148,20,0.72,0.144,10,0.71,0.142,8,0.73,0.146,434,0
IWM191115C158,2019-11-13,2019-11-13 09:35:49,0.73,0.146,32,0.71,0.142,149,0.71,0.142,8,0.72,0.144,434,0
IWM191115C158,2019-11-13,2019-11-13 09:35:50,0.74,0.148,129,0.72,0.144,40,0.71,0.142,8,0.73,0.146,434,0
IWM191115C158,2019-11-13,2019-11-13 09:35:50,0.74,0.148,129,0.72,0.144,50,0.71,0.142,8,0.73,0.146,434,0
IWM191115C158,2019-11-13,2019-11-13 09:35:51,0.74,0.148,129,0.72,0.144,40,0.71,0.142,8,0.73,0.146,434,0
IWM191115C158,2019-11-13,2019-11-13 09:35:52,0.73,0.146,10,0.71,0.142,139,0.71,0.142,8,0.72,0.144,434,0
IWM191115C158,2019-11-13,2019-11-13 09:35:52,0.73,0.146,20,0.72,0.144,10,0.71,0.142,8,0.725,0.145,434,0
IWM191115C158,2019-11-13,2019-11-13 09:35:53,0.73,0.146,10,0.71,0.142,332,0.71,0.142,8,0.72,0.144,434,0
IWM191115C158,2019-11-13,2019-11-13 09:35:53,0.73,0.146,22,0.71,0.142,134,0.71,0.142,8,0.72,0.144,434,0
IWM191115C158,2019-11-13,2019-11-13 09:35:54,0.73,0.146,328,0.7,0.14,83,0.71,0.142,8,0.715,0.143,434,0
IWM191115C158,2019-11-13,2019-11-13 09:35:54,0.73,0.146,33,0.72,0.144,19,0.71,0.142,8,0.725,0.145,434,0
IWM191115C158,2019-11-13,2019-11-13 09:35:56,0.72,0.144,85,0.7,0.14,10,0.71,0.142,8,0.71,0.142,434,0
IWM191115C158,2019-11-13,2019-11-13 09:35:57,0.7,0.14,10,0.69,0.138,175,0.7,0.14,3,0.695,0.139,437,3
IWM191115C158,2019-11-13,2019-11-13 09:36:00,0.73,0.146,148,0.71,0.142,19,0.7,0.14,3,0.72,0.144,437,0
IWM191115C158,2019-11-13,2019-11-13 09:36:00,0.72,0.144,375,0.7,0.14,19,0.7,0.14,3,0.71,0.142,437,0
IWM191115C158,2019-11-13,2019-11-13 09:36:01,0.72,0.144,375,0.7,0.14,19,0.7,0.14,3,0.71,0.142,437,0
IWM191115C158,2019-11-13,2019-11-13 09:36:02,0.72,0.144,42,0.7,0.14,90,0.7,0.14,3,0.71,0.142,437,0
IWM191115C158,2019-11-13,2019-11-13 09:36:02,0.72,0.144,375,0.7,0.14,21,0.7,0.14,3,0.71,0.142,437,0
IWM191115C158,2019-11-13,2019-11-13 09:36:03,0.71,0.142,17,0.7,0.14,28,0.7,0.14,3,0.705,0.141,437,0
IWM191115C158,2019-11-13,2019-11-13 09:36:03,0.71,0.142,13,0.7,0.14,21,0.7,0.14,3,0.705,0.141,437,0
IWM191115C158,2019-11-13,2019-11-13 09:36:04,0.72,0.144,430,0.7,0.14,19,0.7,0.14,3,0.71,0.142,437,0
IWM191115C158,2019-11-13,2019-11-13 09:36:04,0.72,0.144,171,0.7,0.14,56,0.7,0.14,3,0.71,0.142,437,0
IWM191115C158,2019-11-13,2019-11-13 09:36:05,0.71,0.142,62,0.69,0.138,141,0.7,0.14,3,0.7,0.14,437,0
IWM191115C158,2019-11-13,2019-11-13 09:36:05,0.71,0.142,66,0.69,0.138,141,0.7,0.14,3,0.7,0.14,437,0
IWM191115C158,2019-11-13,2019-11-13 09:36:06,0.72,0.144,291,0.7,0.14,24,0.7,0.14,3,0.71,0.142,437,0
IWM191115C158,2019-11-13,2019-11-13 09:36:07,0.71,0.142,26,0.69,0.138,180,0.7,0.14,3,0.7,0.14,437,0
IWM191115C158,2019-11-13,2019-11-13 09:36:07,0.71,0.142,16,0.69,0.138,20,0.7,0.14,3,0.7,0.14,437,0
IWM191115C158,2019-11-13,2019-11-13 09:36:14,0.73,0.146,100,0.71,0.142,62,0.7,0.14,3,0.72,0.144,437,0
IWM191115C158,2019-11-13,2019-11-13 09:36:15,0.73,0.146,109,0.71,0.142,76,0.7,0.14,3,0.72,0.144,437,0
IWM191115C158,2019-11-13,2019-11-13 09:36:15,0.72,0.144,312,0.71,0.142,19,0.7,0.14,3,0.715,0.143,437,0
IWM191115C158,2019-11-13,2019-11-13 09:36:16,0.72,0.144,484,0.7,0.14,72,0.7,0.14,3,0.71,0.142,437,0
IWM191115C158,2019-11-13,2019-11-13 09:36:16,0.72,0.144,324,0.7,0.14,51,0.7,0.14,3,0.71,0.142,437,0
IWM191115C158,2019-11-13,2019-11-13 09:36:17,0.72,0.144,404,0.69,0.138,193,0.7,0.14,3,0.705,0.141,437,0
IWM191115C158,2019-11-13,2019-11-13 09:36:17,0.71,0.142,37,0.69,0.138,35,0.7,0.14,3,0.7,0.14,437,0
IWM191115C158,2019-11-13,2019-11-13 09:36:18,0.71,0.142,39,0.7,0.14,19,0.7,0.14,3,0.705,0.141,437,0
IWM191115C158,2019-11-13,2019-11-13 09:36:21,0.7,0.14,311,0.68,0.136,93,0.7,0.14,3,0.69,0.138,437,0
IWM191115C158,2019-11-13,2019-11-13 09:36:21,0.7,0.14,133,0.69,0.138,44,0.7,0.14,3,0.695,0.139,437,0
IWM191115C158,2019-11-13,2019-11-13 09:36:22,0.7,0.14,415,0.68,0.136,93,0.7,0.14,3,0.69,0.138,437,0
IWM191115C158,2019-11-13,2019-11-13 09:36:22,0.7,0.14,514,0.68,0.136,33,0.7,0.14,1,0.69,0.138,438,1
IWM191115C158,2019-11-13,2019-11-13 09:36:23,0.69,0.138,86,0.67,0.134,70,0.7,0.14,1,0.68,0.136,438,0
IWM191115C158,2019-11-13,2019-11-13 09:36:23,0.69,0.138,240,0.67,0.134,51,0.7,0.14,1,0.68,0.136,438,0
IWM191115C158,2019-11-13,2019-11-13 09:36:24,0.69,0.138,331,0.67,0.134,76,0.7,0.14,1,0.68,0.136,438,0
IWM191115C158,2019-11-13,2019-11-13 09:36:24,0.69,0.138,92,0.67,0.134,41,0.7,0.14,1,0.68,0.136,438,0
IWM191115C158,2019-11-13,2019-11-13 09:36:25,0.69,0.138,283,0.67,0.134,114,0.7,0.14,1,0.68,0.136,438,0
IWM191115C158,2019-11-13,2019-11-13 09:36:25,0.69,0.138,331,0.67,0.134,77,0.7,0.14,1,0.68,0.136,438,0
IWM191115C158,2019-11-13,2019-11-13 09:36:26,0.69,0.138,336,0.67,0.134,163,0.7,0.14,1,0.68,0.136,438,0
IWM191115C158,2019-11-13,2019-11-13 09:36:26,0.69,0.138,329,0.67,0.134,73,0.7,0.14,1,0.68,0.136,438,0
IWM191115C158,2019-11-13,2019-11-13 09:36:27,0.71,0.142,280,0.68,0.136,76,0.7,0.14,1,0.695,0.139,438,0
IWM191115C158,2019-11-13,2019-11-13 09:36:27,0.68,0.136,17,0.67,0.134,48,0.7,0.14,1,0.675,0.135,438,0
IWM191115C158,2019-11-13,2019-11-13 09:36:28,0.71,0.142,60,0.69,0.138,58,0.7,0.14,1,0.7,0.14,438,0
IWM191115C158,2019-11-13,2019-11-13 09:36:28,0.7,0.14,15,0.68,0.136,99,0.7,0.14,1,0.69,0.138,438,0
IWM191115C158,2019-11-13,2019-11-13 09:36:29,0.7,0.14,150,0.69,0.138,33,0.7,0.14,14,0.695,0.139,452,0
IWM191115C158,2019-11-13,2019-11-13 09:36:29,0.71,0.142,334,0.69,0.138,35,0.7,0.14,14,0.7,0.14,452,14
IWM191115C158,2019-11-13,2019-11-13 09:36:30,0.7,0.14,315,0.69,0.138,35,0.7,0.14,14,0.695,0.139,452,0
IWM191115C158,2019-11-13,2019-11-13 09:36:31,0.7,0.14,445,0.69,0.138,19,0.69,0.138,18,0.695,0.139,475,0
IWM191115C158,2019-11-13,2019-11-13 09:36:31,0.7,0.14,445,0.69,0.138,19,0.69,0.138,18,0.695,0.139,475,23
IWM191115C158,2019-11-13,2019-11-13 09:36:32,0.69,0.138,21,0.68,0.136,70,0.69,0.138,18,0.685,0.137,475,0
IWM191115C158,2019-11-13,2019-11-13 09:36:32,0.7,0.14,445,0.69,0.138,19,0.69,0.138,18,0.695,0.139,475,0
IWM191115C158,2019-11-13,2019-11-13 09:36:33,0.69,0.138,204,0.68,0.136,68,0.69,0.138,18,0.685,0.137,475,0
IWM191115C158,2019-11-13,2019-11-13 09:36:33,0.69,0.138,21,0.68,0.136,68,0.69,0.138,18,0.685,0.137,475,0
IWM191115C158,2019-11-13,2019-11-13 09:36:34,0.68,0.136,113,0.67,0.134,60,0.68,0.136,10,0.675,0.135,485,10
IWM191115C158,2019-11-13,2019-11-13 09:36:34,0.68,0.136,20,0.67,0.134,66,0.68,0.136,10,0.675,0.135,485,0
IWM191115C158,2019-11-13,2019-11-13 09:36:35,0.68,0.136,19,0.67,0.134,58,0.68,0.136,10,0.675,0.135,485,0
IWM191115C158,2019-11-13,2019-11-13 09:36:35,0.68,0.136,20,0.67,0.134,65,0.68,0.136,10,0.675,0.135,485,0
IWM191115C158,2019-11-13,2019-11-13 09:36:36,0.68,0.136,1,0.67,0.134,50,0.68,0.136,10,0.675,0.135,485,0
IWM191115C158,2019-11-13,2019-11-13 09:36:36,0.68,0.136,18,0.67,0.134,35,0.68,0.136,10,0.675,0.135,485,0
IWM191115C158,2019-11-13,2019-11-13 09:36:37,0.68,0.136,86,0.67,0.134,29,0.68,0.136,10,0.675,0.135,485,0
IWM191115C158,2019-11-13,2019-11-13 09:36:37,0.69,0.138,94,0.67,0.134,50,0.68,0.136,10,0.68,0.136,485,0
IWM191115C158,2019-11-13,2019-11-13 09:36:38,0.69,0.138,240,0.67,0.134,55,0.68,0.136,10,0.68,0.136,485,0
IWM191115C158,2019-11-13,2019-11-13 09:36:38,0.68,0.136,1,0.67,0.134,110,0.68,0.136,10,0.675,0.135,485,0
IWM191115C158,2019-11-13,2019-11-13 09:36:39,0.69,0.138,114,0.67,0.134,74,0.68,0.136,10,0.68,0.136,485,0
IWM191115C158,2019-11-13,2019-11-13 09:36:39,0.68,0.136,1,0.67,0.134,67,0.68,0.136,10,0.675,0.135,485,0
IWM191115C158,2019-11-13,2019-11-13 09:36:40,0.69,0.138,314,0.67,0.134,74,0.68,0.136,10,0.68,0.136,485,0
IWM191115C158,2019-11-13,2019-11-13 09:36:41,0.67,0.134,14,0.66,0.132,66,0.68,0.136,10,0.665,0.133,485,0
IWM191115C158,2019-11-13,2019-11-13 09:36:41,0.68,0.136,121,0.66,0.132,64,0.68,0.136,10,0.67,0.134,485,0
IWM191115C158,2019-11-13,2019-11-13 09:36:42,0.68,0.136,82,0.67,0.134,20,0.68,0.136,10,0.675,0.135,485,0
IWM191115C158,2019-11-13,2019-11-13 09:36:42,0.68,0.136,60,0.67,0.134,20,0.68,0.136,10,0.675,0.135,485,0
IWM191115C158,2019-11-13,2019-11-13 09:36:43,0.68,0.136,332,0.66,0.132,35,0.68,0.136,10,0.67,0.134,485,0
IWM191115C158,2019-11-13,2019-11-13 09:36:43,0.68,0.136,332,0.67,0.134,35,0.68,0.136,10,0.675,0.135,485,0
IWM191115C158,2019-11-13,2019-11-13 09:36:44,0.68,0.136,344,0.66,0.132,60,0.68,0.136,10,0.67,0.134,485,0
IWM191115C158,2019-11-13,2019-11-13 09:36:45,0.68,0.136,433,0.66,0.132,96,0.68,0.136,10,0.67,0.134,485,0
IWM191115C158,2019-11-13,2019-11-13 09:36:45,0.68,0.136,433,0.66,0.132,72,0.68,0.136,10,0.67,0.134,485,0
IWM191115C158,2019-11-13,2019-11-13 09:36:46,0.68,0.136,410,0.66,0.132,72,0.68,0.136,10,0.67,0.134,485,0
IWM191115C158,2019-11-13,2019-11-13 09:36:46,0.69,0.138,129,0.67,0.134,39,0.68,0.136,10,0.68,0.136,485,0
IWM191115C158,2019-11-13,2019-11-13 09:36:47,0.68,0.136,21,0.67,0.134,77,0.68,0.136,10,0.675,0.135,485,0
IWM191115C158,2019-11-13,2019-11-13 09:36:47,0.68,0.136,13,0.67,0.134,48,0.68,0.136,10,0.675,0.135,485,0
IWM191115C158,2019-11-13,2019-11-13 09:36:48,0.68,0.136,52,0.66,0.132,30,0.68,0.136,10,0.67,0.134,485,0
IWM191115C158,2019-11-13,2019-11-13 09:36:48,0.68,0.136,21,0.67,0.134,77,0.68,0.136,10,0.675,0.135,485,0
IWM191115C158,2019-11-13,2019-11-13 09:36:49,0.68,0.136,664,0.65,0.13,47,0.68,0.136,10,0.665,0.133,485,0
IWM191115C158,2019-11-13,2019-11-13 09:36:49,0.67,0.134,86,0.65,0.13,71,0.68,0.136,10,0.66,0.132,485,0
IWM191115C158,2019-11-13,2019-11-13 09:36:50,0.67,0.134,124,0.65,0.13,71,0.68,0.136,10,0.66,0.132,485,0
IWM191115C158,2019-11-13,2019-11-13 09:36:50,0.67,0.134,86,0.65,0.13,71,0.68,0.136,10,0.66,0.132,485,0
IWM191115C158,2019-11-13,2019-11-13 09:36:51,0.67,0.134,124,0.65,0.13,62,0.68,0.136,10,0.66,0.132,485,0
IWM191115C158,2019-11-13,2019-11-13 09:36:51,0.67,0.134,124,0.65,0.13,75,0.68,0.136,10,0.66,0.132,485,0
IWM191115C158,2019-11-13,2019-11-13 09:36:52,0.67,0.134,330,0.65,0.13,62,0.68,0.136,10,0.66,0.132,485,0
IWM191115C158,2019-11-13,2019-11-13 09:36:52,0.67,0.134,356,0.65,0.13,62,0.68,0.136,10,0.66,0.132,485,0
IWM191115C158,2019-11-13,2019-11-13 09:36:53,0.67,0.134,458,0.65,0.13,77,0.68,0.136,10,0.66,0.132,485,0
IWM191115C158,2019-11-13,2019-11-13 09:36:53,0.68,0.136,133,0.66,0.132,69,0.68,0.136,10,0.67,0.134,485,0
IWM191115C158,2019-11-13,2019-11-13 09:36:54,0.68,0.136,325,0.66,0.132,89,0.68,0.136,10,0.67,0.134,485,0
IWM191115C158,2019-11-13,2019-11-13 09:36:54,0.68,0.136,325,0.66,0.132,169,0.68,0.136,10,0.67,0.134,485,0
IWM191115C158,2019-11-13,2019-11-13 09:36:55,0.68,0.136,325,0.66,0.132,89,0.68,0.136,10,0.67,0.134,485,0
IWM191115C158,2019-11-13,2019-11-13 09:36:55,0.67,0.134,21,0.66,0.132,89,0.68,0.136,10,0.665,0.133,485,0
IWM191115C158,2019-11-13,2019-11-13 09:36:56,0.67,0.134,21,0.66,0.132,89,0.68,0.136,10,0.665,0.133,485,0
IWM191115C158,2019-11-13,2019-11-13 09:36:57,0.67,0.134,21,0.66,0.132,89,0.68,0.136,10,0.665,0.133,485,0
IWM191115C158,2019-11-13,2019-11-13 09:36:58,0.67,0.134,116,0.66,0.132,21,0.68,0.136,10,0.665,0.133,485,0
IWM191115C158,2019-11-13,2019-11-13 09:36:58,0.67,0.134,201,0.66,0.132,21,0.68,0.136,10,0.665,0.133,485,0
IWM191115C158,2019-11-13,2019-11-13 09:36:59,0.67,0.134,201,0.66,0.132,21,0.68,0.136,10,0.665,0.133,485,0
IWM191115C158,2019-11-13,2019-11-13 09:36:59,0.67,0.134,11,0.66,0.132,18,0.68,0.136,10,0.665,0.133,485,0
IWM191115C158,2019-11-13,2019-11-13 09:37:00,0.67,0.134,217,0.66,0.132,18,0.68,0.136,10,0.665,0.133,485,0
IWM191115C158,2019-11-13,2019-11-13 09:37:00,0.67,0.134,63,0.65,0.13,193,0.67,0.134,5,0.66,0.132,490,5
IWM191115C158,2019-11-13,2019-11-13 09:37:01,0.67,0.134,1,0.66,0.132,72,0.67,0.134,5,0.665,0.133,490,0
IWM191115C158,2019-11-13,2019-11-13 09:37:01,0.67,0.134,1,0.66,0.132,76,0.67,0.134,5,0.665,0.133,490,0
IWM191115C158,2019-11-13,2019-11-13 09:37:02,0.68,0.136,463,0.66,0.132,100,0.67,0.134,5,0.67,0.134,490,0
IWM191115C158,2019-11-13,2019-11-13 09:37:02,0.68,0.136,152,0.66,0.132,94,0.67,0.134,7,0.67,0.134,497,7
IWM191115C158,2019-11-13,2019-11-13 09:37:03,0.68,0.136,89,0.66,0.132,63,0.67,0.134,7,0.67,0.134,497,0
IWM191115C158,2019-11-13,2019-11-13 09:37:03,0.68,0.136,89,0.66,0.132,84,0.67,0.134,7,0.67,0.134,497,0
IWM191115C158,2019-11-13,2019-11-13 09:37:04,0.68,0.136,358,0.66,0.132,99,0.67,0.134,7,0.67,0.134,497,0
IWM191115C158,2019-11-13,2019-11-13 09:37:04,0.67,0.134,50,0.66,0.132,99,0.67,0.134,7,0.665,0.133,497,0
IWM191115C158,2019-11-13,2019-11-13 09:37:05,0.67,0.134,34,0.66,0.132,53,0.67,0.134,7,0.665,0.133,497,0
IWM191115C158,2019-11-13,2019-11-13 09:37:05,0.67,0.134,55,0.66,0.132,53,0.67,0.134,7,0.665,0.133,497,0
IWM191115C158,2019-11-13,2019-11-13 09:37:06,0.67,0.134,8,0.66,0.132,58,0.67,0.134,7,0.665,0.133,497,0
IWM191115C158,2019-11-13,2019-11-13 09:37:06,0.67,0.134,49,0.66,0.132,75,0.67,0.134,7,0.665,0.133,497,0
IWM191115C158,2019-11-13,2019-11-13 09:37:07,0.68,0.136,49,0.66,0.132,62,0.67,0.134,7,0.67,0.134,497,0
IWM191115C158,2019-11-13,2019-11-13 09:37:07,0.68,0.136,65,0.66,0.132,62,0.67,0.134,7,0.67,0.134,497,0
IWM191115C158,2019-11-13,2019-11-13 09:37:08,0.68,0.136,29,0.66,0.132,237,0.67,0.134,7,0.67,0.134,497,0
IWM191115C158,2019-11-13,2019-11-13 09:37:09,0.69,0.138,331,0.67,0.134,35,0.67,0.134,7,0.68,0.136,497,0
IWM191115C158,2019-11-13,2019-11-13 09:37:09,0.68,0.136,67,0.67,0.134,22,0.67,0.134,7,0.675,0.135,497,0
IWM191115C158,2019-11-13,2019-11-13 09:37:10,0.68,0.136,142,0.66,0.132,69,0.67,0.134,7,0.67,0.134,497,0
IWM191115C158,2019-11-13,2019-11-13 09:37:11,0.68,0.136,142,0.66,0.132,40,0.67,0.134,7,0.67,0.134,497,0
IWM191115C158,2019-11-13,2019-11-13 09:37:11,0.68,0.136,115,0.66,0.132,165,0.67,0.134,7,0.67,0.134,497,0
IWM191115C158,2019-11-13,2019-11-13 09:37:12,0.68,0.136,148,0.67,0.134,39,0.67,0.134,7,0.675,0.135,497,0
IWM191115C158,2019-11-13,2019-11-13 09:37:12,0.68,0.136,148,0.66,0.132,250,0.67,0.134,7,0.67,0.134,497,0
IWM191115C158,2019-11-13,2019-11-13 09:37:13,0.68,0.136,21,0.67,0.134,22,0.67,0.134,7,0.675,0.135,497,0
IWM191115C158,2019-11-13,2019-11-13 09:37:13,0.69,0.138,297,0.67,0.134,10,0.67,0.134,7,0.68,0.136,497,0
IWM191115C158,2019-11-13,2019-11-13 09:37:14,0.69,0.138,44,0.67,0.134,102,0.67,0.134,7,0.68,0.136,497,0
IWM191115C158,2019-11-13,2019-11-13 09:37:14,0.69,0.138,46,0.67,0.134,54,0.67,0.134,7,0.68,0.136,497,0
IWM191115C158,2019-11-13,2019-11-13 09:37:15,0.7,0.14,20,0.68,0.136,79,0.67,0.134,7,0.69,0.138,497,0
IWM191115C158,2019-11-13,2019-11-13 09:37:15,0.7,0.14,241,0.68,0.136,32,0.67,0.134,7,0.69,0.138,497,0
IWM191115C158,2019-11-13,2019-11-13 09:37:16,0.7,0.14,1,0.69,0.138,42,0.67,0.134,7,0.695,0.139,497,0
IWM191115C158,2019-11-13,2019-11-13 09:37:16,0.7,0.14,20,0.68,0.136,184,0.67,0.134,7,0.69,0.138,497,0
IWM191115C158,2019-11-13,2019-11-13 09:37:17,0.7,0.14,22,0.69,0.138,61,0.67,0.134,7,0.695,0.139,497,0
IWM191115C158,2019-11-13,2019-11-13 09:37:17,0.7,0.14,10,0.69,0.138,18,0.67,0.134,7,0.695,0.139,497,0
IWM191115C158,2019-11-13,2019-11-13 09:37:18,0.71,0.142,33,0.69,0.138,178,0.67,0.134,7,0.7,0.14,497,0
IWM191115C158,2019-11-13,2019-11-13 09:37:18,0.71,0.142,60,0.69,0.138,168,0.67,0.134,7,0.7,0.14,497,0
IWM191115C158,2019-11-13,2019-11-13 09:37:19,0.71,0.142,13,0.7,0.14,100,0.67,0.134,7,0.705,0.141,497,0
IWM191115C158,2019-11-13,2019-11-13 09:37:19,0.71,0.142,33,0.7,0.14,96,0.67,0.134,7,0.705,0.141,497,0
IWM191115C158,2019-11-13,2019-11-13 09:37:20,0.72,0.144,36,0.7,0.14,127,0.67,0.134,7,0.71,0.142,497,0
IWM191115C158,2019-11-13,2019-11-13 09:37:20,0.72,0.144,39,0.7,0.14,95,0.67,0.134,7,0.71,0.142,497,0
IWM191115C158,2019-11-13,2019-11-13 09:37:21,0.73,0.146,347,0.71,0.142,24,0.67,0.134,7,0.72,0.144,497,0
IWM191115C158,2019-11-13,2019-11-13 09:37:22,0.72,0.144,32,0.71,0.142,24,0.67,0.134,7,0.715,0.143,497,0
IWM191115C158,2019-11-13,2019-11-13 09:37:22,0.72,0.144,29,0.71,0.142,45,0.67,0.134,7,0.715,0.143,497,0
IWM191115C158,2019-11-13,2019-11-13 09:37:23,0.72,0.144,29,0.71,0.142,4,0.67,0.134,7,0.715,0.143,497,0
IWM191115C158,2019-11-13,2019-11-13 09:37:23,0.72,0.144,38,0.71,0.142,24,0.67,0.134,7,0.715,0.143,497,0
IWM191115C158,2019-11-13,2019-11-13 09:37:24,0.72,0.144,21,0.71,0.142,43,0.67,0.134,7,0.715,0.143,497,0
IWM191115C158,2019-11-13,2019-11-13 09:37:24,0.72,0.144,31,0.71,0.142,46,0.67,0.134,7,0.715,0.143,497,0
IWM191115C158,2019-11-13,2019-11-13 09:37:25,0.72,0.144,29,0.71,0.142,49,0.67,0.134,7,0.715,0.143,497,0
IWM191115C158,2019-11-13,2019-11-13 09:37:25,0.72,0.144,43,0.71,0.142,24,0.67,0.134,7,0.715,0.143,497,0
IWM191115C158,2019-11-13,2019-11-13 09:37:26,0.72,0.144,13,0.71,0.142,24,0.67,0.134,7,0.715,0.143,497,0
IWM191115C158,2019-11-13,2019-11-13 09:37:26,0.72,0.144,38,0.71,0.142,4,0.67,0.134,7,0.715,0.143,497,0
IWM191115C158,2019-11-13,2019-11-13 09:37:27,0.72,0.144,47,0.71,0.142,40,0.67,0.134,7,0.715,0.143,497,0
IWM191115C158,2019-11-13,2019-11-13 09:37:27,0.72,0.144,14,0.71,0.142,37,0.67,0.134,7,0.715,0.143,497,0
IWM191115C158,2019-11-13,2019-11-13 09:37:28,0.73,0.146,76,0.71,0.142,76,0.67,0.134,7,0.72,0.144,497,0
IWM191115C158,2019-11-13,2019-11-13 09:37:28,0.73,0.146,74,0.71,0.142,76,0.67,0.134,7,0.72,0.144,497,0
IWM191115C158,2019-11-13,2019-11-13 09:37:29,0.73,0.146,74,0.71,0.142,88,0.67,0.134,7,0.72,0.144,497,0
IWM191115C158,2019-11-13,2019-11-13 09:37:29,0.73,0.146,74,0.71,0.142,94,0.67,0.134,7,0.72,0.144,497,0
IWM191115C158,2019-11-13,2019-11-13 09:37:30,0.73,0.146,74,0.71,0.142,119,0.67,0.134,7,0.72,0.144,497,0
IWM191115C158,2019-11-13,2019-11-13 09:37:30,0.73,0.146,487,0.71,0.142,52,0.67,0.134,7,0.72,0.144,497,0
IWM191115C158,2019-11-13,2019-11-13 09:37:31,0.72,0.144,21,0.71,0.142,61,0.67,0.134,7,0.715,0.143,497,0
IWM191115C158,2019-11-13,2019-11-13 09:37:31,0.73,0.146,247,0.71,0.142,62,0.67,0.134,7,0.72,0.144,497,0
IWM191115C158,2019-11-13,2019-11-13 09:37:32,0.72,0.144,304,0.7,0.14,43,0.67,0.134,7,0.71,0.142,497,0
IWM191115C158,2019-11-13,2019-11-13 09:37:32,0.72,0.144,81,0.71,0.142,13,0.67,0.134,7,0.715,0.143,497,0
IWM191115C158,2019-11-13,2019-11-13 09:37:33,0.72,0.144,32,0.71,0.142,5,0.67,0.134,7,0.715,0.143,497,0
IWM191115C158,2019-11-13,2019-11-13 09:37:33,0.72,0.144,34,0.71,0.142,5,0.67,0.134,7,0.715,0.143,497,0
IWM191115C158,2019-11-13,2019-11-13 09:37:34,0.71,0.142,48,0.7,0.14,46,0.67,0.134,7,0.705,0.141,497,0
IWM191115C158,2019-11-13,2019-11-13 09:37:35,0.71,0.142,48,0.7,0.14,42,0.67,0.134,7,0.705,0.141,497,0
IWM191115C158,2019-11-13,2019-11-13 09:37:35,0.71,0.142,282,0.7,0.14,42,0.67,0.134,7,0.705,0.141,497,0
IWM191115C158,2019-11-13,2019-11-13 09:37:36,0.71,0.142,70,0.7,0.14,14,0.67,0.134,7,0.705,0.141,497,0
IWM191115C158,2019-11-13,2019-11-13 09:37:36,0.71,0.142,294,0.7,0.14,13,0.67,0.134,7,0.705,0.141,497,0
IWM191115C158,2019-11-13,2019-11-13 09:37:37,0.71,0.142,80,0.7,0.14,14,0.67,0.134,7,0.705,0.141,497,0
IWM191115C158,2019-11-13,2019-11-13 09:37:37,0.71,0.142,54,0.7,0.14,14,0.67,0.134,7,0.705,0.141,497,0
IWM191115C158,2019-11-13,2019-11-13 09:37:38,0.71,0.142,80,0.69,0.138,40,0.67,0.134,7,0.7,0.14,497,0
IWM191115C158,2019-11-13,2019-11-13 09:37:38,0.7,0.14,25,0.69,0.138,33,0.67,0.134,7,0.695,0.139,497,0
IWM191115C158,2019-11-13,2019-11-13 09:37:39,0.71,0.142,21,0.7,0.14,10,0.7,0.14,1,0.705,0.141,498,1
IWM191115C158,2019-11-13,2019-11-13 09:37:39,0.7,0.14,327,0.69,0.138,33,0.67,0.134,7,0.695,0.139,497,0
IWM191115C158,2019-11-13,2019-11-13 09:37:40,0.72,0.144,224,0.7,0.14,82,0.7,0.14,1,0.71,0.142,498,0
IWM191115C158,2019-11-13,2019-11-13 09:37:41,0.72,0.144,349,0.7,0.14,82,0.7,0.14,1,0.71,0.142,498,0
IWM191115C158,2019-11-13,2019-11-13 09:37:42,0.71,0.142,36,0.7,0.14,82,0.7,0.14,1,0.705,0.141,498,0
IWM191115C158,2019-11-13,2019-11-13 09:37:42,0.72,0.144,381,0.7,0.14,82,0.7,0.14,1,0.71,0.142,498,0
IWM191115C158,2019-11-13,2019-11-13 09:37:43,0.72,0.144,339,0.7,0.14,87,0.7,0.14,1,0.71,0.142,498,0
IWM191115C158,2019-11-13,2019-11-13 09:37:43,0.71,0.142,17,0.7,0.14,87,0.7,0.14,1,0.705,0.141,498,0
IWM191115C158,2019-11-13,2019-11-13 09:37:44,0.71,0.142,54,0.7,0.14,46,0.7,0.14,1,0.705,0.141,498,0
IWM191115C158,2019-11-13,2019-11-13 09:37:44,0.71,0.142,17,0.7,0.14,87,0.7,0.14,1,0.705,0.141,498,0
IWM191115C158,2019-11-13,2019-11-13 09:37:45,0.71,0.142,17,0.7,0.14,60,0.7,0.14,1,0.705,0.141,498,0
IWM191115C158,2019-11-13,2019-11-13 09:37:45,0.71,0.142,57,0.7,0.14,83,0.7,0.14,1,0.705,0.141,498,0
IWM191115C158,2019-11-13,2019-11-13 09:37:46,0.71,0.142,27,0.7,0.14,51,0.7,0.14,1,0.705,0.141,498,0
IWM191115C158,2019-11-13,2019-11-13 09:37:46,0.71,0.142,132,0.7,0.14,33,0.7,0.14,1,0.705,0.141,498,0
IWM191115C158,2019-11-13,2019-11-13 09:37:47,0.71,0.142,171,0.7,0.14,33,0.7,0.14,1,0.705,0.141,498,0
IWM191115C158,2019-11-13,2019-11-13 09:37:47,0.71,0.142,356,0.7,0.14,63,0.7,0.14,1,0.705,0.141,498,0
IWM191115C158,2019-11-13,2019-11-13 09:37:48,0.71,0.142,356,0.7,0.14,63,0.7,0.14,1,0.705,0.141,498,0
IWM191115C158,2019-11-13,2019-11-13 09:37:48,0.71,0.142,36,0.7,0.14,34,0.7,0.14,1,0.705,0.141,498,0
IWM191115C158,2019-11-13,2019-11-13 09:37:49,0.69,0.138,75,0.67,0.134,39,0.69,0.138,18,0.68,0.136,549,0
IWM191115C158,2019-11-13,2019-11-13 09:37:49,0.71,0.142,156,0.68,0.136,10,0.69,0.138,18,0.695,0.139,549,51
IWM191115C158,2019-11-13,2019-11-13 09:37:50,0.69,0.138,194,0.67,0.134,53,0.69,0.138,18,0.68,0.136,549,0
IWM191115C158,2019-11-13,2019-11-13 09:37:50,0.69,0.138,275,0.67,0.134,240,0.69,0.138,18,0.68,0.136,549,0
IWM191115C158,2019-11-13,2019-11-13 09:37:51,0.69,0.138,250,0.67,0.134,240,0.69,0.138,18,0.68,0.136,549,0
IWM191115C158,2019-11-13,2019-11-13 09:37:51,0.69,0.138,275,0.67,0.134,240,0.69,0.138,18,0.68,0.136,549,0
IWM191115C158,2019-11-13,2019-11-13 09:37:52,0.69,0.138,250,0.67,0.134,89,0.69,0.138,18,0.68,0.136,549,0
IWM191115C158,2019-11-13,2019-11-13 09:37:52,0.69,0.138,250,0.67,0.134,162,0.69,0.138,18,0.68,0.136,549,0
IWM191115C158,2019-11-13,2019-11-13 09:37:53,0.68,0.136,21,0.67,0.134,126,0.69,0.138,18,0.675,0.135,549,0
IWM191115C158,2019-11-13,2019-11-13 09:37:54,0.68,0.136,21,0.67,0.134,20,0.69,0.138,18,0.675,0.135,549,0
IWM191115C158,2019-11-13,2019-11-13 09:37:54,0.68,0.136,36,0.67,0.134,20,0.69,0.138,18,0.675,0.135,549,0
IWM191115C158,2019-11-13,2019-11-13 09:37:55,0.68,0.136,21,0.66,0.132,138,0.69,0.138,18,0.67,0.134,549,0
IWM191115C158,2019-11-13,2019-11-13 09:37:55,0.67,0.134,17,0.66,0.132,91,0.69,0.138,18,0.665,0.133,549,0
IWM191115C158,2019-11-13,2019-11-13 09:37:56,0.68,0.136,106,0.66,0.132,163,0.69,0.138,18,0.67,0.134,549,0
IWM191115C158,2019-11-13,2019-11-13 09:37:56,0.68,0.136,361,0.66,0.132,171,0.69,0.138,18,0.67,0.134,549,0
IWM191115C158,2019-11-13,2019-11-13 09:37:57,0.68,0.136,21,0.67,0.134,20,0.69,0.138,18,0.675,0.135,549,0
IWM191115C158,2019-11-13,2019-11-13 09:37:58,0.68,0.136,21,0.67,0.134,20,0.69,0.138,18,0.675,0.135,549,0
IWM191115C158,2019-11-13,2019-11-13 09:37:58,0.68,0.136,111,0.66,0.132,71,0.69,0.138,18,0.67,0.134,549,0
IWM191115C158,2019-11-13,2019-11-13 09:37:59,0.67,0.134,2,0.66,0.132,61,0.69,0.138,18,0.665,0.133,549,0
IWM191115C158,2019-11-13,2019-11-13 09:37:59,0.67,0.134,2,0.66,0.132,95,0.69,0.138,18,0.665,0.133,549,0
IWM191115C158,2019-11-13,2019-11-13 09:38:00,0.67,0.134,264,0.66,0.132,13,0.69,0.138,18,0.665,0.133,549,0
IWM191115C158,2019-11-13,2019-11-13 09:38:00,0.67,0.134,100,0.65,0.13,159,0.69,0.138,18,0.66,0.132,549,0
IWM191115C158,2019-11-13,2019-11-13 09:38:01,0.67,0.134,322,0.66,0.132,21,0.69,0.138,18,0.665,0.133,549,0
IWM191115C158,2019-11-13,2019-11-13 09:38:02,0.67,0.134,90,0.65,0.13,48,0.69,0.138,18,0.66,0.132,549,0
IWM191115C158,2019-11-13,2019-11-13 09:38:02,0.66,0.132,41,0.65,0.13,187,0.69,0.138,18,0.655,0.131,549,0
IWM191115C158,2019-11-13,2019-11-13 09:38:03,0.65,0.13,16,0.64,0.128,41,0.69,0.138,18,0.645,0.129,549,0
IWM191115C158,2019-11-13,2019-11-13 09:38:04,0.65,0.13,16,0.64,0.128,62,0.69,0.138,18,0.645,0.129,549,0
IWM191115C158,2019-11-13,2019-11-13 09:38:04,0.65,0.13,274,0.64,0.128,33,0.69,0.138,18,0.645,0.129,549,0
IWM191115C158,2019-11-13,2019-11-13 09:38:05,0.66,0.132,238,0.64,0.128,76,0.69,0.138,18,0.65,0.13,549,0
IWM191115C158,2019-11-13,2019-11-13 09:38:05,0.65,0.13,14,0.64,0.128,33,0.69,0.138,18,0.645,0.129,549,0
IWM191115C158,2019-11-13,2019-11-13 09:38:06,0.65,0.13,14,0.64,0.128,76,0.69,0.138,18,0.645,0.129,549,0
IWM191115C158,2019-11-13,2019-11-13 09:38:06,0.65,0.13,14,0.64,0.128,78,0.69,0.138,18,0.645,0.129,549,0
IWM191115C158,2019-11-13,2019-11-13 09:38:07,0.65,0.13,75,0.64,0.128,21,0.69,0.138,18,0.645,0.129,549,0
IWM191115C158,2019-11-13,2019-11-13 09:38:07,0.65,0.13,14,0.64,0.128,78,0.69,0.138,18,0.645,0.129,549,0
IWM191115C158,2019-11-13,2019-11-13 09:38:08,0.65,0.13,10,0.64,0.128,48,0.69,0.138,18,0.645,0.129,549,0
IWM191115C158,2019-11-13,2019-11-13 09:38:08,0.65,0.13,360,0.64,0.128,21,0.69,0.138,18,0.645,0.129,549,0
IWM191115C158,2019-11-13,2019-11-13 09:38:09,0.65,0.13,400,0.64,0.128,21,0.69,0.138,18,0.645,0.129,549,0
IWM191115C158,2019-11-13,2019-11-13 09:38:10,0.67,0.134,304,0.65,0.13,13,0.69,0.138,18,0.66,0.132,549,0
IWM191115C158,2019-11-13,2019-11-13 09:38:10,0.65,0.13,478,0.64,0.128,21,0.69,0.138,18,0.645,0.129,549,0
IWM191115C158,2019-11-13,2019-11-13 09:38:11,0.67,0.134,304,0.65,0.13,30,0.66,0.132,10,0.66,0.132,559,10
IWM191115C158,2019-11-13,2019-11-13 09:38:12,0.67,0.134,423,0.65,0.13,53,0.66,0.132,10,0.66,0.132,559,0
IWM191115C158,2019-11-13,2019-11-13 09:38:13,0.67,0.134,423,0.65,0.13,55,0.66,0.132,10,0.66,0.132,559,0
IWM191115C158,2019-11-13,2019-11-13 09:38:14,0.66,0.132,391,0.65,0.13,13,0.66,0.132,10,0.655,0.131,559,0
IWM191115C158,2019-11-13,2019-11-13 09:38:14,0.66,0.132,191,0.65,0.13,52,0.66,0.132,10,0.655,0.131,559,0
IWM191115C158,2019-11-13,2019-11-13 09:38:15,0.66,0.132,420,0.65,0.13,13,0.66,0.132,10,0.655,0.131,559,0
IWM191115C158,2019-11-13,2019-11-13 09:38:16,0.65,0.13,30,0.64,0.128,117,0.66,0.132,10,0.645,0.129,559,0
IWM191115C158,2019-11-13,2019-11-13 09:38:16,0.66,0.132,21,0.65,0.13,43,0.66,0.132,10,0.655,0.131,559,0
IWM191115C158,2019-11-13,2019-11-13 09:38:17,0.66,0.132,21,0.65,0.13,43,0.66,0.132,10,0.655,0.131,559,0
IWM191115C158,2019-11-13,2019-11-13 09:38:17,0.66,0.132,21,0.65,0.13,160,0.66,0.132,10,0.655,0.131,559,0
IWM191115C158,2019-11-13,2019-11-13 09:38:18,0.67,0.134,44,0.66,0.132,13,0.66,0.132,10,0.665,0.133,559,0
IWM191115C158,2019-11-13,2019-11-13 09:38:18,0.67,0.134,200,0.66,0.132,13,0.66,0.132,10,0.665,0.133,559,0
IWM191115C158,2019-11-13,2019-11-13 09:38:19,0.67,0.134,422,0.65,0.13,67,0.66,0.132,10,0.66,0.132,559,0
IWM191115C158,2019-11-13,2019-11-13 09:38:19,0.67,0.134,422,0.65,0.13,53,0.66,0.132,10,0.66,0.132,559,0
IWM191115C158,2019-11-13,2019-11-13 09:38:20,0.67,0.134,542,0.65,0.13,47,0.66,0.132,10,0.66,0.132,559,0
IWM191115C158,2019-11-13,2019-11-13 09:38:20,0.67,0.134,542,0.65,0.13,56,0.66,0.132,10,0.66,0.132,559,0
IWM191115C158,2019-11-13,2019-11-13 09:38:21,0.67,0.134,512,0.65,0.13,56,0.66,0.132,10,0.66,0.132,559,0
IWM191115C158,2019-11-13,2019-11-13 09:38:22,0.67,0.134,327,0.65,0.13,81,0.66,0.132,10,0.66,0.132,559,0
IWM191115C158,2019-11-13,2019-11-13 09:38:22,0.67,0.134,43,0.66,0.132,37,0.66,0.132,10,0.665,0.133,559,0
IWM191115C158,2019-11-13,2019-11-13 09:38:25,0.68,0.136,50,0.66,0.132,196,0.66,0.132,10,0.67,0.134,559,0
IWM191115C158,2019-11-13,2019-11-13 09:38:25,0.67,0.134,17,0.66,0.132,122,0.66,0.132,10,0.665,0.133,559,0
IWM191115C158,2019-11-13,2019-11-13 09:38:26,0.68,0.136,50,0.66,0.132,72,0.66,0.132,10,0.67,0.134,559,0
IWM191115C158,2019-11-13,2019-11-13 09:38:26,0.68,0.136,395,0.66,0.132,76,0.66,0.132,10,0.67,0.134,559,0
IWM191115C158,2019-11-13,2019-11-13 09:38:27,0.68,0.136,331,0.66,0.132,51,0.66,0.132,10,0.67,0.134,559,0
IWM191115C158,2019-11-13,2019-11-13 09:38:27,0.68,0.136,186,0.66,0.132,181,0.66,0.132,10,0.67,0.134,559,0
IWM191115C158,2019-11-13,2019-11-13 09:38:28,0.68,0.136,128,0.66,0.132,63,0.66,0.132,10,0.67,0.134,559,0
IWM191115C158,2019-11-13,2019-11-13 09:38:28,0.68,0.136,128,0.66,0.132,215,0.66,0.132,10,0.67,0.134,559,0
IWM191115C158,2019-11-13,2019-11-13 09:38:29,0.67,0.134,21,0.66,0.132,51,0.66,0.132,10,0.665,0.133,559,0
IWM191115C158,2019-11-13,2019-11-13 09:38:30,0.67,0.134,21,0.66,0.132,57,0.66,0.132,10,0.665,0.133,559,0
IWM191115C158,2019-11-13,2019-11-13 09:38:30,0.67,0.134,67,0.66,0.132,40,0.66,0.132,10,0.665,0.133,559,0
IWM191115C158,2019-11-13,2019-11-13 09:38:31,0.67,0.134,67,0.66,0.132,40,0.66,0.132,10,0.665,0.133,559,0
IWM191115C158,2019-11-13,2019-11-13 09:38:32,0.67,0.134,210,0.66,0.132,40,0.66,0.132,10,0.665,0.133,559,0
IWM191115C158,2019-11-13,2019-11-13 09:38:32,0.67,0.134,109,0.66,0.132,13,0.66,0.132,10,0.665,0.133,559,0
IWM191115C158,2019-11-13,2019-11-13 09:38:33,0.67,0.134,412,0.65,0.13,60,0.66,0.132,10,0.66,0.132,559,0
IWM191115C158,2019-11-13,2019-11-13 09:38:33,0.67,0.134,412,0.65,0.13,48,0.66,0.132,10,0.66,0.132,559,0
IWM191115C158,2019-11-13,2019-11-13 09:38:34,0.67,0.134,412,0.65,0.13,45,0.66,0.132,10,0.66,0.132,559,0
IWM191115C158,2019-11-13,2019-11-13 09:38:34,0.67,0.134,475,0.65,0.13,51,0.66,0.132,10,0.66,0.132,559,0
IWM191115C158,2019-11-13,2019-11-13 09:38:35,0.67,0.134,412,0.65,0.13,158,0.66,0.132,10,0.66,0.132,559,0
IWM191115C158,2019-11-13,2019-11-13 09:38:35,0.67,0.134,412,0.65,0.13,45,0.66,0.132,10,0.66,0.132,559,0
IWM191115C158,2019-11-13,2019-11-13 09:38:36,0.67,0.134,212,0.66,0.132,21,0.66,0.132,10,0.665,0.133,559,0
IWM191115C158,2019-11-13,2019-11-13 09:38:36,0.67,0.134,328,0.65,0.13,110,0.66,0.132,10,0.66,0.132,559,0
IWM191115C158,2019-11-13,2019-11-13 09:38:37,0.66,0.132,60,0.65,0.13,57,0.66,0.132,10,0.655,0.131,559,0
IWM191115C158,2019-11-13,2019-11-13 09:38:38,0.66,0.132,249,0.65,0.13,45,0.66,0.132,10,0.655,0.131,559,0
IWM191115C158,2019-11-13,2019-11-13 09:38:38,0.66,0.132,272,0.65,0.13,45,0.66,0.132,10,0.655,0.131,559,0
IWM191115C158,2019-11-13,2019-11-13 09:38:39,0.66,0.132,272,0.65,0.13,45,0.66,0.132,10,0.655,0.131,559,0
IWM191115C158,2019-11-13,2019-11-13 09:38:40,0.65,0.13,226,0.64,0.128,20,0.66,0.132,10,0.645,0.129,559,0
IWM191115C158,2019-11-13,2019-11-13 09:38:40,0.66,0.132,272,0.64,0.128,20,0.66,0.132,10,0.65,0.13,559,0
IWM191115C158,2019-11-13,2019-11-13 09:38:41,0.65,0.13,75,0.64,0.128,20,0.66,0.132,10,0.645,0.129,559,0
IWM191115C158,2019-11-13,2019-11-13 09:38:41,0.64,0.128,79,0.63,0.126,24,0.66,0.132,10,0.635,0.127,559,0
IWM191115C158,2019-11-13,2019-11-13 09:38:42,0.64,0.128,79,0.63,0.126,24,0.66,0.132,10,0.635,0.127,559,0
IWM191115C158,2019-11-13,2019-11-13 09:38:42,0.64,0.128,106,0.63,0.126,20,0.66,0.132,10,0.635,0.127,559,0
IWM191115C158,2019-11-13,2019-11-13 09:38:43,0.64,0.128,97,0.62,0.124,65,0.66,0.132,10,0.63,0.126,559,0
IWM191115C158,2019-11-13,2019-11-13 09:38:43,0.64,0.128,97,0.62,0.124,149,0.66,0.132,10,0.63,0.126,559,0
IWM191115C158,2019-11-13,2019-11-13 09:38:44,0.63,0.126,43,0.62,0.124,49,0.66,0.132,10,0.625,0.125,559,0
IWM191115C158,2019-11-13,2019-11-13 09:38:44,0.64,0.128,97,0.62,0.124,106,0.66,0.132,10,0.63,0.126,559,0
IWM191115C158,2019-11-13,2019-11-13 09:38:45,0.63,0.126,43,0.62,0.124,173,0.66,0.132,10,0.625,0.125,559,0
IWM191115C158,2019-11-13,2019-11-13 09:38:45,0.63,0.126,43,0.62,0.124,79,0.66,0.132,10,0.625,0.125,559,0
IWM191115C158,2019-11-13,2019-11-13 09:38:46,0.63,0.126,53,0.62,0.124,20,0.66,0.132,10,0.625,0.125,559,0
IWM191115C158,2019-11-13,2019-11-13 09:38:46,0.63,0.126,53,0.62,0.124,30,0.66,0.132,10,0.625,0.125,559,0
IWM191115C158,2019-11-13,2019-11-13 09:38:47,0.63,0.126,402,0.62,0.124,10,0.66,0.132,10,0.625,0.125,559,0
IWM191115C158,2019-11-13,2019-11-13 09:38:47,0.63,0.126,76,0.62,0.124,10,0.66,0.132,10,0.625,0.125,559,0
IWM191115C158,2019-11-13,2019-11-13 09:38:48,0.63,0.126,31,0.62,0.124,37,0.66,0.132,10,0.625,0.125,559,0
IWM191115C158,2019-11-13,2019-11-13 09:38:49,0.63,0.126,31,0.62,0.124,37,0.66,0.132,10,0.625,0.125,559,0
IWM191115C158,2019-11-13,2019-11-13 09:38:49,0.63,0.126,37,0.62,0.124,37,0.66,0.132,10,0.625,0.125,559,0
IWM191115C158,2019-11-13,2019-11-13 09:38:50,0.63,0.126,37,0.62,0.124,45,0.66,0.132,10,0.625,0.125,559,0
IWM191115C158,2019-11-13,2019-11-13 09:38:50,0.63,0.126,37,0.62,0.124,96,0.66,0.132,10,0.625,0.125,559,0
IWM191115C158,2019-11-13,2019-11-13 09:38:51,0.63,0.126,37,0.62,0.124,45,0.66,0.132,10,0.625,0.125,559,0
IWM191115C158,2019-11-13,2019-11-13 09:38:52,0.63,0.126,217,0.61,0.122,78,0.63,0.126,10,0.62,0.124,569,10
IWM191115C158,2019-11-13,2019-11-13 09:38:52,0.63,0.126,471,0.61,0.122,184,0.63,0.126,10,0.62,0.124,569,0
IWM191115C158,2019-11-13,2019-11-13 09:38:53,0.63,0.126,471,0.61,0.122,169,0.63,0.126,10,0.62,0.124,569,0
IWM191115C158,2019-11-13,2019-11-13 09:38:54,0.63,0.126,50,0.62,0.124,35,0.63,0.126,10,0.625,0.125,569,0
IWM191115C158,2019-11-13,2019-11-13 09:38:54,0.63,0.126,50,0.62,0.124,34,0.63,0.126,10,0.625,0.125,569,0
IWM191115C158,2019-11-13,2019-11-13 09:38:55,0.63,0.126,50,0.61,0.122,287,0.63,0.126,10,0.62,0.124,569,0
IWM191115C158,2019-11-13,2019-11-13 09:38:55,0.63,0.126,50,0.62,0.124,21,0.63,0.126,10,0.625,0.125,569,0
IWM191115C158,2019-11-13,2019-11-13 09:38:56,0.63,0.126,39,0.62,0.124,5,0.63,0.126,10,0.625,0.125,569,0
IWM191115C158,2019-11-13,2019-11-13 09:38:56,0.63,0.126,19,0.61,0.122,330,0.63,0.126,10,0.62,0.124,569,0
IWM191115C158,2019-11-13,2019-11-13 09:38:57,0.63,0.126,19,0.62,0.124,70,0.63,0.126,10,0.625,0.125,569,0
IWM191115C158,2019-11-13,2019-11-13 09:38:57,0.63,0.126,10,0.61,0.122,330,0.63,0.126,10,0.62,0.124,569,0
IWM191115C158,2019-11-13,2019-11-13 09:38:58,0.63,0.126,38,0.62,0.124,35,0.63,0.126,10,0.625,0.125,569,0
IWM191115C158,2019-11-13,2019-11-13 09:38:58,0.63,0.126,27,0.62,0.124,25,0.63,0.126,10,0.625,0.125,569,0
IWM191115C158,2019-11-13,2019-11-13 09:38:59,0.63,0.126,51,0.62,0.124,25,0.63,0.126,10,0.625,0.125,569,0
IWM191115C158,2019-11-13,2019-11-13 09:38:59,0.62,0.124,20,0.61,0.122,6,0.62,0.124,2,0.615,0.123,599,30
IWM191115C158,2019-11-13,2019-11-13 09:39:00,0.62,0.124,200,0.6,0.12,45,0.62,0.124,2,0.61,0.122,599,0
IWM191115C158,2019-11-13,2019-11-13 09:39:00,0.62,0.124,301,0.6,0.12,50,0.62,0.124,2,0.61,0.122,599,0
IWM191115C158,2019-11-13,2019-11-13 09:39:01,0.62,0.124,507,0.6,0.12,43,0.62,0.124,2,0.61,0.122,599,0
IWM191115C158,2019-11-13,2019-11-13 09:39:02,0.62,0.124,515,0.6,0.12,10,0.62,0.124,2,0.61,0.122,599,0
IWM191115C158,2019-11-13,2019-11-13 09:39:02,0.61,0.122,460,0.6,0.12,10,0.62,0.124,2,0.605,0.121,599,0
IWM191115C158,2019-11-13,2019-11-13 09:39:03,0.61,0.122,240,0.6,0.12,10,0.62,0.124,2,0.605,0.121,599,0
IWM191115C158,2019-11-13,2019-11-13 09:39:03,0.61,0.122,346,0.6,0.12,21,0.62,0.124,2,0.605,0.121,599,0
IWM191115C158,2019-11-13,2019-11-13 09:39:04,0.61,0.122,165,0.6,0.12,21,0.6,0.12,75,0.605,0.121,674,75
IWM191115C158,2019-11-13,2019-11-13 09:39:05,0.61,0.122,165,0.6,0.12,21,0.6,0.12,75,0.605,0.121,674,0
IWM191115C158,2019-11-13,2019-11-13 09:39:05,0.61,0.122,141,0.6,0.12,35,0.6,0.12,75,0.605,0.121,674,0
IWM191115C158,2019-11-13,2019-11-13 09:39:06,0.61,0.122,141,0.6,0.12,79,0.6,0.12,75,0.605,0.121,674,0
IWM191115C158,2019-11-13,2019-11-13 09:39:06,0.62,0.124,40,0.61,0.122,79,0.6,0.12,75,0.615,0.123,674,0
IWM191115C158,2019-11-13,2019-11-13 09:39:07,0.62,0.124,12,0.61,0.122,189,0.6,0.12,75,0.615,0.123,674,0
IWM191115C158,2019-11-13,2019-11-13 09:39:07,0.62,0.124,30,0.61,0.122,189,0.6,0.12,75,0.615,0.123,674,0
IWM191115C158,2019-11-13,2019-11-13 09:39:08,0.63,0.126,409,0.61,0.122,30,0.6,0.12,75,0.62,0.124,674,0
IWM191115C158,2019-11-13,2019-11-13 09:39:08,0.63,0.126,40,0.61,0.122,173,0.6,0.12,75,0.62,0.124,674,0
IWM191115C158,2019-11-13,2019-11-13 09:39:09,0.63,0.126,521,0.61,0.122,30,0.6,0.12,75,0.62,0.124,674,0
IWM191115C158,2019-11-13,2019-11-13 09:39:09,0.63,0.126,483,0.61,0.122,30,0.6,0.12,75,0.62,0.124,674,0
IWM191115C158,2019-11-13,2019-11-13 09:39:10,0.63,0.126,619,0.61,0.122,30,0.6,0.12,75,0.62,0.124,674,0
IWM191115C158,2019-11-13,2019-11-13 09:39:10,0.63,0.126,351,0.61,0.122,46,0.6,0.12,75,0.62,0.124,674,0
IWM191115C158,2019-11-13,2019-11-13 09:39:11,0.61,0.122,80,0.6,0.12,210,0.6,0.12,75,0.605,0.121,674,0
IWM191115C158,2019-11-13,2019-11-13 09:39:11,0.62,0.124,84,0.61,0.122,21,0.6,0.12,75,0.615,0.123,674,0
IWM191115C158,2019-11-13,2019-11-13 09:39:12,0.61,0.122,3,0.61,0.122,45,0.6,0.12,75,0.61,0.122,674,0
IWM191115C158,2019-11-13,2019-11-13 09:39:12,0.62,0.124,86,0.61,0.122,20,0.6,0.12,75,0.615,0.123,674,0
IWM191115C158,2019-11-13,2019-11-13 09:39:13,0.62,0.124,105,0.6,0.12,80,0.6,0.12,75,0.61,0.122,674,0
IWM191115C158,2019-11-13,2019-11-13 09:39:13,0.62,0.124,38,0.6,0.12,80,0.62,0.124,10,0.61,0.122,684,10
IWM191115C158,2019-11-13,2019-11-13 09:39:14,0.62,0.124,72,0.6,0.12,210,0.62,0.124,10,0.61,0.122,684,0
IWM191115C158,2019-11-13,2019-11-13 09:39:14,0.62,0.124,48,0.61,0.122,9,0.62,0.124,10,0.615,0.123,684,0
IWM191115C158,2019-11-13,2019-11-13 09:39:15,0.62,0.124,80,0.6,0.12,68,0.62,0.124,10,0.61,0.122,684,0
IWM191115C158,2019-11-13,2019-11-13 09:39:16,0.62,0.124,492,0.6,0.12,105,0.62,0.124,10,0.61,0.122,684,0
IWM191115C158,2019-11-13,2019-11-13 09:39:16,0.62,0.124,492,0.6,0.12,139,0.62,0.124,10,0.61,0.122,684,0
IWM191115C158,2019-11-13,2019-11-13 09:39:17,0.62,0.124,492,0.6,0.12,45,0.62,0.124,10,0.61,0.122,684,0
IWM191115C158,2019-11-13,2019-11-13 09:39:17,0.62,0.124,487,0.6,0.12,42,0.62,0.124,10,0.61,0.122,684,0
IWM191115C158,2019-11-13,2019-11-13 09:39:18,0.62,0.124,487,0.6,0.12,33,0.62,0.124,10,0.61,0.122,684,0
IWM191115C158,2019-11-13,2019-11-13 09:39:18,0.61,0.122,39,0.59,0.118,10,0.6,0.12,10,0.6,0.12,694,10
IWM191115C158,2019-11-13,2019-11-13 09:39:19,0.6,0.12,89,0.59,0.118,10,0.6,0.12,10,0.595,0.119,694,0
IWM191115C158,2019-11-13,2019-11-13 09:39:19,0.6,0.12,53,0.59,0.118,10,0.6,0.12,10,0.595,0.119,694,0
IWM191115C158,2019-11-13,2019-11-13 09:39:20,0.6,0.12,99,0.59,0.118,10,0.6,0.12,10,0.595,0.119,694,0
IWM191115C158,2019-11-13,2019-11-13 09:39:21,0.6,0.12,99,0.59,0.118,10,0.6,0.12,10,0.595,0.119,694,0
IWM191115C158,2019-11-13,2019-11-13 09:39:21,0.6,0.12,234,0.59,0.118,10,0.6,0.12,10,0.595,0.119,694,0
IWM191115C158,2019-11-13,2019-11-13 09:39:22,0.6,0.12,377,0.59,0.118,10,0.6,0.12,10,0.595,0.119,694,0
IWM191115C158,2019-11-13,2019-11-13 09:39:22,0.6,0.12,346,0.59,0.118,10,0.6,0.12,10,0.595,0.119,694,0
IWM191115C158,2019-11-13,2019-11-13 09:39:23,0.6,0.12,377,0.58,0.116,201,0.59,0.118,10,0.59,0.118,704,0
IWM191115C158,2019-11-13,2019-11-13 09:39:23,0.6,0.12,377,0.58,0.116,105,0.59,0.118,10,0.59,0.118,704,10
IWM191115C158,2019-11-13,2019-11-13 09:39:24,0.59,0.118,23,0.58,0.116,138,0.59,0.118,10,0.585,0.117,704,0
IWM191115C158,2019-11-13,2019-11-13 09:39:24,0.6,0.12,377,0.58,0.116,201,0.59,0.118,10,0.59,0.118,704,0
IWM191115C158,2019-11-13,2019-11-13 09:39:25,0.59,0.118,23,0.58,0.116,138,0.59,0.118,10,0.585,0.117,704,0
IWM191115C158,2019-11-13,2019-11-13 09:39:26,0.59,0.118,15,0.58,0.116,127,0.59,0.118,10,0.585,0.117,704,0
IWM191115C158,2019-11-13,2019-11-13 09:39:26,0.59,0.118,10,0.58,0.116,55,0.59,0.118,10,0.585,0.117,704,0
