symbol,Date,quote_time,ask_price,norm_ask_price,ask_size,bid_price,norm_bid_price,bid_size,last_trade_price,norm_last_trade_price,last_trade_size,mark_price,norm_mark_price,volume,Volume
SPY190726C299,2019-07-25,2019-07-25 09:30:00,2.33,1.0,10,2.12,0.9098,14,2.32,0.9957,1,2.225,0.9549,7,7
SPY190726C299,2019-07-25,2019-07-25 09:30:14,2.24,0.9613,41,2.14,0.9184,5,2.25,0.9656,1,2.19,0.9399,18,11
SPY190726C299,2019-07-25,2019-07-25 09:30:17,2.24,0.9613,100,2.13,0.9141,5,2.22,0.9527,1,2.185,0.9377,19,1
SPY190726C299,2019-07-25,2019-07-25 09:30:19,2.22,0.9527,6,2.13,0.9141,5,2.22,0.9527,1,2.175,0.9334,19,0
SPY190726C299,2019-07-25,2019-07-25 09:30:24,2.22,0.9527,5,2.13,0.9141,5,2.22,0.9527,1,2.175,0.9334,20,1
SPY190726C299,2019-07-25,2019-07-25 09:30:27,2.2,0.9442,100,2.1,0.9012,5,2.2,0.9442,1,2.15,0.9227,21,1
SPY190726C299,2019-07-25,2019-07-25 09:30:29,2.23,0.957,115,2.13,0.9141,5,2.2,0.9442,1,2.18,0.9356,21,0
SPY190726C299,2019-07-25,2019-07-25 09:30:31,2.23,0.957,182,2.16,0.927,5,2.2,0.9442,1,2.195,0.942,21,0
SPY190726C299,2019-07-25,2019-07-25 09:30:33,2.21,0.9484,6,2.12,0.9098,5,2.2,0.9442,1,2.165,0.9291,21,0
SPY190726C299,2019-07-25,2019-07-25 09:30:34,2.2,0.9442,5,2.13,0.9141,5,2.2,0.9442,1,2.165,0.9291,22,1
SPY190726C299,2019-07-25,2019-07-25 09:30:36,2.19,0.9399,5,2.13,0.9141,61,2.2,0.9442,1,2.16,0.927,23,1
SPY190726C299,2019-07-25,2019-07-25 09:30:38,2.15,0.9227,61,2.11,0.9055,100,2.2,0.9442,1,2.13,0.9141,23,0
SPY190726C299,2019-07-25,2019-07-25 09:30:39,2.14,0.9184,27,2.09,0.8969,110,2.2,0.9442,1,2.115,0.9077,23,0
SPY190726C299,2019-07-25,2019-07-25 09:30:41,2.15,0.9227,6,2.1,0.9012,5,2.2,0.9442,1,2.125,0.912,23,0
SPY190726C299,2019-07-25,2019-07-25 09:30:42,2.16,0.927,5,2.1,0.9012,100,2.16,0.927,1,2.13,0.9141,24,1
SPY190726C299,2019-07-25,2019-07-25 09:30:44,2.18,0.9356,100,2.11,0.9055,5,2.16,0.927,1,2.145,0.9206,24,0
SPY190726C299,2019-07-25,2019-07-25 09:30:45,2.19,0.9399,5,2.13,0.9141,5,2.18,0.9356,1,2.16,0.927,25,1
SPY190726C299,2019-07-25,2019-07-25 09:30:47,2.2,0.9442,184,2.13,0.9141,103,2.18,0.9356,1,2.165,0.9291,25,0
SPY190726C299,2019-07-25,2019-07-25 09:30:49,2.19,0.9399,9,2.13,0.9141,110,2.18,0.9356,1,2.16,0.927,25,0
SPY190726C299,2019-07-25,2019-07-25 09:30:51,2.18,0.9356,149,2.13,0.9141,110,2.18,0.9356,1,2.155,0.9248,26,1
SPY190726C299,2019-07-25,2019-07-25 09:30:52,2.16,0.927,3,2.11,0.9055,8,2.16,0.927,3,2.135,0.9163,29,3
SPY190726C299,2019-07-25,2019-07-25 09:30:54,2.15,0.9227,75,2.1,0.9012,24,2.16,0.927,3,2.125,0.912,29,0
SPY190726C299,2019-07-25,2019-07-25 09:30:56,2.15,0.9227,1,2.1,0.9012,5,2.15,0.9227,1,2.125,0.912,30,1
SPY190726C299,2019-07-25,2019-07-25 09:30:57,2.16,0.927,6,2.09,0.8969,110,2.15,0.9227,1,2.125,0.912,30,0
SPY190726C299,2019-07-25,2019-07-25 09:30:58,2.14,0.9184,5,2.05,0.8798,6,2.15,0.9227,1,2.095,0.8991,30,0
SPY190726C299,2019-07-25,2019-07-25 09:30:59,2.15,0.9227,6,2.04,0.8755,43,2.15,0.9227,1,2.095,0.8991,30,0
SPY190726C299,2019-07-25,2019-07-25 09:31:01,2.17,0.9313,38,2.07,0.8884,6,2.15,0.9227,1,2.12,0.9098,30,0
SPY190726C299,2019-07-25,2019-07-25 09:31:01,2.16,0.927,66,2.06,0.8841,5,2.15,0.9227,1,2.11,0.9055,30,0
SPY190726C299,2019-07-25,2019-07-25 09:31:02,2.17,0.9313,52,2.07,0.8884,103,2.15,0.9227,1,2.12,0.9098,30,0
SPY190726C299,2019-07-25,2019-07-25 09:31:03,2.17,0.9313,3,2.08,0.8927,5,2.15,0.9227,1,2.125,0.912,30,0
SPY190726C299,2019-07-25,2019-07-25 09:31:03,2.17,0.9313,5,2.08,0.8927,5,2.15,0.9227,1,2.125,0.912,30,0
SPY190726C299,2019-07-25,2019-07-25 09:31:04,2.15,0.9227,1,2.08,0.8927,5,2.15,0.9227,1,2.115,0.9077,30,0
SPY190726C299,2019-07-25,2019-07-25 09:31:04,2.17,0.9313,100,2.07,0.8884,103,2.15,0.9227,1,2.12,0.9098,30,0
SPY190726C299,2019-07-25,2019-07-25 09:31:05,2.15,0.9227,1,2.08,0.8927,103,2.15,0.9227,1,2.115,0.9077,30,0
SPY190726C299,2019-07-25,2019-07-25 09:31:06,2.15,0.9227,50,2.09,0.8969,5,2.15,0.9227,1,2.12,0.9098,31,0
SPY190726C299,2019-07-25,2019-07-25 09:31:06,2.15,0.9227,50,2.08,0.8927,103,2.15,0.9227,1,2.115,0.9077,31,1
SPY190726C299,2019-07-25,2019-07-25 09:31:07,2.17,0.9313,1,2.09,0.8969,5,2.15,0.9227,1,2.13,0.9141,31,0
SPY190726C299,2019-07-25,2019-07-25 09:31:07,2.17,0.9313,103,2.11,0.9055,5,2.15,0.9227,1,2.14,0.9184,31,0
SPY190726C299,2019-07-25,2019-07-25 09:31:08,2.16,0.927,6,2.06,0.8841,6,2.15,0.9227,1,2.11,0.9055,31,0
SPY190726C299,2019-07-25,2019-07-25 09:31:09,2.15,0.9227,6,2.09,0.8969,120,2.15,0.9227,1,2.12,0.9098,31,0
SPY190726C299,2019-07-25,2019-07-25 09:31:09,2.15,0.9227,1,2.08,0.8927,1,2.15,0.9227,1,2.115,0.9077,31,0
SPY190726C299,2019-07-25,2019-07-25 09:31:10,2.14,0.9184,1,2.08,0.8927,1,2.15,0.9227,1,2.11,0.9055,31,0
SPY190726C299,2019-07-25,2019-07-25 09:31:10,2.19,0.9399,9,2.08,0.8927,1,2.15,0.9227,1,2.135,0.9163,31,0
SPY190726C299,2019-07-25,2019-07-25 09:31:11,2.13,0.9141,5,2.1,0.9012,1,2.15,0.9227,1,2.115,0.9077,31,0
SPY190726C299,2019-07-25,2019-07-25 09:31:11,2.13,0.9141,69,2.1,0.9012,1,2.15,0.9227,1,2.115,0.9077,31,0
SPY190726C299,2019-07-25,2019-07-25 09:31:12,2.13,0.9141,5,2.11,0.9055,1,2.15,0.9227,1,2.12,0.9098,31,0
SPY190726C299,2019-07-25,2019-07-25 09:31:13,2.13,0.9141,73,2.11,0.9055,1,2.15,0.9227,1,2.12,0.9098,31,0
SPY190726C299,2019-07-25,2019-07-25 09:31:13,2.14,0.9184,101,2.11,0.9055,2,2.15,0.9227,1,2.125,0.912,31,0
SPY190726C299,2019-07-25,2019-07-25 09:31:14,2.13,0.9141,6,2.08,0.8927,1,2.1,0.9012,1,2.105,0.9034,33,1
SPY190726C299,2019-07-25,2019-07-25 09:31:14,2.13,0.9141,6,2.1,0.9012,1,2.11,0.9055,1,2.115,0.9077,32,1
SPY190726C299,2019-07-25,2019-07-25 09:31:15,2.13,0.9141,100,2.08,0.8927,1,2.13,0.9141,1,2.105,0.9034,34,1
SPY190726C299,2019-07-25,2019-07-25 09:31:15,2.13,0.9141,100,2.08,0.8927,1,2.13,0.9141,1,2.105,0.9034,34,0
SPY190726C299,2019-07-25,2019-07-25 09:31:16,2.13,0.9141,5,2.09,0.8969,1,2.13,0.9141,1,2.11,0.9055,34,0
SPY190726C299,2019-07-25,2019-07-25 09:31:16,2.15,0.9227,103,2.09,0.8969,66,2.13,0.9141,1,2.12,0.9098,34,0
SPY190726C299,2019-07-25,2019-07-25 09:31:17,2.15,0.9227,53,2.09,0.8969,66,2.09,0.8969,1,2.12,0.9098,35,1
SPY190726C299,2019-07-25,2019-07-25 09:31:18,2.15,0.9227,53,2.09,0.8969,86,2.09,0.8969,1,2.12,0.9098,35,0
SPY190726C299,2019-07-25,2019-07-25 09:31:18,2.13,0.9141,36,2.09,0.8969,38,2.09,0.8969,1,2.11,0.9055,35,0
SPY190726C299,2019-07-25,2019-07-25 09:31:19,2.11,0.9055,5,2.09,0.8969,38,2.09,0.8969,1,2.1,0.9012,35,0
SPY190726C299,2019-07-25,2019-07-25 09:31:19,2.12,0.9098,5,2.09,0.8969,38,2.09,0.8969,1,2.105,0.9034,35,0
SPY190726C299,2019-07-25,2019-07-25 09:31:20,2.1,0.9012,5,2.08,0.8927,1,2.09,0.8969,1,2.09,0.8969,37,2
SPY190726C299,2019-07-25,2019-07-25 09:31:20,2.11,0.9055,30,2.08,0.8927,1,2.09,0.8969,1,2.095,0.8991,37,0
SPY190726C299,2019-07-25,2019-07-25 09:31:21,2.11,0.9055,47,2.08,0.8927,1,2.09,0.8969,1,2.095,0.8991,37,0
SPY190726C299,2019-07-25,2019-07-25 09:31:22,2.11,0.9055,6,2.08,0.8927,1,2.09,0.8969,1,2.095,0.8991,37,0
SPY190726C299,2019-07-25,2019-07-25 09:31:23,2.11,0.9055,100,2.08,0.8927,1,2.09,0.8969,1,2.095,0.8991,37,0
SPY190726C299,2019-07-25,2019-07-25 09:31:23,2.1,0.9012,6,2.08,0.8927,1,2.09,0.8969,1,2.09,0.8969,37,0
SPY190726C299,2019-07-25,2019-07-25 09:31:24,2.1,0.9012,6,2.08,0.8927,1,2.09,0.8969,1,2.09,0.8969,37,0
SPY190726C299,2019-07-25,2019-07-25 09:31:25,2.11,0.9055,111,2.08,0.8927,1,2.09,0.8969,1,2.095,0.8991,37,0
SPY190726C299,2019-07-25,2019-07-25 09:31:25,2.1,0.9012,6,2.08,0.8927,1,2.09,0.8969,1,2.09,0.8969,37,0
SPY190726C299,2019-07-25,2019-07-25 09:31:27,2.1,0.9012,94,2.08,0.8927,1,2.08,0.8927,1,2.09,0.8969,38,0
SPY190726C299,2019-07-25,2019-07-25 09:31:27,2.1,0.9012,6,2.08,0.8927,1,2.08,0.8927,1,2.09,0.8969,38,1
SPY190726C299,2019-07-25,2019-07-25 09:31:28,2.1,0.9012,93,2.08,0.8927,1,2.08,0.8927,1,2.09,0.8969,38,0
SPY190726C299,2019-07-25,2019-07-25 09:31:28,2.1,0.9012,6,2.07,0.8884,1,2.08,0.8927,1,2.085,0.8948,38,0
SPY190726C299,2019-07-25,2019-07-25 09:31:29,2.1,0.9012,100,2.07,0.8884,14,2.08,0.8927,1,2.085,0.8948,38,0
SPY190726C299,2019-07-25,2019-07-25 09:31:30,2.09,0.8969,6,2.06,0.8841,1,2.07,0.8884,1,2.075,0.8905,39,1
SPY190726C299,2019-07-25,2019-07-25 09:31:30,2.09,0.8969,6,2.06,0.8841,1,2.07,0.8884,1,2.075,0.8905,39,0
SPY190726C299,2019-07-25,2019-07-25 09:31:31,2.08,0.8927,49,2.06,0.8841,1,2.07,0.8884,1,2.07,0.8884,39,0
SPY190726C299,2019-07-25,2019-07-25 09:31:31,2.08,0.8927,100,2.06,0.8841,2,2.07,0.8884,1,2.07,0.8884,39,0
SPY190726C299,2019-07-25,2019-07-25 09:31:32,2.08,0.8927,109,2.06,0.8841,1,2.07,0.8884,1,2.07,0.8884,39,0
SPY190726C299,2019-07-25,2019-07-25 09:31:32,2.08,0.8927,112,2.06,0.8841,1,2.05,0.8798,1,2.07,0.8884,41,2
SPY190726C299,2019-07-25,2019-07-25 09:31:33,2.08,0.8927,100,2.05,0.8798,6,2.05,0.8798,1,2.065,0.8862,41,0
SPY190726C299,2019-07-25,2019-07-25 09:31:33,2.07,0.8884,6,2.03,0.8712,1,2.04,0.8755,2,2.05,0.8798,46,5
SPY190726C299,2019-07-25,2019-07-25 09:31:34,2.05,0.8798,51,2.03,0.8712,1,2.05,0.8798,1,2.04,0.8755,47,1
SPY190726C299,2019-07-25,2019-07-25 09:31:35,2.05,0.8798,32,2.03,0.8712,1,2.05,0.8798,1,2.04,0.8755,47,0
SPY190726C299,2019-07-25,2019-07-25 09:31:35,2.05,0.8798,30,2.03,0.8712,1,2.05,0.8798,1,2.04,0.8755,47,0
SPY190726C299,2019-07-25,2019-07-25 09:31:36,2.03,0.8712,5,2.01,0.8626,1,2.03,0.8712,1,2.02,0.8669,49,2
SPY190726C299,2019-07-25,2019-07-25 09:31:36,2.03,0.8712,6,2.01,0.8626,1,2.03,0.8712,1,2.02,0.8669,49,0
SPY190726C299,2019-07-25,2019-07-25 09:31:37,2.01,0.8626,5,1.96,0.8412,100,2.01,0.8626,1,1.985,0.8519,51,0
SPY190726C299,2019-07-25,2019-07-25 09:31:37,2.03,0.8712,6,1.96,0.8412,77,2.01,0.8626,1,1.995,0.8562,51,2
SPY190726C299,2019-07-25,2019-07-25 09:31:38,2.01,0.8626,6,1.96,0.8412,110,2.01,0.8626,1,1.985,0.8519,51,0
SPY190726C299,2019-07-25,2019-07-25 09:31:38,2.02,0.8669,56,1.96,0.8412,110,2.01,0.8626,1,1.99,0.854,51,0
SPY190726C299,2019-07-25,2019-07-25 09:31:39,2.02,0.8669,7,1.96,0.8412,166,2.0,0.8583,2,1.99,0.854,53,2
SPY190726C299,2019-07-25,2019-07-25 09:31:40,2.01,0.8626,6,1.96,0.8412,146,2.0,0.8583,2,1.985,0.8519,53,0
SPY190726C299,2019-07-25,2019-07-25 09:31:40,2.01,0.8626,6,1.96,0.8412,108,2.0,0.8583,2,1.985,0.8519,53,0
SPY190726C299,2019-07-25,2019-07-25 09:31:41,2.01,0.8626,7,1.96,0.8412,146,2.0,0.8583,2,1.985,0.8519,53,0
SPY190726C299,2019-07-25,2019-07-25 09:31:41,2.01,0.8626,5,1.96,0.8412,146,2.0,0.8583,2,1.985,0.8519,53,0
SPY190726C299,2019-07-25,2019-07-25 09:31:42,2.01,0.8626,44,1.96,0.8412,146,2.0,0.8583,2,1.985,0.8519,53,0
SPY190726C299,2019-07-25,2019-07-25 09:31:42,2.01,0.8626,5,1.96,0.8412,146,2.0,0.8583,2,1.985,0.8519,53,0
SPY190726C299,2019-07-25,2019-07-25 09:31:43,2.01,0.8626,5,1.96,0.8412,187,2.0,0.8583,1,1.985,0.8519,54,1
SPY190726C299,2019-07-25,2019-07-25 09:31:43,2.02,0.8669,181,1.96,0.8412,321,2.0,0.8583,1,1.99,0.854,54,0
SPY190726C299,2019-07-25,2019-07-25 09:31:44,2.02,0.8669,181,1.96,0.8412,396,2.0,0.8583,1,1.99,0.854,54,0
SPY190726C299,2019-07-25,2019-07-25 09:31:45,2.05,0.8798,42,1.99,0.854,5,2.02,0.8669,1,2.02,0.8669,55,1
SPY190726C299,2019-07-25,2019-07-25 09:31:46,2.05,0.8798,100,2.0,0.8583,43,2.02,0.8669,1,2.025,0.869,55,0
SPY190726C299,2019-07-25,2019-07-25 09:31:46,2.05,0.8798,42,2.0,0.8583,6,2.02,0.8669,1,2.025,0.869,55,0
SPY190726C299,2019-07-25,2019-07-25 09:31:47,2.04,0.8755,7,1.99,0.854,98,2.02,0.8669,1,2.015,0.8648,55,0
SPY190726C299,2019-07-25,2019-07-25 09:31:47,2.05,0.8798,112,1.98,0.8497,110,2.02,0.8669,1,2.015,0.8648,55,0
SPY190726C299,2019-07-25,2019-07-25 09:31:48,2.04,0.8755,7,2.01,0.8626,10,2.02,0.8669,1,2.025,0.869,55,0
SPY190726C299,2019-07-25,2019-07-25 09:31:49,2.02,0.8669,6,1.97,0.8454,6,2.02,0.8669,1,1.995,0.8562,55,0
SPY190726C299,2019-07-25,2019-07-25 09:31:49,2.01,0.8626,1,1.96,0.8412,5,2.02,0.8669,1,1.985,0.8519,55,0
SPY190726C299,2019-07-25,2019-07-25 09:31:50,2.0,0.8583,10,1.97,0.8454,10,2.02,0.8669,1,1.985,0.8519,55,0
SPY190726C299,2019-07-25,2019-07-25 09:31:50,2.0,0.8583,70,1.96,0.8412,68,2.02,0.8669,1,1.98,0.8497,55,0
SPY190726C299,2019-07-25,2019-07-25 09:31:51,2.01,0.8626,6,1.98,0.8497,6,2.02,0.8669,1,1.995,0.8562,55,0
SPY190726C299,2019-07-25,2019-07-25 09:31:51,2.01,0.8626,57,1.97,0.8454,10,2.02,0.8669,1,1.99,0.854,55,0
SPY190726C299,2019-07-25,2019-07-25 09:31:52,2.0,0.8583,1,1.96,0.8412,28,2.02,0.8669,1,1.98,0.8497,55,0
SPY190726C299,2019-07-25,2019-07-25 09:31:53,2.01,0.8626,100,1.98,0.8497,1,2.02,0.8669,1,1.995,0.8562,55,0
SPY190726C299,2019-07-25,2019-07-25 09:31:54,2.01,0.8626,6,1.98,0.8497,6,2.02,0.8669,1,1.995,0.8562,55,0
SPY190726C299,2019-07-25,2019-07-25 09:31:54,2.01,0.8626,6,1.98,0.8497,10,2.02,0.8669,1,1.995,0.8562,55,0
SPY190726C299,2019-07-25,2019-07-25 09:31:55,2.01,0.8626,6,1.98,0.8497,10,2.02,0.8669,1,1.995,0.8562,55,0
SPY190726C299,2019-07-25,2019-07-25 09:31:56,2.01,0.8626,7,1.96,0.8412,54,2.02,0.8669,1,1.985,0.8519,55,0
SPY190726C299,2019-07-25,2019-07-25 09:31:56,2.0,0.8583,10,1.97,0.8454,6,2.02,0.8669,1,1.985,0.8519,55,0
SPY190726C299,2019-07-25,2019-07-25 09:31:57,2.02,0.8669,33,1.97,0.8454,10,2.0,0.8583,1,1.995,0.8562,56,1
SPY190726C299,2019-07-25,2019-07-25 09:31:57,2.05,0.8798,3,2.01,0.8626,7,2.0,0.8583,1,2.03,0.8712,56,0
SPY190726C299,2019-07-25,2019-07-25 09:31:58,2.05,0.8798,3,2.01,0.8626,7,2.0,0.8583,1,2.03,0.8712,56,0
SPY190726C299,2019-07-25,2019-07-25 09:31:58,2.05,0.8798,3,2.01,0.8626,10,2.0,0.8583,1,2.03,0.8712,56,0
SPY190726C299,2019-07-25,2019-07-25 09:31:59,2.05,0.8798,68,2.01,0.8626,10,2.0,0.8583,1,2.03,0.8712,56,0
SPY190726C299,2019-07-25,2019-07-25 09:32:00,2.05,0.8798,68,2.01,0.8626,7,2.04,0.8755,1,2.03,0.8712,59,3
SPY190726C299,2019-07-25,2019-07-25 09:32:02,2.1,0.9012,100,2.04,0.8755,1,2.04,0.8755,1,2.07,0.8884,59,0
SPY190726C299,2019-07-25,2019-07-25 09:32:03,2.11,0.9055,52,2.07,0.8884,10,2.04,0.8755,1,2.09,0.8969,59,0
SPY190726C299,2019-07-25,2019-07-25 09:32:03,2.11,0.9055,62,2.07,0.8884,10,2.04,0.8755,1,2.09,0.8969,59,0
SPY190726C299,2019-07-25,2019-07-25 09:32:04,2.11,0.9055,62,2.07,0.8884,10,2.04,0.8755,1,2.09,0.8969,59,0
SPY190726C299,2019-07-25,2019-07-25 09:32:05,2.11,0.9055,63,2.08,0.8927,9,2.04,0.8755,1,2.095,0.8991,59,0
SPY190726C299,2019-07-25,2019-07-25 09:32:06,2.13,0.9141,62,2.08,0.8927,6,2.04,0.8755,1,2.105,0.9034,59,0
SPY190726C299,2019-07-25,2019-07-25 09:32:07,2.13,0.9141,1,2.09,0.8969,10,2.04,0.8755,1,2.11,0.9055,59,0
SPY190726C299,2019-07-25,2019-07-25 09:32:08,2.11,0.9055,100,2.07,0.8884,7,2.04,0.8755,1,2.09,0.8969,59,0
SPY190726C299,2019-07-25,2019-07-25 09:32:08,2.12,0.9098,10,2.06,0.8841,54,2.04,0.8755,1,2.09,0.8969,59,0
SPY190726C299,2019-07-25,2019-07-25 09:32:09,2.11,0.9055,10,2.07,0.8884,10,2.04,0.8755,1,2.09,0.8969,59,0
SPY190726C299,2019-07-25,2019-07-25 09:32:10,2.09,0.8969,10,2.05,0.8798,10,2.04,0.8755,1,2.07,0.8884,59,0
SPY190726C299,2019-07-25,2019-07-25 09:32:11,2.1,0.9012,7,2.07,0.8884,7,2.04,0.8755,1,2.085,0.8948,59,0
SPY190726C299,2019-07-25,2019-07-25 09:32:11,2.11,0.9055,7,2.07,0.8884,7,2.04,0.8755,1,2.09,0.8969,59,0
SPY190726C299,2019-07-25,2019-07-25 09:32:12,2.11,0.9055,100,2.07,0.8884,6,2.04,0.8755,1,2.09,0.8969,59,0
SPY190726C299,2019-07-25,2019-07-25 09:32:13,2.09,0.8969,7,2.07,0.8884,6,2.04,0.8755,1,2.08,0.8927,59,0
SPY190726C299,2019-07-25,2019-07-25 09:32:15,2.1,0.9012,100,2.06,0.8841,7,2.04,0.8755,1,2.08,0.8927,59,0
SPY190726C299,2019-07-25,2019-07-25 09:32:15,2.09,0.8969,7,2.06,0.8841,6,2.04,0.8755,1,2.075,0.8905,59,0
SPY190726C299,2019-07-25,2019-07-25 09:32:16,2.09,0.8969,7,2.06,0.8841,6,2.04,0.8755,1,2.075,0.8905,59,0
SPY190726C299,2019-07-25,2019-07-25 09:32:17,2.09,0.8969,7,2.06,0.8841,6,2.04,0.8755,1,2.075,0.8905,59,0
SPY190726C299,2019-07-25,2019-07-25 09:32:17,2.08,0.8927,6,2.05,0.8798,10,2.04,0.8755,1,2.065,0.8862,59,0
SPY190726C299,2019-07-25,2019-07-25 09:32:18,2.08,0.8927,6,2.05,0.8798,2,2.04,0.8755,1,2.065,0.8862,59,0
SPY190726C299,2019-07-25,2019-07-25 09:32:19,2.05,0.8798,65,2.01,0.8626,10,2.04,0.8755,1,2.03,0.8712,59,0
SPY190726C299,2019-07-25,2019-07-25 09:32:20,2.05,0.8798,65,2.01,0.8626,10,2.04,0.8755,1,2.03,0.8712,59,0
SPY190726C299,2019-07-25,2019-07-25 09:32:20,2.03,0.8712,10,1.98,0.8497,45,2.04,0.8755,1,2.005,0.8605,59,0
SPY190726C299,2019-07-25,2019-07-25 09:32:21,2.03,0.8712,7,1.99,0.854,11,2.04,0.8755,1,2.01,0.8626,59,0
SPY190726C299,2019-07-25,2019-07-25 09:32:21,2.03,0.8712,6,1.99,0.854,1,2.04,0.8755,1,2.01,0.8626,59,0
SPY190726C299,2019-07-25,2019-07-25 09:32:22,2.03,0.8712,6,1.99,0.854,10,2.04,0.8755,1,2.01,0.8626,59,0
SPY190726C299,2019-07-25,2019-07-25 09:32:23,1.99,0.854,7,1.95,0.8369,7,2.04,0.8755,1,1.97,0.8454,59,0
SPY190726C299,2019-07-25,2019-07-25 09:32:23,2.01,0.8626,1,1.99,0.854,6,2.04,0.8755,1,2.0,0.8583,59,0
SPY190726C299,2019-07-25,2019-07-25 09:32:24,1.99,0.854,1,1.95,0.8369,9,2.04,0.8755,1,1.97,0.8454,59,0
SPY190726C299,2019-07-25,2019-07-25 09:32:24,1.99,0.854,10,1.95,0.8369,9,2.04,0.8755,1,1.97,0.8454,59,0
SPY190726C299,2019-07-25,2019-07-25 09:32:25,1.99,0.854,6,1.95,0.8369,6,2.04,0.8755,1,1.97,0.8454,59,0
SPY190726C299,2019-07-25,2019-07-25 09:32:25,1.98,0.8497,7,1.94,0.8326,7,2.04,0.8755,1,1.96,0.8412,59,0
SPY190726C299,2019-07-25,2019-07-25 09:32:26,1.97,0.8454,10,1.93,0.8283,10,2.04,0.8755,1,1.95,0.8369,59,0
SPY190726C299,2019-07-25,2019-07-25 09:32:27,1.97,0.8454,5,1.93,0.8283,10,2.04,0.8755,1,1.95,0.8369,59,0
SPY190726C299,2019-07-25,2019-07-25 09:32:28,1.97,0.8454,7,1.93,0.8283,10,2.04,0.8755,1,1.95,0.8369,59,0
SPY190726C299,2019-07-25,2019-07-25 09:32:28,1.95,0.8369,7,1.91,0.8197,7,2.04,0.8755,1,1.93,0.8283,59,0
SPY190726C299,2019-07-25,2019-07-25 09:32:29,1.95,0.8369,7,1.91,0.8197,7,2.04,0.8755,1,1.93,0.8283,59,0
SPY190726C299,2019-07-25,2019-07-25 09:32:30,1.94,0.8326,1,1.91,0.8197,10,2.04,0.8755,1,1.925,0.8261,59,0
SPY190726C299,2019-07-25,2019-07-25 09:32:31,2.02,0.8669,120,1.91,0.8197,10,2.04,0.8755,1,1.965,0.8433,59,0
SPY190726C299,2019-07-25,2019-07-25 09:32:32,1.95,0.8369,7,1.92,0.824,6,2.04,0.8755,1,1.935,0.8304,59,0
SPY190726C299,2019-07-25,2019-07-25 09:32:33,1.95,0.8369,20,1.91,0.8197,49,2.04,0.8755,1,1.93,0.8283,59,0
SPY190726C299,2019-07-25,2019-07-25 09:32:34,1.97,0.8454,8,1.91,0.8197,8,2.04,0.8755,1,1.94,0.8326,59,0
SPY190726C299,2019-07-25,2019-07-25 09:32:36,1.92,0.824,1,1.9,0.8154,10,1.9,0.8154,10,1.91,0.8197,69,10
SPY190726C299,2019-07-25,2019-07-25 09:32:37,1.91,0.8197,7,1.87,0.8025,42,1.9,0.8154,10,1.89,0.8111,69,0
SPY190726C299,2019-07-25,2019-07-25 09:32:38,1.91,0.8197,7,1.87,0.8025,61,1.9,0.8154,10,1.89,0.8111,69,0
SPY190726C299,2019-07-25,2019-07-25 09:32:39,1.91,0.8197,10,1.87,0.8025,63,1.9,0.8154,10,1.89,0.8111,69,0
SPY190726C299,2019-07-25,2019-07-25 09:32:40,1.93,0.8283,6,1.89,0.8111,160,1.9,0.8154,10,1.91,0.8197,69,0
SPY190726C299,2019-07-25,2019-07-25 09:32:40,1.93,0.8283,7,1.89,0.8111,10,1.9,0.8154,10,1.91,0.8197,69,0
SPY190726C299,2019-07-25,2019-07-25 09:32:42,1.93,0.8283,7,1.9,0.8154,50,1.9,0.8154,10,1.915,0.8218,69,0
SPY190726C299,2019-07-25,2019-07-25 09:32:43,1.91,0.8197,10,1.86,0.7982,164,1.9,0.8154,10,1.885,0.809,69,0
SPY190726C299,2019-07-25,2019-07-25 09:32:44,1.92,0.824,110,1.87,0.8025,6,1.9,0.8154,10,1.895,0.8133,69,0
SPY190726C299,2019-07-25,2019-07-25 09:32:45,1.9,0.8154,6,1.86,0.7982,6,1.9,0.8154,10,1.88,0.8068,69,0
SPY190726C299,2019-07-25,2019-07-25 09:32:45,1.89,0.8111,1,1.86,0.7982,6,1.9,0.8154,10,1.875,0.8047,69,0
SPY190726C299,2019-07-25,2019-07-25 09:32:46,1.9,0.8154,7,1.86,0.7982,8,1.9,0.8154,10,1.88,0.8068,69,0
SPY190726C299,2019-07-25,2019-07-25 09:32:47,1.9,0.8154,6,1.87,0.8025,8,1.9,0.8154,10,1.885,0.809,69,0
SPY190726C299,2019-07-25,2019-07-25 09:32:47,1.89,0.8111,6,1.87,0.8025,8,1.9,0.8154,10,1.88,0.8068,69,0
SPY190726C299,2019-07-25,2019-07-25 09:32:48,1.9,0.8154,100,1.87,0.8025,8,1.9,0.8154,10,1.885,0.809,69,0
SPY190726C299,2019-07-25,2019-07-25 09:32:49,1.89,0.8111,7,1.87,0.8025,7,1.9,0.8154,10,1.88,0.8068,69,0
SPY190726C299,2019-07-25,2019-07-25 09:32:49,1.89,0.8111,7,1.85,0.7939,101,1.9,0.8154,10,1.87,0.8025,69,0
SPY190726C299,2019-07-25,2019-07-25 09:32:50,1.89,0.8111,7,1.85,0.7939,100,1.9,0.8154,10,1.87,0.8025,69,0
SPY190726C299,2019-07-25,2019-07-25 09:32:51,1.87,0.8025,1,1.83,0.7854,10,1.9,0.8154,10,1.85,0.7939,69,0
SPY190726C299,2019-07-25,2019-07-25 09:32:51,1.87,0.8025,7,1.83,0.7854,110,1.9,0.8154,10,1.85,0.7939,69,0
SPY190726C299,2019-07-25,2019-07-25 09:32:52,1.87,0.8025,7,1.83,0.7854,110,1.9,0.8154,10,1.85,0.7939,69,0
SPY190726C299,2019-07-25,2019-07-25 09:32:52,1.87,0.8025,7,1.83,0.7854,100,1.9,0.8154,10,1.85,0.7939,69,0
SPY190726C299,2019-07-25,2019-07-25 09:32:53,1.87,0.8025,7,1.83,0.7854,100,1.9,0.8154,10,1.85,0.7939,69,0
SPY190726C299,2019-07-25,2019-07-25 09:32:54,1.87,0.8025,10,1.83,0.7854,100,1.9,0.8154,10,1.85,0.7939,69,0
SPY190726C299,2019-07-25,2019-07-25 09:32:54,1.87,0.8025,7,1.83,0.7854,100,1.9,0.8154,10,1.85,0.7939,69,0
SPY190726C299,2019-07-25,2019-07-25 09:32:55,1.87,0.8025,10,1.83,0.7854,100,1.9,0.8154,10,1.85,0.7939,69,0
SPY190726C299,2019-07-25,2019-07-25 09:32:56,1.87,0.8025,10,1.83,0.7854,110,1.9,0.8154,10,1.85,0.7939,69,0
SPY190726C299,2019-07-25,2019-07-25 09:32:57,1.87,0.8025,20,1.83,0.7854,100,1.9,0.8154,10,1.85,0.7939,69,0
SPY190726C299,2019-07-25,2019-07-25 09:32:58,1.89,0.8111,10,1.83,0.7854,6,1.9,0.8154,10,1.86,0.7982,69,0
SPY190726C299,2019-07-25,2019-07-25 09:32:58,1.87,0.8025,20,1.83,0.7854,110,1.9,0.8154,10,1.85,0.7939,69,0
SPY190726C299,2019-07-25,2019-07-25 09:32:59,1.85,0.7939,7,1.81,0.7768,70,1.9,0.8154,10,1.83,0.7854,69,0
SPY190726C299,2019-07-25,2019-07-25 09:32:59,1.88,0.8068,10,1.83,0.7854,53,1.9,0.8154,10,1.855,0.7961,69,0
SPY190726C299,2019-07-25,2019-07-25 09:33:00,1.85,0.7939,10,1.81,0.7768,100,1.9,0.8154,10,1.83,0.7854,69,0
SPY190726C299,2019-07-25,2019-07-25 09:33:01,1.85,0.7939,17,1.81,0.7768,110,1.9,0.8154,10,1.83,0.7854,69,0
SPY190726C299,2019-07-25,2019-07-25 09:33:01,1.85,0.7939,10,1.8,0.7725,104,1.9,0.8154,10,1.825,0.7832,69,0
SPY190726C299,2019-07-25,2019-07-25 09:33:02,1.85,0.7939,10,1.81,0.7768,76,1.9,0.8154,10,1.83,0.7854,69,0
SPY190726C299,2019-07-25,2019-07-25 09:33:03,1.85,0.7939,10,1.81,0.7768,77,1.9,0.8154,10,1.83,0.7854,69,0
SPY190726C299,2019-07-25,2019-07-25 09:33:03,1.85,0.7939,10,1.81,0.7768,76,1.9,0.8154,10,1.83,0.7854,69,0
SPY190726C299,2019-07-25,2019-07-25 09:33:04,1.88,0.8068,1,1.83,0.7854,10,1.9,0.8154,10,1.855,0.7961,69,0
SPY190726C299,2019-07-25,2019-07-25 09:33:04,1.84,0.7896,1,1.81,0.7768,53,1.9,0.8154,10,1.825,0.7832,69,0
SPY190726C299,2019-07-25,2019-07-25 09:33:05,1.92,0.824,1,1.83,0.7854,20,1.9,0.8154,10,1.875,0.8047,69,0
SPY190726C299,2019-07-25,2019-07-25 09:33:06,1.91,0.8197,7,1.86,0.7982,7,1.9,0.8154,10,1.885,0.809,69,0
SPY190726C299,2019-07-25,2019-07-25 09:33:06,1.92,0.824,6,1.89,0.8111,7,1.9,0.8154,10,1.905,0.8175,69,0
SPY190726C299,2019-07-25,2019-07-25 09:33:07,1.92,0.824,20,1.89,0.8111,7,1.9,0.8154,10,1.905,0.8175,69,0
SPY190726C299,2019-07-25,2019-07-25 09:33:08,1.93,0.8283,10,1.9,0.8154,10,1.9,0.8154,10,1.915,0.8218,69,0
SPY190726C299,2019-07-25,2019-07-25 09:33:08,1.97,0.8454,10,1.9,0.8154,10,1.9,0.8154,10,1.935,0.8304,69,0
SPY190726C299,2019-07-25,2019-07-25 09:33:09,1.94,0.8326,11,1.89,0.8111,42,1.9,0.8154,10,1.915,0.8218,69,0
SPY190726C299,2019-07-25,2019-07-25 09:33:09,1.97,0.8454,10,1.91,0.8197,2,1.9,0.8154,10,1.94,0.8326,69,0
SPY190726C299,2019-07-25,2019-07-25 09:33:10,1.93,0.8283,20,1.89,0.8111,41,1.9,0.8154,10,1.91,0.8197,69,0
SPY190726C299,2019-07-25,2019-07-25 09:33:10,1.95,0.8369,6,1.89,0.8111,6,1.9,0.8154,10,1.92,0.824,69,0
SPY190726C299,2019-07-25,2019-07-25 09:33:11,1.94,0.8326,17,1.89,0.8111,100,1.9,0.8154,10,1.915,0.8218,69,0
SPY190726C299,2019-07-25,2019-07-25 09:33:12,1.92,0.824,6,1.89,0.8111,9,1.9,0.8154,10,1.905,0.8175,69,0
SPY190726C299,2019-07-25,2019-07-25 09:33:13,1.92,0.824,6,1.89,0.8111,9,1.9,0.8154,10,1.905,0.8175,69,0
SPY190726C299,2019-07-25,2019-07-25 09:33:14,1.92,0.824,6,1.89,0.8111,7,1.9,0.8154,10,1.905,0.8175,69,0
SPY190726C299,2019-07-25,2019-07-25 09:33:14,1.92,0.824,10,1.89,0.8111,7,1.9,0.8154,10,1.905,0.8175,69,0
SPY190726C299,2019-07-25,2019-07-25 09:33:15,1.92,0.824,6,1.89,0.8111,7,1.9,0.8154,10,1.905,0.8175,69,0
SPY190726C299,2019-07-25,2019-07-25 09:33:15,1.92,0.824,10,1.89,0.8111,10,1.9,0.8154,10,1.905,0.8175,69,0
SPY190726C299,2019-07-25,2019-07-25 09:33:16,1.93,0.8283,73,1.89,0.8111,1,1.9,0.8154,10,1.91,0.8197,69,0
SPY190726C299,2019-07-25,2019-07-25 09:33:16,1.92,0.824,1,1.89,0.8111,4,1.9,0.8154,10,1.905,0.8175,69,0
SPY190726C299,2019-07-25,2019-07-25 09:33:17,1.9,0.8154,20,1.86,0.7982,5,1.9,0.8154,10,1.88,0.8068,69,0
SPY190726C299,2019-07-25,2019-07-25 09:33:17,1.93,0.8283,73,1.89,0.8111,7,1.9,0.8154,10,1.91,0.8197,69,0
SPY190726C299,2019-07-25,2019-07-25 09:33:18,1.93,0.8283,10,1.87,0.8025,84,1.9,0.8154,10,1.9,0.8154,69,0
SPY190726C299,2019-07-25,2019-07-25 09:33:18,1.94,0.8326,20,1.9,0.8154,6,1.9,0.8154,10,1.92,0.824,69,0
SPY190726C299,2019-07-25,2019-07-25 09:33:19,1.93,0.8283,10,1.89,0.8111,100,1.9,0.8154,10,1.91,0.8197,69,0
SPY190726C299,2019-07-25,2019-07-25 09:33:20,1.92,0.824,6,1.89,0.8111,10,1.9,0.8154,10,1.905,0.8175,69,0
SPY190726C299,2019-07-25,2019-07-25 09:33:20,1.92,0.824,1,1.89,0.8111,80,1.9,0.8154,10,1.905,0.8175,69,0
SPY190726C299,2019-07-25,2019-07-25 09:33:21,1.94,0.8326,7,1.9,0.8154,99,1.9,0.8154,10,1.92,0.824,69,0
SPY190726C299,2019-07-25,2019-07-25 09:33:21,1.94,0.8326,17,1.91,0.8197,7,1.9,0.8154,10,1.925,0.8261,69,0
SPY190726C299,2019-07-25,2019-07-25 09:33:22,1.95,0.8369,100,1.91,0.8197,7,1.9,0.8154,10,1.93,0.8283,69,0
SPY190726C299,2019-07-25,2019-07-25 09:33:22,1.93,0.8283,17,1.89,0.8111,100,1.9,0.8154,10,1.91,0.8197,69,0
SPY190726C299,2019-07-25,2019-07-25 09:33:23,1.95,0.8369,10,1.91,0.8197,11,1.9,0.8154,10,1.93,0.8283,69,0
SPY190726C299,2019-07-25,2019-07-25 09:33:24,1.96,0.8412,11,1.92,0.824,7,1.9,0.8154,10,1.94,0.8326,69,0
SPY190726C299,2019-07-25,2019-07-25 09:33:24,1.96,0.8412,20,1.92,0.824,10,1.9,0.8154,10,1.94,0.8326,69,0
SPY190726C299,2019-07-25,2019-07-25 09:33:25,1.97,0.8454,57,1.93,0.8283,10,1.9,0.8154,10,1.95,0.8369,69,0
SPY190726C299,2019-07-25,2019-07-25 09:33:25,1.97,0.8454,20,1.93,0.8283,10,1.9,0.8154,10,1.95,0.8369,69,0
SPY190726C299,2019-07-25,2019-07-25 09:33:26,1.97,0.8454,6,1.93,0.8283,6,1.9,0.8154,10,1.95,0.8369,69,0
SPY190726C299,2019-07-25,2019-07-25 09:33:26,1.99,0.854,106,1.93,0.8283,6,1.9,0.8154,10,1.96,0.8412,69,0
SPY190726C299,2019-07-25,2019-07-25 09:33:27,1.98,0.8497,10,1.93,0.8283,1,1.9,0.8154,10,1.955,0.839,69,0
SPY190726C299,2019-07-25,2019-07-25 09:33:28,1.96,0.8412,7,1.93,0.8283,7,1.9,0.8154,10,1.945,0.8347,69,0
SPY190726C299,2019-07-25,2019-07-25 09:33:28,1.96,0.8412,7,1.93,0.8283,8,1.9,0.8154,10,1.945,0.8347,69,0
SPY190726C299,2019-07-25,2019-07-25 09:33:29,1.95,0.8369,7,1.9,0.8154,6,1.9,0.8154,10,1.925,0.8261,69,0
SPY190726C299,2019-07-25,2019-07-25 09:33:29,1.95,0.8369,10,1.91,0.8197,7,1.9,0.8154,10,1.93,0.8283,69,0
SPY190726C299,2019-07-25,2019-07-25 09:33:30,1.95,0.8369,6,1.91,0.8197,6,1.9,0.8154,10,1.93,0.8283,69,0
SPY190726C299,2019-07-25,2019-07-25 09:33:33,1.99,0.854,10,1.95,0.8369,1,1.9,0.8154,10,1.97,0.8454,69,0
SPY190726C299,2019-07-25,2019-07-25 09:33:36,1.98,0.8497,6,1.95,0.8369,25,1.9,0.8154,10,1.965,0.8433,69,0
SPY190726C299,2019-07-25,2019-07-25 09:33:37,1.98,0.8497,10,1.95,0.8369,25,1.9,0.8154,10,1.965,0.8433,69,0
SPY190726C299,2019-07-25,2019-07-25 09:33:40,1.97,0.8454,1,1.95,0.8369,25,1.97,0.8454,10,1.96,0.8412,88,19
SPY190726C299,2019-07-25,2019-07-25 09:33:41,1.98,0.8497,7,1.95,0.8369,25,1.97,0.8454,10,1.965,0.8433,88,0
SPY190726C299,2019-07-25,2019-07-25 09:33:41,1.99,0.854,20,1.95,0.8369,58,1.97,0.8454,10,1.97,0.8454,88,0
SPY190726C299,2019-07-25,2019-07-25 09:33:42,1.98,0.8497,7,1.95,0.8369,41,1.97,0.8454,10,1.965,0.8433,88,0
SPY190726C299,2019-07-25,2019-07-25 09:33:43,1.98,0.8497,10,1.95,0.8369,25,1.97,0.8454,10,1.965,0.8433,88,0
SPY190726C299,2019-07-25,2019-07-25 09:33:44,1.98,0.8497,7,1.95,0.8369,25,1.97,0.8454,10,1.965,0.8433,88,0
SPY190726C299,2019-07-25,2019-07-25 09:33:45,1.98,0.8497,30,1.95,0.8369,25,1.97,0.8454,10,1.965,0.8433,88,0
SPY190726C299,2019-07-25,2019-07-25 09:33:46,1.98,0.8497,20,1.95,0.8369,25,1.97,0.8454,10,1.965,0.8433,88,0
SPY190726C299,2019-07-25,2019-07-25 09:33:47,1.98,0.8497,20,1.95,0.8369,25,1.97,0.8454,10,1.965,0.8433,88,0
SPY190726C299,2019-07-25,2019-07-25 09:33:49,1.95,0.8369,7,1.91,0.8197,110,1.95,0.8369,25,1.93,0.8283,113,25
SPY190726C299,2019-07-25,2019-07-25 09:33:54,1.97,0.8454,20,1.93,0.8283,118,1.95,0.8369,25,1.95,0.8369,113,0
SPY190726C299,2019-07-25,2019-07-25 09:33:55,1.98,0.8497,1,1.93,0.8283,118,1.95,0.8369,25,1.955,0.839,113,0
SPY190726C299,2019-07-25,2019-07-25 09:33:56,1.98,0.8497,1,1.95,0.8369,56,1.95,0.8369,25,1.965,0.8433,113,0
SPY190726C299,2019-07-25,2019-07-25 09:33:56,1.99,0.854,20,1.95,0.8369,12,1.95,0.8369,25,1.97,0.8454,113,0
SPY190726C299,2019-07-25,2019-07-25 09:33:57,1.98,0.8497,1,1.95,0.8369,56,1.95,0.8369,25,1.965,0.8433,113,0
SPY190726C299,2019-07-25,2019-07-25 09:33:58,1.98,0.8497,10,1.95,0.8369,52,1.95,0.8369,25,1.965,0.8433,113,0
SPY190726C299,2019-07-25,2019-07-25 09:33:59,1.97,0.8454,7,1.93,0.8283,128,1.95,0.8369,25,1.95,0.8369,113,0
SPY190726C299,2019-07-25,2019-07-25 09:34:00,1.98,0.8497,1,1.94,0.8326,58,1.95,0.8369,25,1.96,0.8412,113,0
SPY190726C299,2019-07-25,2019-07-25 09:34:00,1.98,0.8497,1,1.95,0.8369,7,1.95,0.8369,25,1.965,0.8433,113,0
SPY190726C299,2019-07-25,2019-07-25 09:34:01,1.97,0.8454,17,1.93,0.8283,100,1.95,0.8369,25,1.95,0.8369,113,0
SPY190726C299,2019-07-25,2019-07-25 09:34:02,1.99,0.854,7,1.95,0.8369,7,1.95,0.8369,25,1.97,0.8454,113,0
SPY190726C299,2019-07-25,2019-07-25 09:34:03,1.99,0.854,10,1.94,0.8326,17,1.95,0.8369,25,1.965,0.8433,113,0
SPY190726C299,2019-07-25,2019-07-25 09:34:04,1.99,0.854,10,1.93,0.8283,70,1.95,0.8369,25,1.96,0.8412,113,0
SPY190726C299,2019-07-25,2019-07-25 09:34:06,1.98,0.8497,10,1.94,0.8326,7,1.95,0.8369,25,1.96,0.8412,113,0
SPY190726C299,2019-07-25,2019-07-25 09:34:07,1.99,0.854,20,1.95,0.8369,10,1.95,0.8369,25,1.97,0.8454,113,0
SPY190726C299,2019-07-25,2019-07-25 09:34:08,1.98,0.8497,1,1.95,0.8369,30,1.95,0.8369,25,1.965,0.8433,113,0
SPY190726C299,2019-07-25,2019-07-25 09:34:08,1.99,0.854,13,1.95,0.8369,62,1.95,0.8369,25,1.97,0.8454,113,0
SPY190726C299,2019-07-25,2019-07-25 09:34:09,1.99,0.854,71,1.95,0.8369,62,1.95,0.8369,25,1.97,0.8454,113,0
SPY190726C299,2019-07-25,2019-07-25 09:34:10,1.98,0.8497,7,1.94,0.8326,7,1.95,0.8369,25,1.96,0.8412,113,0
SPY190726C299,2019-07-25,2019-07-25 09:34:11,1.98,0.8497,7,1.95,0.8369,7,1.95,0.8369,25,1.965,0.8433,113,0
SPY190726C299,2019-07-25,2019-07-25 09:34:11,1.99,0.854,69,1.94,0.8326,94,1.95,0.8369,25,1.965,0.8433,113,0
SPY190726C299,2019-07-25,2019-07-25 09:34:12,1.97,0.8454,1,1.94,0.8326,34,1.95,0.8369,25,1.955,0.839,113,0
SPY190726C299,2019-07-25,2019-07-25 09:34:13,1.98,0.8497,29,1.94,0.8326,101,1.95,0.8369,25,1.96,0.8412,113,0
SPY190726C299,2019-07-25,2019-07-25 09:34:14,1.99,0.854,33,1.95,0.8369,101,1.95,0.8369,25,1.97,0.8454,113,0
SPY190726C299,2019-07-25,2019-07-25 09:34:16,1.98,0.8497,17,1.95,0.8369,11,1.95,0.8369,25,1.965,0.8433,113,0
SPY190726C299,2019-07-25,2019-07-25 09:34:17,1.98,0.8497,6,1.95,0.8369,8,1.95,0.8369,25,1.965,0.8433,113,0
SPY190726C299,2019-07-25,2019-07-25 09:34:17,1.98,0.8497,9,1.95,0.8369,8,1.95,0.8369,25,1.965,0.8433,113,0
SPY190726C299,2019-07-25,2019-07-25 09:34:18,1.98,0.8497,9,1.95,0.8369,8,1.96,0.8412,15,1.965,0.8433,128,15
SPY190726C299,2019-07-25,2019-07-25 09:34:20,1.99,0.854,46,1.95,0.8369,157,1.96,0.8412,15,1.97,0.8454,128,0
SPY190726C299,2019-07-25,2019-07-25 09:34:20,1.99,0.854,10,1.95,0.8369,101,1.96,0.8412,15,1.97,0.8454,128,0
SPY190726C299,2019-07-25,2019-07-25 09:34:21,1.99,0.854,32,1.95,0.8369,111,1.96,0.8412,15,1.97,0.8454,128,0
SPY190726C299,2019-07-25,2019-07-25 09:34:22,1.98,0.8497,7,1.95,0.8369,9,1.96,0.8412,15,1.965,0.8433,128,0
SPY190726C299,2019-07-25,2019-07-25 09:34:23,1.98,0.8497,10,1.94,0.8326,165,1.96,0.8412,15,1.96,0.8412,128,0
SPY190726C299,2019-07-25,2019-07-25 09:34:24,1.98,0.8497,16,1.94,0.8326,165,1.96,0.8412,15,1.96,0.8412,128,0
SPY190726C299,2019-07-25,2019-07-25 09:34:25,1.98,0.8497,10,1.95,0.8369,101,1.96,0.8412,15,1.965,0.8433,128,0
SPY190726C299,2019-07-25,2019-07-25 09:34:25,1.98,0.8497,6,1.95,0.8369,30,1.96,0.8412,15,1.965,0.8433,128,0
SPY190726C299,2019-07-25,2019-07-25 09:34:27,1.99,0.854,38,1.94,0.8326,176,1.96,0.8412,15,1.965,0.8433,128,0
SPY190726C299,2019-07-25,2019-07-25 09:34:28,1.99,0.854,17,1.95,0.8369,103,1.96,0.8412,15,1.97,0.8454,128,0
SPY190726C299,2019-07-25,2019-07-25 09:34:30,1.99,0.854,17,1.95,0.8369,130,1.96,0.8412,15,1.97,0.8454,128,0
SPY190726C299,2019-07-25,2019-07-25 09:34:31,1.98,0.8497,8,1.95,0.8369,32,1.96,0.8412,15,1.965,0.8433,128,0
SPY190726C299,2019-07-25,2019-07-25 09:34:32,1.99,0.854,7,1.95,0.8369,136,1.96,0.8412,15,1.97,0.8454,128,0
SPY190726C299,2019-07-25,2019-07-25 09:34:34,1.98,0.8497,7,1.95,0.8369,100,1.96,0.8412,15,1.965,0.8433,128,0
SPY190726C299,2019-07-25,2019-07-25 09:34:38,2.0,0.8583,10,1.97,0.8454,7,1.96,0.8412,15,1.985,0.8519,128,0
SPY190726C299,2019-07-25,2019-07-25 09:34:38,2.01,0.8626,10,1.97,0.8454,10,1.96,0.8412,15,1.99,0.854,128,0
SPY190726C299,2019-07-25,2019-07-25 09:34:39,2.0,0.8583,20,1.96,0.8412,179,1.96,0.8412,15,1.98,0.8497,128,0
SPY190726C299,2019-07-25,2019-07-25 09:34:40,2.01,0.8626,10,1.97,0.8454,165,1.96,0.8412,15,1.99,0.854,128,0
SPY190726C299,2019-07-25,2019-07-25 09:34:40,2.01,0.8626,10,1.98,0.8497,10,1.96,0.8412,15,1.995,0.8562,128,0
SPY190726C299,2019-07-25,2019-07-25 09:34:42,2.02,0.8669,20,1.98,0.8497,146,1.96,0.8412,15,2.0,0.8583,128,0
SPY190726C299,2019-07-25,2019-07-25 09:34:43,2.04,0.8755,10,2.0,0.8583,7,1.96,0.8412,15,2.02,0.8669,128,0
SPY190726C299,2019-07-25,2019-07-25 09:34:44,2.04,0.8755,10,2.0,0.8583,102,1.96,0.8412,15,2.02,0.8669,128,0
SPY190726C299,2019-07-25,2019-07-25 09:34:44,2.04,0.8755,20,2.0,0.8583,10,1.96,0.8412,15,2.02,0.8669,128,0
SPY190726C299,2019-07-25,2019-07-25 09:34:45,2.04,0.8755,20,2.0,0.8583,131,1.96,0.8412,15,2.02,0.8669,128,0
SPY190726C299,2019-07-25,2019-07-25 09:34:46,2.04,0.8755,17,2.0,0.8583,131,1.96,0.8412,15,2.02,0.8669,128,0
SPY190726C299,2019-07-25,2019-07-25 09:34:46,2.04,0.8755,20,2.0,0.8583,131,1.96,0.8412,15,2.02,0.8669,128,0
SPY190726C299,2019-07-25,2019-07-25 09:34:47,2.04,0.8755,10,2.0,0.8583,131,1.96,0.8412,15,2.02,0.8669,128,0
SPY190726C299,2019-07-25,2019-07-25 09:34:48,2.04,0.8755,27,2.0,0.8583,10,1.96,0.8412,15,2.02,0.8669,128,0
SPY190726C299,2019-07-25,2019-07-25 09:34:49,2.04,0.8755,52,2.0,0.8583,100,1.96,0.8412,15,2.02,0.8669,128,0
SPY190726C299,2019-07-25,2019-07-25 09:34:49,2.04,0.8755,10,2.0,0.8583,10,1.96,0.8412,15,2.02,0.8669,128,0
SPY190726C299,2019-07-25,2019-07-25 09:34:50,2.05,0.8798,169,2.0,0.8583,102,1.96,0.8412,15,2.025,0.869,128,0
SPY190726C299,2019-07-25,2019-07-25 09:34:51,2.04,0.8755,17,2.0,0.8583,148,1.96,0.8412,15,2.02,0.8669,128,0
SPY190726C299,2019-07-25,2019-07-25 09:34:51,2.04,0.8755,1,2.0,0.8583,102,1.96,0.8412,15,2.02,0.8669,128,0
SPY190726C299,2019-07-25,2019-07-25 09:34:53,2.04,0.8755,20,2.0,0.8583,150,1.96,0.8412,15,2.02,0.8669,128,0
SPY190726C299,2019-07-25,2019-07-25 09:34:54,2.03,0.8712,159,1.98,0.8497,141,1.96,0.8412,15,2.005,0.8605,128,0
SPY190726C299,2019-07-25,2019-07-25 09:34:54,2.04,0.8755,20,2.0,0.8583,150,1.96,0.8412,15,2.02,0.8669,128,0
SPY190726C299,2019-07-25,2019-07-25 09:34:55,2.03,0.8712,159,1.98,0.8497,141,1.96,0.8412,15,2.005,0.8605,128,0
SPY190726C299,2019-07-25,2019-07-25 09:34:56,2.04,0.8755,10,2.0,0.8583,101,1.96,0.8412,15,2.02,0.8669,128,0
SPY190726C299,2019-07-25,2019-07-25 09:34:57,2.04,0.8755,60,2.0,0.8583,100,1.96,0.8412,15,2.02,0.8669,128,0
SPY190726C299,2019-07-25,2019-07-25 09:34:57,2.04,0.8755,52,2.0,0.8583,6,1.96,0.8412,15,2.02,0.8669,128,0
SPY190726C299,2019-07-25,2019-07-25 09:34:58,2.02,0.8669,10,1.98,0.8497,101,1.96,0.8412,15,2.0,0.8583,128,0
SPY190726C299,2019-07-25,2019-07-25 09:34:59,2.05,0.8798,140,2.0,0.8583,138,1.96,0.8412,15,2.025,0.869,128,0
SPY190726C299,2019-07-25,2019-07-25 09:35:00,2.04,0.8755,11,2.0,0.8583,131,1.96,0.8412,15,2.02,0.8669,128,0
SPY190726C299,2019-07-25,2019-07-25 09:35:00,2.05,0.8798,12,2.01,0.8626,74,1.96,0.8412,15,2.03,0.8712,128,0
SPY190726C299,2019-07-25,2019-07-25 09:35:01,2.04,0.8755,11,2.0,0.8583,131,1.96,0.8412,15,2.02,0.8669,128,0
SPY190726C299,2019-07-25,2019-07-25 09:35:02,2.05,0.8798,1,2.02,0.8669,9,1.96,0.8412,15,2.035,0.8733,128,0
SPY190726C299,2019-07-25,2019-07-25 09:35:02,2.05,0.8798,1,2.02,0.8669,6,1.96,0.8412,15,2.035,0.8733,128,0
SPY190726C299,2019-07-25,2019-07-25 09:35:03,2.05,0.8798,1,2.02,0.8669,6,1.96,0.8412,15,2.035,0.8733,128,0
SPY190726C299,2019-07-25,2019-07-25 09:35:04,2.05,0.8798,7,2.02,0.8669,10,1.96,0.8412,15,2.035,0.8733,128,0
SPY190726C299,2019-07-25,2019-07-25 09:35:04,2.05,0.8798,1,2.02,0.8669,10,1.96,0.8412,15,2.035,0.8733,128,0
SPY190726C299,2019-07-25,2019-07-25 09:35:05,2.05,0.8798,7,2.02,0.8669,9,1.96,0.8412,15,2.035,0.8733,128,0
SPY190726C299,2019-07-25,2019-07-25 09:35:06,2.04,0.8755,7,2.0,0.8583,130,1.96,0.8412,15,2.02,0.8669,128,0
SPY190726C299,2019-07-25,2019-07-25 09:35:07,2.05,0.8798,132,2.0,0.8583,164,1.96,0.8412,15,2.025,0.869,128,0
SPY190726C299,2019-07-25,2019-07-25 09:35:07,2.04,0.8755,1,2.01,0.8626,1,1.96,0.8412,15,2.025,0.869,128,0
SPY190726C299,2019-07-25,2019-07-25 09:35:08,2.05,0.8798,85,2.0,0.8583,163,1.96,0.8412,15,2.025,0.869,128,0
SPY190726C299,2019-07-25,2019-07-25 09:35:09,2.05,0.8798,7,2.01,0.8626,101,1.96,0.8412,15,2.03,0.8712,128,0
SPY190726C299,2019-07-25,2019-07-25 09:35:10,2.04,0.8755,10,2.0,0.8583,111,1.96,0.8412,15,2.02,0.8669,128,0
SPY190726C299,2019-07-25,2019-07-25 09:35:10,2.04,0.8755,10,2.0,0.8583,137,1.96,0.8412,15,2.02,0.8669,128,0
SPY190726C299,2019-07-25,2019-07-25 09:35:11,2.04,0.8755,17,2.0,0.8583,137,1.96,0.8412,15,2.02,0.8669,128,0
SPY190726C299,2019-07-25,2019-07-25 09:35:11,2.04,0.8755,20,2.0,0.8583,158,1.96,0.8412,15,2.02,0.8669,128,0
SPY190726C299,2019-07-25,2019-07-25 09:35:12,2.04,0.8755,20,2.0,0.8583,158,1.96,0.8412,15,2.02,0.8669,128,0
SPY190726C299,2019-07-25,2019-07-25 09:35:16,2.03,0.8712,16,2.0,0.8583,14,2.03,0.8712,2,2.015,0.8648,130,2
SPY190726C299,2019-07-25,2019-07-25 09:35:16,2.06,0.8841,100,2.01,0.8626,105,2.03,0.8712,2,2.035,0.8733,130,0
SPY190726C299,2019-07-25,2019-07-25 09:35:17,2.05,0.8798,1,2.02,0.8669,100,2.03,0.8712,2,2.035,0.8733,130,0
SPY190726C299,2019-07-25,2019-07-25 09:35:18,2.05,0.8798,7,2.01,0.8626,164,2.03,0.8712,2,2.03,0.8712,130,0
SPY190726C299,2019-07-25,2019-07-25 09:35:18,2.05,0.8798,1,2.02,0.8669,7,2.03,0.8712,2,2.035,0.8733,130,0
SPY190726C299,2019-07-25,2019-07-25 09:35:19,2.05,0.8798,10,2.02,0.8669,101,2.03,0.8712,2,2.035,0.8733,130,0
SPY190726C299,2019-07-25,2019-07-25 09:35:19,2.05,0.8798,10,2.02,0.8669,1,2.03,0.8712,2,2.035,0.8733,130,0
SPY190726C299,2019-07-25,2019-07-25 09:35:20,2.05,0.8798,1,2.02,0.8669,133,2.03,0.8712,2,2.035,0.8733,130,0
SPY190726C299,2019-07-25,2019-07-25 09:35:22,2.04,0.8755,7,2.0,0.8583,174,2.03,0.8712,2,2.02,0.8669,130,0
SPY190726C299,2019-07-25,2019-07-25 09:35:23,2.1,0.9012,40,2.02,0.8669,7,2.03,0.8712,2,2.06,0.8841,130,0
SPY190726C299,2019-07-25,2019-07-25 09:35:25,2.08,0.8927,10,2.04,0.8755,63,2.03,0.8712,2,2.06,0.8841,130,0
SPY190726C299,2019-07-25,2019-07-25 09:35:30,2.03,0.8712,8,2.0,0.8583,7,2.03,0.8712,2,2.015,0.8648,130,0
SPY190726C299,2019-07-25,2019-07-25 09:35:31,2.02,0.8669,10,1.96,0.8412,169,2.03,0.8712,2,1.99,0.854,130,0
SPY190726C299,2019-07-25,2019-07-25 09:35:31,2.03,0.8712,43,1.97,0.8454,6,2.03,0.8712,2,2.0,0.8583,130,0
SPY190726C299,2019-07-25,2019-07-25 09:35:32,2.02,0.8669,20,1.96,0.8412,169,2.03,0.8712,2,1.99,0.854,130,0
SPY190726C299,2019-07-25,2019-07-25 09:35:33,1.99,0.854,7,1.96,0.8412,164,2.03,0.8712,2,1.975,0.8476,130,0
SPY190726C299,2019-07-25,2019-07-25 09:35:34,2.0,0.8583,20,1.96,0.8412,174,2.03,0.8712,2,1.98,0.8497,130,0
SPY190726C299,2019-07-25,2019-07-25 09:35:35,2.0,0.8583,10,1.96,0.8412,110,2.03,0.8712,2,1.98,0.8497,130,0
SPY190726C299,2019-07-25,2019-07-25 09:35:35,2.01,0.8626,111,1.97,0.8454,7,2.03,0.8712,2,1.99,0.854,130,0
SPY190726C299,2019-07-25,2019-07-25 09:35:36,2.02,0.8669,10,1.97,0.8454,37,2.03,0.8712,2,1.995,0.8562,130,0
SPY190726C299,2019-07-25,2019-07-25 09:35:37,2.0,0.8583,10,1.96,0.8412,175,2.03,0.8712,2,1.98,0.8497,130,0
SPY190726C299,2019-07-25,2019-07-25 09:35:37,2.0,0.8583,20,1.96,0.8412,175,2.03,0.8712,2,1.98,0.8497,130,0
SPY190726C299,2019-07-25,2019-07-25 09:35:38,2.0,0.8583,11,1.96,0.8412,175,2.03,0.8712,2,1.98,0.8497,130,0
SPY190726C299,2019-07-25,2019-07-25 09:35:38,2.0,0.8583,15,1.96,0.8412,175,2.03,0.8712,2,1.98,0.8497,130,0
SPY190726C299,2019-07-25,2019-07-25 09:35:39,2.0,0.8583,15,1.96,0.8412,193,2.03,0.8712,2,1.98,0.8497,130,0
SPY190726C299,2019-07-25,2019-07-25 09:35:40,2.01,0.8626,9,1.98,0.8497,73,2.03,0.8712,2,1.995,0.8562,130,0
SPY190726C299,2019-07-25,2019-07-25 09:35:40,2.02,0.8669,20,1.98,0.8497,73,2.03,0.8712,2,2.0,0.8583,130,0
SPY190726C299,2019-07-25,2019-07-25 09:35:41,2.02,0.8669,20,1.98,0.8497,47,2.03,0.8712,2,2.0,0.8583,130,0
SPY190726C299,2019-07-25,2019-07-25 09:35:41,2.02,0.8669,20,1.98,0.8497,35,2.03,0.8712,2,2.0,0.8583,130,0
SPY190726C299,2019-07-25,2019-07-25 09:35:42,2.02,0.8669,17,1.98,0.8497,7,2.03,0.8712,2,2.0,0.8583,130,0
SPY190726C299,2019-07-25,2019-07-25 09:35:43,2.01,0.8626,20,1.98,0.8497,7,2.03,0.8712,2,1.995,0.8562,130,0
SPY190726C299,2019-07-25,2019-07-25 09:35:43,2.0,0.8583,6,1.96,0.8412,190,2.03,0.8712,2,1.98,0.8497,130,0
SPY190726C299,2019-07-25,2019-07-25 09:35:44,2.0,0.8583,6,1.96,0.8412,164,2.03,0.8712,2,1.98,0.8497,130,0
SPY190726C299,2019-07-25,2019-07-25 09:35:45,2.0,0.8583,10,1.96,0.8412,179,2.03,0.8712,2,1.98,0.8497,130,0
SPY190726C299,2019-07-25,2019-07-25 09:35:46,2.0,0.8583,15,1.97,0.8454,55,2.03,0.8712,2,1.985,0.8519,130,0
SPY190726C299,2019-07-25,2019-07-25 09:35:47,2.0,0.8583,101,1.96,0.8412,101,2.03,0.8712,2,1.98,0.8497,130,0
SPY190726C299,2019-07-25,2019-07-25 09:35:47,2.01,0.8626,10,1.97,0.8454,169,2.03,0.8712,2,1.99,0.854,130,0
SPY190726C299,2019-07-25,2019-07-25 09:35:48,1.99,0.854,10,1.96,0.8412,101,2.03,0.8712,2,1.975,0.8476,130,0
SPY190726C299,2019-07-25,2019-07-25 09:35:49,1.99,0.854,1,1.96,0.8412,161,2.03,0.8712,2,1.975,0.8476,130,0
SPY190726C299,2019-07-25,2019-07-25 09:35:50,2.02,0.8669,20,1.97,0.8454,175,2.03,0.8712,2,1.995,0.8562,130,0
SPY190726C299,2019-07-25,2019-07-25 09:35:51,2.02,0.8669,17,1.98,0.8497,127,2.03,0.8712,2,2.0,0.8583,130,0
SPY190726C299,2019-07-25,2019-07-25 09:35:52,2.01,0.8626,1,1.98,0.8497,2,2.03,0.8712,2,1.995,0.8562,130,0
SPY190726C299,2019-07-25,2019-07-25 09:35:53,2.0,0.8583,20,1.96,0.8412,169,2.03,0.8712,2,1.98,0.8497,130,0
SPY190726C299,2019-07-25,2019-07-25 09:35:54,1.99,0.854,100,1.94,0.8326,5,2.03,0.8712,2,1.965,0.8433,130,0
SPY190726C299,2019-07-25,2019-07-25 09:35:54,2.0,0.8583,20,1.96,0.8412,174,2.03,0.8712,2,1.98,0.8497,130,0
SPY190726C299,2019-07-25,2019-07-25 09:35:55,1.98,0.8497,7,1.94,0.8326,54,2.03,0.8712,2,1.96,0.8412,130,0
SPY190726C299,2019-07-25,2019-07-25 09:35:56,1.98,0.8497,11,1.95,0.8369,100,2.03,0.8712,2,1.965,0.8433,130,0
SPY190726C299,2019-07-25,2019-07-25 09:35:57,1.98,0.8497,7,1.94,0.8326,11,2.03,0.8712,2,1.96,0.8412,130,0
SPY190726C299,2019-07-25,2019-07-25 09:35:57,1.98,0.8497,7,1.94,0.8326,180,2.03,0.8712,2,1.96,0.8412,130,0
SPY190726C299,2019-07-25,2019-07-25 09:35:58,1.96,0.8412,7,1.92,0.824,99,2.03,0.8712,2,1.94,0.8326,130,0
SPY190726C299,2019-07-25,2019-07-25 09:35:59,1.96,0.8412,20,1.92,0.824,173,2.03,0.8712,2,1.94,0.8326,130,0
SPY190726C299,2019-07-25,2019-07-25 09:36:00,1.95,0.8369,100,1.92,0.824,173,2.03,0.8712,2,1.935,0.8304,130,0
SPY190726C299,2019-07-25,2019-07-25 09:36:01,1.96,0.8412,7,1.92,0.824,43,2.03,0.8712,2,1.94,0.8326,130,0
SPY190726C299,2019-07-25,2019-07-25 09:36:02,1.97,0.8454,7,1.93,0.8283,101,2.03,0.8712,2,1.95,0.8369,130,0
SPY190726C299,2019-07-25,2019-07-25 09:36:03,1.98,0.8497,20,1.94,0.8326,142,2.03,0.8712,2,1.96,0.8412,130,0
SPY190726C299,2019-07-25,2019-07-25 09:36:03,1.98,0.8497,7,1.95,0.8369,6,2.03,0.8712,2,1.965,0.8433,130,0
SPY190726C299,2019-07-25,2019-07-25 09:36:04,1.97,0.8454,7,1.94,0.8326,7,2.03,0.8712,2,1.955,0.839,130,0
SPY190726C299,2019-07-25,2019-07-25 09:36:04,1.98,0.8497,15,1.94,0.8326,169,2.03,0.8712,2,1.96,0.8412,130,0
SPY190726C299,2019-07-25,2019-07-25 09:36:05,1.97,0.8454,8,1.92,0.824,169,2.03,0.8712,2,1.945,0.8347,130,0
SPY190726C299,2019-07-25,2019-07-25 09:36:06,1.97,0.8454,7,1.93,0.8283,100,2.03,0.8712,2,1.95,0.8369,130,0
SPY190726C299,2019-07-25,2019-07-25 09:36:06,1.97,0.8454,10,1.93,0.8283,179,2.03,0.8712,2,1.95,0.8369,130,0
SPY190726C299,2019-07-25,2019-07-25 09:36:07,1.97,0.8454,11,1.93,0.8283,152,2.03,0.8712,2,1.95,0.8369,130,0
SPY190726C299,2019-07-25,2019-07-25 09:36:08,1.96,0.8412,7,1.93,0.8283,10,2.03,0.8712,2,1.945,0.8347,130,0
SPY190726C299,2019-07-25,2019-07-25 09:36:09,1.98,0.8497,10,1.94,0.8326,158,2.03,0.8712,2,1.96,0.8412,130,0
SPY190726C299,2019-07-25,2019-07-25 09:36:10,1.96,0.8412,6,1.93,0.8283,12,2.03,0.8712,2,1.945,0.8347,130,0
SPY190726C299,2019-07-25,2019-07-25 09:36:10,1.97,0.8454,6,1.93,0.8283,57,2.03,0.8712,2,1.95,0.8369,130,0
SPY190726C299,2019-07-25,2019-07-25 09:36:11,1.98,0.8497,20,1.94,0.8326,45,2.03,0.8712,2,1.96,0.8412,130,0
SPY190726C299,2019-07-25,2019-07-25 09:36:11,1.98,0.8497,20,1.94,0.8326,7,2.03,0.8712,2,1.96,0.8412,130,0
SPY190726C299,2019-07-25,2019-07-25 09:36:12,1.98,0.8497,20,1.94,0.8326,67,2.03,0.8712,2,1.96,0.8412,130,0
SPY190726C299,2019-07-25,2019-07-25 09:36:13,1.98,0.8497,20,1.94,0.8326,62,2.03,0.8712,2,1.96,0.8412,130,0
SPY190726C299,2019-07-25,2019-07-25 09:36:13,1.98,0.8497,20,1.94,0.8326,75,2.03,0.8712,2,1.96,0.8412,130,0
SPY190726C299,2019-07-25,2019-07-25 09:36:14,1.98,0.8497,11,1.95,0.8369,7,2.03,0.8712,2,1.965,0.8433,130,0
SPY190726C299,2019-07-25,2019-07-25 09:36:15,1.99,0.854,5,1.96,0.8412,141,2.03,0.8712,2,1.975,0.8476,130,0
SPY190726C299,2019-07-25,2019-07-25 09:36:15,1.99,0.854,10,1.96,0.8412,156,2.03,0.8712,2,1.975,0.8476,130,0
SPY190726C299,2019-07-25,2019-07-25 09:36:16,2.0,0.8583,100,1.96,0.8412,145,2.03,0.8712,2,1.98,0.8497,130,0
SPY190726C299,2019-07-25,2019-07-25 09:36:16,1.99,0.854,10,1.97,0.8454,7,2.03,0.8712,2,1.98,0.8497,130,0
SPY190726C299,2019-07-25,2019-07-25 09:36:17,2.0,0.8583,7,1.96,0.8412,145,2.03,0.8712,2,1.98,0.8497,130,0
SPY190726C299,2019-07-25,2019-07-25 09:36:18,2.0,0.8583,7,1.96,0.8412,156,2.03,0.8712,2,1.98,0.8497,130,0
SPY190726C299,2019-07-25,2019-07-25 09:36:19,2.0,0.8583,7,1.96,0.8412,7,2.03,0.8712,2,1.98,0.8497,130,0
SPY190726C299,2019-07-25,2019-07-25 09:36:19,1.99,0.854,10,1.94,0.8326,170,2.03,0.8712,2,1.965,0.8433,130,0
SPY190726C299,2019-07-25,2019-07-25 09:36:20,2.0,0.8583,7,1.96,0.8412,165,2.03,0.8712,2,1.98,0.8497,130,0
SPY190726C299,2019-07-25,2019-07-25 09:36:20,2.01,0.8626,126,1.98,0.8497,7,2.03,0.8712,2,1.995,0.8562,130,0
SPY190726C299,2019-07-25,2019-07-25 09:36:21,2.0,0.8583,6,1.96,0.8412,170,2.03,0.8712,2,1.98,0.8497,130,0
SPY190726C299,2019-07-25,2019-07-25 09:36:22,2.0,0.8583,6,1.96,0.8412,170,2.03,0.8712,2,1.98,0.8497,130,0
SPY190726C299,2019-07-25,2019-07-25 09:36:22,1.98,0.8497,7,1.94,0.8326,103,2.03,0.8712,2,1.96,0.8412,130,0
SPY190726C299,2019-07-25,2019-07-25 09:36:23,1.97,0.8454,1,1.94,0.8326,103,1.97,0.8454,1,1.955,0.839,131,1
SPY190726C299,2019-07-25,2019-07-25 09:36:24,1.98,0.8497,17,1.94,0.8326,110,1.97,0.8454,1,1.96,0.8412,131,0
SPY190726C299,2019-07-25,2019-07-25 09:36:24,1.98,0.8497,20,1.95,0.8369,8,1.97,0.8454,1,1.965,0.8433,131,0
SPY190726C299,2019-07-25,2019-07-25 09:36:25,1.98,0.8497,17,1.95,0.8369,8,1.97,0.8454,1,1.965,0.8433,131,0
SPY190726C299,2019-07-25,2019-07-25 09:36:26,1.97,0.8454,10,1.93,0.8283,73,1.97,0.8454,1,1.95,0.8369,131,0
SPY190726C299,2019-07-25,2019-07-25 09:36:26,1.97,0.8454,101,1.94,0.8326,100,1.97,0.8454,1,1.955,0.839,131,0
SPY190726C299,2019-07-25,2019-07-25 09:36:27,1.97,0.8454,106,1.93,0.8283,175,1.97,0.8454,1,1.95,0.8369,131,0
SPY190726C299,2019-07-25,2019-07-25 09:36:28,1.97,0.8454,106,1.93,0.8283,150,1.97,0.8454,1,1.95,0.8369,131,0
SPY190726C299,2019-07-25,2019-07-25 09:36:29,1.97,0.8454,106,1.93,0.8283,150,1.97,0.8454,1,1.95,0.8369,131,0
SPY190726C299,2019-07-25,2019-07-25 09:36:29,1.96,0.8412,7,1.93,0.8283,16,1.97,0.8454,1,1.945,0.8347,131,0
SPY190726C299,2019-07-25,2019-07-25 09:36:30,1.96,0.8412,9,1.93,0.8283,57,1.97,0.8454,1,1.945,0.8347,131,0
SPY190726C299,2019-07-25,2019-07-25 09:36:31,1.96,0.8412,20,1.93,0.8283,52,1.97,0.8454,1,1.945,0.8347,131,0
SPY190726C299,2019-07-25,2019-07-25 09:36:32,1.96,0.8412,10,1.93,0.8283,62,1.97,0.8454,1,1.945,0.8347,131,0
SPY190726C299,2019-07-25,2019-07-25 09:36:33,1.97,0.8454,100,1.93,0.8283,10,1.97,0.8454,1,1.95,0.8369,131,0
SPY190726C299,2019-07-25,2019-07-25 09:36:33,1.96,0.8412,20,1.93,0.8283,10,1.97,0.8454,1,1.945,0.8347,131,0
SPY190726C299,2019-07-25,2019-07-25 09:36:34,1.98,0.8497,10,1.94,0.8326,10,1.97,0.8454,1,1.96,0.8412,131,0
SPY190726C299,2019-07-25,2019-07-25 09:36:35,1.97,0.8454,100,1.93,0.8283,160,1.97,0.8454,1,1.95,0.8369,131,0
SPY190726C299,2019-07-25,2019-07-25 09:36:36,1.96,0.8412,7,1.93,0.8283,6,1.97,0.8454,1,1.945,0.8347,131,0
SPY190726C299,2019-07-25,2019-07-25 09:36:36,1.97,0.8454,101,1.93,0.8283,170,1.97,0.8454,1,1.95,0.8369,131,0
SPY190726C299,2019-07-25,2019-07-25 09:36:37,1.96,0.8412,7,1.93,0.8283,28,1.97,0.8454,1,1.945,0.8347,131,0
SPY190726C299,2019-07-25,2019-07-25 09:36:38,1.97,0.8454,101,1.93,0.8283,7,1.97,0.8454,1,1.95,0.8369,131,0
SPY190726C299,2019-07-25,2019-07-25 09:36:38,1.96,0.8412,7,1.93,0.8283,36,1.97,0.8454,1,1.945,0.8347,131,0
SPY190726C299,2019-07-25,2019-07-25 09:36:39,1.96,0.8412,10,1.93,0.8283,36,1.97,0.8454,1,1.945,0.8347,131,0
SPY190726C299,2019-07-25,2019-07-25 09:36:40,1.98,0.8497,10,1.95,0.8369,6,1.97,0.8454,1,1.965,0.8433,131,0
SPY190726C299,2019-07-25,2019-07-25 09:36:40,1.98,0.8497,10,1.93,0.8283,138,1.97,0.8454,1,1.955,0.839,131,0
SPY190726C299,2019-07-25,2019-07-25 09:36:41,1.97,0.8454,16,1.94,0.8326,110,1.97,0.8454,1,1.955,0.839,131,0
SPY190726C299,2019-07-25,2019-07-25 09:36:41,1.97,0.8454,7,1.94,0.8326,110,1.97,0.8454,1,1.955,0.839,131,0
SPY190726C299,2019-07-25,2019-07-25 09:36:42,1.97,0.8454,10,1.94,0.8326,110,1.97,0.8454,1,1.955,0.839,131,0
SPY190726C299,2019-07-25,2019-07-25 09:36:43,1.97,0.8454,8,1.93,0.8283,65,1.97,0.8454,1,1.95,0.8369,131,0
SPY190726C299,2019-07-25,2019-07-25 09:36:44,1.96,0.8412,9,1.93,0.8283,75,1.97,0.8454,1,1.945,0.8347,131,0
SPY190726C299,2019-07-25,2019-07-25 09:36:44,1.96,0.8412,6,1.93,0.8283,75,1.97,0.8454,1,1.945,0.8347,131,0
SPY190726C299,2019-07-25,2019-07-25 09:36:45,1.96,0.8412,14,1.93,0.8283,75,1.97,0.8454,1,1.945,0.8347,131,0
SPY190726C299,2019-07-25,2019-07-25 09:36:45,1.98,0.8497,10,1.94,0.8326,40,1.97,0.8454,1,1.96,0.8412,131,0
SPY190726C299,2019-07-25,2019-07-25 09:36:46,2.0,0.8583,7,1.96,0.8412,7,1.97,0.8454,1,1.98,0.8497,131,0
SPY190726C299,2019-07-25,2019-07-25 09:36:47,2.0,0.8583,11,1.96,0.8412,67,1.97,0.8454,1,1.98,0.8497,131,0
SPY190726C299,2019-07-25,2019-07-25 09:36:48,1.98,0.8497,1,1.95,0.8369,30,1.97,0.8454,1,1.965,0.8433,131,0
SPY190726C299,2019-07-25,2019-07-25 09:36:48,1.99,0.854,10,1.95,0.8369,64,1.97,0.8454,1,1.97,0.8454,131,0
SPY190726C299,2019-07-25,2019-07-25 09:36:49,2.0,0.8583,164,1.95,0.8369,35,1.97,0.8454,1,1.975,0.8476,131,0
SPY190726C299,2019-07-25,2019-07-25 09:36:50,1.98,0.8497,7,1.94,0.8326,100,1.97,0.8454,1,1.96,0.8412,131,0
SPY190726C299,2019-07-25,2019-07-25 09:36:50,1.98,0.8497,20,1.94,0.8326,100,1.97,0.8454,1,1.96,0.8412,131,0
SPY190726C299,2019-07-25,2019-07-25 09:36:51,1.98,0.8497,7,1.95,0.8369,6,1.97,0.8454,1,1.965,0.8433,131,0
SPY190726C299,2019-07-25,2019-07-25 09:36:51,1.98,0.8497,20,1.94,0.8326,101,1.97,0.8454,1,1.96,0.8412,131,0
SPY190726C299,2019-07-25,2019-07-25 09:36:52,1.98,0.8497,20,1.94,0.8326,62,1.97,0.8454,1,1.96,0.8412,131,0
SPY190726C299,2019-07-25,2019-07-25 09:36:53,1.96,0.8412,7,1.93,0.8283,89,1.97,0.8454,1,1.945,0.8347,131,0
SPY190726C299,2019-07-25,2019-07-25 09:36:53,1.97,0.8454,101,1.93,0.8283,62,1.97,0.8454,1,1.95,0.8369,131,0
SPY190726C299,2019-07-25,2019-07-25 09:36:54,1.96,0.8412,6,1.93,0.8283,48,1.97,0.8454,1,1.945,0.8347,131,0
SPY190726C299,2019-07-25,2019-07-25 09:36:54,1.96,0.8412,10,1.93,0.8283,44,1.97,0.8454,1,1.945,0.8347,131,0
SPY190726C299,2019-07-25,2019-07-25 09:36:55,1.96,0.8412,6,1.93,0.8283,75,1.97,0.8454,1,1.945,0.8347,131,0
SPY190726C299,2019-07-25,2019-07-25 09:36:56,1.95,0.8369,6,1.92,0.824,10,1.97,0.8454,1,1.935,0.8304,131,0
SPY190726C299,2019-07-25,2019-07-25 09:36:56,1.96,0.8412,17,1.92,0.824,100,1.97,0.8454,1,1.94,0.8326,131,0
SPY190726C299,2019-07-25,2019-07-25 09:36:57,1.96,0.8412,10,1.92,0.824,62,1.97,0.8454,1,1.94,0.8326,131,0
SPY190726C299,2019-07-25,2019-07-25 09:36:57,1.97,0.8454,100,1.93,0.8283,175,1.97,0.8454,1,1.95,0.8369,131,0
SPY190726C299,2019-07-25,2019-07-25 09:36:58,1.98,0.8497,7,1.94,0.8326,169,1.97,0.8454,1,1.96,0.8412,131,0
SPY190726C299,2019-07-25,2019-07-25 09:36:59,1.98,0.8497,7,1.94,0.8326,169,1.97,0.8454,1,1.96,0.8412,131,0
SPY190726C299,2019-07-25,2019-07-25 09:37:00,1.98,0.8497,15,1.94,0.8326,110,1.97,0.8454,1,1.96,0.8412,131,0
SPY190726C299,2019-07-25,2019-07-25 09:37:01,1.98,0.8497,10,1.94,0.8326,110,1.97,0.8454,1,1.96,0.8412,131,0
SPY190726C299,2019-07-25,2019-07-25 09:37:01,1.97,0.8454,7,1.94,0.8326,110,1.97,0.8454,1,1.955,0.839,131,0
SPY190726C299,2019-07-25,2019-07-25 09:37:02,1.98,0.8497,101,1.94,0.8326,80,1.97,0.8454,1,1.96,0.8412,131,0
SPY190726C299,2019-07-25,2019-07-25 09:37:03,1.98,0.8497,101,1.94,0.8326,80,1.97,0.8454,1,1.96,0.8412,131,0
SPY190726C299,2019-07-25,2019-07-25 09:37:03,1.98,0.8497,20,1.94,0.8326,80,1.97,0.8454,1,1.96,0.8412,131,0
SPY190726C299,2019-07-25,2019-07-25 09:37:04,1.98,0.8497,17,1.95,0.8369,8,1.97,0.8454,1,1.965,0.8433,131,0
SPY190726C299,2019-07-25,2019-07-25 09:37:04,1.98,0.8497,17,1.94,0.8326,80,1.97,0.8454,1,1.96,0.8412,131,0
SPY190726C299,2019-07-25,2019-07-25 09:37:05,1.98,0.8497,10,1.96,0.8412,7,1.97,0.8454,1,1.97,0.8454,131,0
SPY190726C299,2019-07-25,2019-07-25 09:37:06,1.98,0.8497,6,1.95,0.8369,77,1.97,0.8454,1,1.965,0.8433,131,0
SPY190726C299,2019-07-25,2019-07-25 09:37:07,1.98,0.8497,16,1.95,0.8369,7,1.97,0.8454,1,1.965,0.8433,131,0
SPY190726C299,2019-07-25,2019-07-25 09:37:08,1.97,0.8454,7,1.94,0.8326,45,1.97,0.8454,1,1.955,0.839,131,0
SPY190726C299,2019-07-25,2019-07-25 09:37:08,1.98,0.8497,16,1.95,0.8369,7,1.97,0.8454,1,1.965,0.8433,131,0
SPY190726C299,2019-07-25,2019-07-25 09:37:09,1.97,0.8454,10,1.93,0.8283,165,1.97,0.8454,1,1.95,0.8369,131,0
SPY190726C299,2019-07-25,2019-07-25 09:37:10,1.97,0.8454,10,1.93,0.8283,165,1.97,0.8454,1,1.95,0.8369,131,0
SPY190726C299,2019-07-25,2019-07-25 09:37:11,1.98,0.8497,20,1.94,0.8326,220,1.97,0.8454,1,1.96,0.8412,131,0
SPY190726C299,2019-07-25,2019-07-25 09:37:11,1.98,0.8497,10,1.94,0.8326,220,1.97,0.8454,1,1.96,0.8412,131,0
SPY190726C299,2019-07-25,2019-07-25 09:37:12,1.98,0.8497,20,1.94,0.8326,220,1.97,0.8454,1,1.96,0.8412,131,0
SPY190726C299,2019-07-25,2019-07-25 09:37:13,1.98,0.8497,20,1.94,0.8326,170,1.97,0.8454,1,1.96,0.8412,131,0
SPY190726C299,2019-07-25,2019-07-25 09:37:14,1.97,0.8454,11,1.93,0.8283,170,1.97,0.8454,1,1.95,0.8369,131,0
SPY190726C299,2019-07-25,2019-07-25 09:37:14,1.97,0.8454,12,1.93,0.8283,165,1.97,0.8454,1,1.95,0.8369,131,0
SPY190726C299,2019-07-25,2019-07-25 09:37:15,1.97,0.8454,101,1.93,0.8283,180,1.97,0.8454,1,1.95,0.8369,131,0
SPY190726C299,2019-07-25,2019-07-25 09:37:16,1.97,0.8454,17,1.93,0.8283,165,1.97,0.8454,1,1.95,0.8369,131,0
SPY190726C299,2019-07-25,2019-07-25 09:37:16,1.97,0.8454,17,1.93,0.8283,180,1.97,0.8454,1,1.95,0.8369,131,0
SPY190726C299,2019-07-25,2019-07-25 09:37:17,1.97,0.8454,17,1.93,0.8283,165,1.97,0.8454,1,1.95,0.8369,131,0
SPY190726C299,2019-07-25,2019-07-25 09:37:17,1.97,0.8454,8,1.94,0.8326,7,1.97,0.8454,1,1.955,0.839,131,0
SPY190726C299,2019-07-25,2019-07-25 09:37:18,1.98,0.8497,10,1.94,0.8326,101,1.97,0.8454,1,1.96,0.8412,131,0
SPY190726C299,2019-07-25,2019-07-25 09:37:19,1.97,0.8454,6,1.94,0.8326,55,1.97,0.8454,1,1.955,0.839,131,0
SPY190726C299,2019-07-25,2019-07-25 09:37:19,1.97,0.8454,7,1.94,0.8326,100,1.97,0.8454,1,1.955,0.839,131,0
SPY190726C299,2019-07-25,2019-07-25 09:37:20,1.97,0.8454,7,1.94,0.8326,55,1.97,0.8454,1,1.955,0.839,131,0
SPY190726C299,2019-07-25,2019-07-25 09:37:21,1.97,0.8454,101,1.93,0.8283,89,1.97,0.8454,1,1.95,0.8369,131,0
SPY190726C299,2019-07-25,2019-07-25 09:37:21,1.97,0.8454,101,1.93,0.8283,165,1.97,0.8454,1,1.95,0.8369,131,0
SPY190726C299,2019-07-25,2019-07-25 09:37:22,1.97,0.8454,101,1.93,0.8283,175,1.97,0.8454,1,1.95,0.8369,131,0
SPY190726C299,2019-07-25,2019-07-25 09:37:23,1.97,0.8454,101,1.93,0.8283,175,1.97,0.8454,1,1.95,0.8369,131,0
SPY190726C299,2019-07-25,2019-07-25 09:37:24,1.97,0.8454,20,1.93,0.8283,180,1.97,0.8454,1,1.95,0.8369,131,0
SPY190726C299,2019-07-25,2019-07-25 09:37:25,1.97,0.8454,101,1.93,0.8283,180,1.97,0.8454,1,1.95,0.8369,131,0
SPY190726C299,2019-07-25,2019-07-25 09:37:26,1.97,0.8454,101,1.93,0.8283,180,1.97,0.8454,1,1.95,0.8369,131,0
SPY190726C299,2019-07-25,2019-07-25 09:37:26,1.97,0.8454,101,1.93,0.8283,99,1.97,0.8454,1,1.95,0.8369,131,0
SPY190726C299,2019-07-25,2019-07-25 09:37:27,1.97,0.8454,20,1.93,0.8283,180,1.97,0.8454,1,1.95,0.8369,131,0
SPY190726C299,2019-07-25,2019-07-25 09:37:28,1.96,0.8412,7,1.93,0.8283,99,1.97,0.8454,1,1.945,0.8347,131,0
SPY190726C299,2019-07-25,2019-07-25 09:37:29,1.96,0.8412,17,1.94,0.8326,3,1.97,0.8454,1,1.95,0.8369,131,0
SPY190726C299,2019-07-25,2019-07-25 09:37:30,1.96,0.8412,17,1.94,0.8326,3,1.97,0.8454,1,1.95,0.8369,131,0
SPY190726C299,2019-07-25,2019-07-25 09:37:31,1.96,0.8412,17,1.93,0.8283,47,1.97,0.8454,1,1.945,0.8347,131,0
SPY190726C299,2019-07-25,2019-07-25 09:37:32,1.95,0.8369,132,1.93,0.8283,47,1.97,0.8454,1,1.94,0.8326,131,0
SPY190726C299,2019-07-25,2019-07-25 09:37:32,1.97,0.8454,1,1.92,0.824,136,1.97,0.8454,1,1.945,0.8347,131,0
SPY190726C299,2019-07-25,2019-07-25 09:37:33,1.98,0.8497,7,1.95,0.8369,3,1.97,0.8454,1,1.965,0.8433,131,0
SPY190726C299,2019-07-25,2019-07-25 09:37:33,1.97,0.8454,27,1.94,0.8326,3,1.97,0.8454,1,1.955,0.839,131,0
SPY190726C299,2019-07-25,2019-07-25 09:37:34,1.97,0.8454,6,1.94,0.8326,3,1.97,0.8454,1,1.955,0.839,131,0
SPY190726C299,2019-07-25,2019-07-25 09:37:35,1.98,0.8497,10,1.95,0.8369,8,1.97,0.8454,1,1.965,0.8433,131,0
SPY190726C299,2019-07-25,2019-07-25 09:37:35,1.98,0.8497,10,1.95,0.8369,9,1.97,0.8454,1,1.965,0.8433,131,0
SPY190726C299,2019-07-25,2019-07-25 09:37:36,1.98,0.8497,10,1.95,0.8369,7,1.97,0.8454,1,1.965,0.8433,131,0
SPY190726C299,2019-07-25,2019-07-25 09:37:36,1.98,0.8497,8,1.95,0.8369,7,1.97,0.8454,1,1.965,0.8433,131,0
SPY190726C299,2019-07-25,2019-07-25 09:37:37,1.98,0.8497,10,1.95,0.8369,7,1.97,0.8454,1,1.965,0.8433,131,0
SPY190726C299,2019-07-25,2019-07-25 09:37:38,1.98,0.8497,10,1.95,0.8369,7,1.97,0.8454,1,1.965,0.8433,131,0
SPY190726C299,2019-07-25,2019-07-25 09:37:39,1.98,0.8497,10,1.95,0.8369,11,1.97,0.8454,1,1.965,0.8433,131,0
SPY190726C299,2019-07-25,2019-07-25 09:37:40,1.97,0.8454,135,1.93,0.8283,10,1.97,0.8454,1,1.95,0.8369,131,0
SPY190726C299,2019-07-25,2019-07-25 09:37:41,1.95,0.8369,7,1.91,0.8197,80,1.97,0.8454,1,1.93,0.8283,131,0
SPY190726C299,2019-07-25,2019-07-25 09:37:41,1.97,0.8454,100,1.92,0.824,100,1.97,0.8454,1,1.945,0.8347,131,0
SPY190726C299,2019-07-25,2019-07-25 09:37:42,1.97,0.8454,184,1.92,0.824,100,1.97,0.8454,1,1.945,0.8347,131,0
SPY190726C299,2019-07-25,2019-07-25 09:37:43,1.97,0.8454,184,1.93,0.8283,10,1.97,0.8454,1,1.95,0.8369,131,0
SPY190726C299,2019-07-25,2019-07-25 09:37:44,1.95,0.8369,11,1.92,0.824,11,1.97,0.8454,1,1.935,0.8304,131,0
SPY190726C299,2019-07-25,2019-07-25 09:37:45,1.95,0.8369,11,1.92,0.824,1,1.97,0.8454,1,1.935,0.8304,131,0
SPY190726C299,2019-07-25,2019-07-25 09:37:45,1.95,0.8369,11,1.92,0.824,7,1.97,0.8454,1,1.935,0.8304,131,0
SPY190726C299,2019-07-25,2019-07-25 09:37:46,1.95,0.8369,40,1.92,0.824,7,1.97,0.8454,1,1.935,0.8304,131,0
SPY190726C299,2019-07-25,2019-07-25 09:37:46,1.94,0.8326,100,1.91,0.8197,10,1.97,0.8454,1,1.925,0.8261,131,0
SPY190726C299,2019-07-25,2019-07-25 09:37:47,1.95,0.8369,141,1.91,0.8197,28,1.97,0.8454,1,1.93,0.8283,131,0
SPY190726C299,2019-07-25,2019-07-25 09:37:47,1.94,0.8326,100,1.91,0.8197,10,1.97,0.8454,1,1.925,0.8261,131,0
SPY190726C299,2019-07-25,2019-07-25 09:37:48,1.95,0.8369,141,1.91,0.8197,10,1.97,0.8454,1,1.93,0.8283,131,0
SPY190726C299,2019-07-25,2019-07-25 09:37:49,1.95,0.8369,141,1.91,0.8197,10,1.97,0.8454,1,1.93,0.8283,131,0
SPY190726C299,2019-07-25,2019-07-25 09:37:50,1.95,0.8369,101,1.91,0.8197,10,1.97,0.8454,1,1.93,0.8283,131,0
SPY190726C299,2019-07-25,2019-07-25 09:37:51,1.95,0.8369,101,1.91,0.8197,10,1.97,0.8454,1,1.93,0.8283,131,0
SPY190726C299,2019-07-25,2019-07-25 09:37:52,1.95,0.8369,101,1.91,0.8197,108,1.97,0.8454,1,1.93,0.8283,131,0
SPY190726C299,2019-07-25,2019-07-25 09:37:53,1.94,0.8326,6,1.91,0.8197,10,1.97,0.8454,1,1.925,0.8261,131,0
SPY190726C299,2019-07-25,2019-07-25 09:37:53,1.94,0.8326,7,1.91,0.8197,10,1.97,0.8454,1,1.925,0.8261,131,0
SPY190726C299,2019-07-25,2019-07-25 09:37:54,1.94,0.8326,6,1.91,0.8197,11,1.97,0.8454,1,1.925,0.8261,131,0
SPY190726C299,2019-07-25,2019-07-25 09:37:55,1.94,0.8326,6,1.91,0.8197,10,1.97,0.8454,1,1.925,0.8261,131,0
SPY190726C299,2019-07-25,2019-07-25 09:37:56,1.94,0.8326,101,1.91,0.8197,10,1.97,0.8454,1,1.925,0.8261,131,0
SPY190726C299,2019-07-25,2019-07-25 09:37:56,1.94,0.8326,101,1.9,0.8154,4,1.97,0.8454,1,1.92,0.824,131,0
SPY190726C299,2019-07-25,2019-07-25 09:37:57,1.92,0.824,1,1.89,0.8111,10,1.97,0.8454,1,1.905,0.8175,131,0
SPY190726C299,2019-07-25,2019-07-25 09:37:57,1.92,0.824,1,1.9,0.8154,4,1.97,0.8454,1,1.91,0.8197,131,0
SPY190726C299,2019-07-25,2019-07-25 09:37:58,1.92,0.824,1,1.89,0.8111,10,1.97,0.8454,1,1.905,0.8175,131,0
SPY190726C299,2019-07-25,2019-07-25 09:37:59,1.92,0.824,8,1.89,0.8111,10,1.97,0.8454,1,1.905,0.8175,131,0
SPY190726C299,2019-07-25,2019-07-25 09:37:59,1.92,0.824,8,1.89,0.8111,7,1.97,0.8454,1,1.905,0.8175,131,0
SPY190726C299,2019-07-25,2019-07-25 09:38:00,1.91,0.8197,42,1.89,0.8111,7,1.97,0.8454,1,1.9,0.8154,131,0
SPY190726C299,2019-07-25,2019-07-25 09:38:00,1.91,0.8197,138,1.89,0.8111,7,1.97,0.8454,1,1.9,0.8154,131,0
SPY190726C299,2019-07-25,2019-07-25 09:38:01,1.91,0.8197,138,1.87,0.8025,13,1.97,0.8454,1,1.89,0.8111,131,0
SPY190726C299,2019-07-25,2019-07-25 09:38:02,1.9,0.8154,10,1.87,0.8025,9,1.97,0.8454,1,1.885,0.809,131,0
SPY190726C299,2019-07-25,2019-07-25 09:38:03,1.9,0.8154,10,1.88,0.8068,4,1.97,0.8454,1,1.89,0.8111,131,0
SPY190726C299,2019-07-25,2019-07-25 09:38:03,1.89,0.8111,100,1.86,0.7982,7,1.97,0.8454,1,1.875,0.8047,131,0
SPY190726C299,2019-07-25,2019-07-25 09:38:04,1.89,0.8111,36,1.85,0.7939,12,1.97,0.8454,1,1.87,0.8025,131,0
SPY190726C299,2019-07-25,2019-07-25 09:38:04,1.89,0.8111,7,1.86,0.7982,7,1.97,0.8454,1,1.875,0.8047,131,0
SPY190726C299,2019-07-25,2019-07-25 09:38:05,1.88,0.8068,8,1.85,0.7939,10,1.97,0.8454,1,1.865,0.8004,131,0
SPY190726C299,2019-07-25,2019-07-25 09:38:05,1.88,0.8068,8,1.85,0.7939,17,1.97,0.8454,1,1.865,0.8004,131,0
SPY190726C299,2019-07-25,2019-07-25 09:38:06,1.88,0.8068,10,1.85,0.7939,10,1.97,0.8454,1,1.865,0.8004,131,0
SPY190726C299,2019-07-25,2019-07-25 09:38:07,1.89,0.8111,100,1.85,0.7939,10,1.97,0.8454,1,1.87,0.8025,131,0
SPY190726C299,2019-07-25,2019-07-25 09:38:07,1.88,0.8068,10,1.85,0.7939,18,1.97,0.8454,1,1.865,0.8004,131,0
SPY190726C299,2019-07-25,2019-07-25 09:38:08,1.88,0.8068,6,1.85,0.7939,11,1.97,0.8454,1,1.865,0.8004,131,0
SPY190726C299,2019-07-25,2019-07-25 09:38:09,1.89,0.8111,110,1.85,0.7939,18,1.97,0.8454,1,1.87,0.8025,131,0
SPY190726C299,2019-07-25,2019-07-25 09:38:09,1.88,0.8068,10,1.85,0.7939,18,1.97,0.8454,1,1.865,0.8004,131,0
SPY190726C299,2019-07-25,2019-07-25 09:38:10,1.87,0.8025,20,1.85,0.7939,18,1.97,0.8454,1,1.86,0.7982,131,0
SPY190726C299,2019-07-25,2019-07-25 09:38:10,1.86,0.7982,1,1.83,0.7854,1,1.85,0.7939,1,1.845,0.7918,132,1
SPY190726C299,2019-07-25,2019-07-25 09:38:11,1.85,0.7939,7,1.82,0.7811,7,1.83,0.7854,1,1.835,0.7875,133,1
SPY190726C299,2019-07-25,2019-07-25 09:38:12,1.85,0.7939,40,1.81,0.7768,20,1.83,0.7854,1,1.83,0.7854,133,0
SPY190726C299,2019-07-25,2019-07-25 09:38:12,1.85,0.7939,20,1.81,0.7768,101,1.83,0.7854,1,1.83,0.7854,133,0
SPY190726C299,2019-07-25,2019-07-25 09:38:13,1.85,0.7939,131,1.81,0.7768,101,1.81,0.7768,1,1.83,0.7854,138,5
SPY190726C299,2019-07-25,2019-07-25 09:38:13,1.85,0.7939,5,1.81,0.7768,101,1.81,0.7768,1,1.83,0.7854,138,0
SPY190726C299,2019-07-25,2019-07-25 09:38:14,1.85,0.7939,171,1.8,0.7725,166,1.81,0.7768,1,1.825,0.7832,138,0
SPY190726C299,2019-07-25,2019-07-25 09:38:15,1.85,0.7939,171,1.81,0.7768,2,1.81,0.7768,1,1.83,0.7854,138,0
SPY190726C299,2019-07-25,2019-07-25 09:38:16,1.84,0.7896,1,1.81,0.7768,1,1.81,0.7768,1,1.825,0.7832,138,0
SPY190726C299,2019-07-25,2019-07-25 09:38:17,1.85,0.7939,67,1.82,0.7811,12,1.81,0.7768,1,1.835,0.7875,138,0
SPY190726C299,2019-07-25,2019-07-25 09:38:17,1.85,0.7939,71,1.82,0.7811,13,1.81,0.7768,1,1.835,0.7875,138,0
SPY190726C299,2019-07-25,2019-07-25 09:38:18,1.85,0.7939,67,1.82,0.7811,12,1.81,0.7768,1,1.835,0.7875,138,0
SPY190726C299,2019-07-25,2019-07-25 09:38:19,1.83,0.7854,11,1.8,0.7725,10,1.81,0.7768,1,1.815,0.7789,138,0
SPY190726C299,2019-07-25,2019-07-25 09:38:19,1.85,0.7939,84,1.82,0.7811,12,1.81,0.7768,1,1.835,0.7875,138,0
SPY190726C299,2019-07-25,2019-07-25 09:38:20,1.83,0.7854,17,1.8,0.7725,12,1.81,0.7768,1,1.815,0.7789,138,0
SPY190726C299,2019-07-25,2019-07-25 09:38:21,1.83,0.7854,75,1.8,0.7725,100,1.81,0.7768,1,1.815,0.7789,138,0
SPY190726C299,2019-07-25,2019-07-25 09:38:21,1.83,0.7854,173,1.79,0.7682,12,1.81,0.7768,1,1.81,0.7768,138,0
SPY190726C299,2019-07-25,2019-07-25 09:38:22,1.83,0.7854,73,1.79,0.7682,12,1.81,0.7768,1,1.81,0.7768,138,0
SPY190726C299,2019-07-25,2019-07-25 09:38:22,1.83,0.7854,82,1.82,0.7811,204,1.85,0.7939,1,1.825,0.7832,139,1
SPY190726C299,2019-07-25,2019-07-25 09:38:23,1.87,0.8025,63,1.84,0.7896,100,1.85,0.7939,1,1.855,0.7961,139,0
SPY190726C299,2019-07-25,2019-07-25 09:38:24,1.87,0.8025,11,1.84,0.7896,12,1.85,0.7939,1,1.855,0.7961,139,0
SPY190726C299,2019-07-25,2019-07-25 09:38:24,1.89,0.8111,131,1.86,0.7982,7,1.85,0.7939,1,1.875,0.8047,139,0
SPY190726C299,2019-07-25,2019-07-25 09:38:25,1.89,0.8111,110,1.86,0.7982,12,1.85,0.7939,1,1.875,0.8047,139,0
SPY190726C299,2019-07-25,2019-07-25 09:38:26,1.87,0.8025,7,1.84,0.7896,12,1.85,0.7939,1,1.855,0.7961,139,0
SPY190726C299,2019-07-25,2019-07-25 09:38:27,1.87,0.8025,45,1.84,0.7896,12,1.85,0.7939,1,1.855,0.7961,139,0
SPY190726C299,2019-07-25,2019-07-25 09:38:28,1.9,0.8154,171,1.86,0.7982,12,1.87,0.8025,1,1.88,0.8068,140,0
SPY190726C299,2019-07-25,2019-07-25 09:38:28,1.89,0.8111,167,1.85,0.7939,40,1.87,0.8025,1,1.87,0.8025,140,1
SPY190726C299,2019-07-25,2019-07-25 09:38:29,1.91,0.8197,7,1.87,0.8025,20,1.87,0.8025,1,1.89,0.8111,140,0
SPY190726C299,2019-07-25,2019-07-25 09:38:30,1.94,0.8326,6,1.91,0.8197,12,1.87,0.8025,1,1.925,0.8261,140,0
SPY190726C299,2019-07-25,2019-07-25 09:38:30,1.95,0.8369,172,1.9,0.8154,100,1.87,0.8025,1,1.925,0.8261,140,0
SPY190726C299,2019-07-25,2019-07-25 09:38:31,1.97,0.8454,110,1.93,0.8283,101,1.87,0.8025,1,1.95,0.8369,140,0
SPY190726C299,2019-07-25,2019-07-25 09:38:31,1.94,0.8326,6,1.91,0.8197,12,1.87,0.8025,1,1.925,0.8261,140,0
SPY190726C299,2019-07-25,2019-07-25 09:38:32,1.97,0.8454,110,1.93,0.8283,16,1.87,0.8025,1,1.95,0.8369,140,0
SPY190726C299,2019-07-25,2019-07-25 09:38:33,1.99,0.854,166,1.95,0.8369,101,1.87,0.8025,1,1.97,0.8454,140,0
SPY190726C299,2019-07-25,2019-07-25 09:38:33,1.98,0.8497,7,1.93,0.8283,100,1.87,0.8025,1,1.955,0.839,140,0
SPY190726C299,2019-07-25,2019-07-25 09:38:34,1.97,0.8454,20,1.93,0.8283,10,1.87,0.8025,1,1.95,0.8369,140,0
SPY190726C299,2019-07-25,2019-07-25 09:38:35,1.97,0.8454,83,1.93,0.8283,16,1.87,0.8025,1,1.95,0.8369,140,0
SPY190726C299,2019-07-25,2019-07-25 09:38:35,1.97,0.8454,7,1.93,0.8283,6,1.87,0.8025,1,1.95,0.8369,140,0
SPY190726C299,2019-07-25,2019-07-25 09:38:36,1.97,0.8454,110,1.93,0.8283,12,1.87,0.8025,1,1.95,0.8369,140,0
SPY190726C299,2019-07-25,2019-07-25 09:38:37,1.97,0.8454,100,1.93,0.8283,12,1.87,0.8025,1,1.95,0.8369,140,0
SPY190726C299,2019-07-25,2019-07-25 09:38:37,1.97,0.8454,111,1.93,0.8283,12,1.87,0.8025,1,1.95,0.8369,140,0
SPY190726C299,2019-07-25,2019-07-25 09:38:38,1.96,0.8412,67,1.93,0.8283,12,1.87,0.8025,1,1.945,0.8347,140,0
SPY190726C299,2019-07-25,2019-07-25 09:38:39,1.97,0.8454,100,1.94,0.8326,12,1.87,0.8025,1,1.955,0.839,140,0
SPY190726C299,2019-07-25,2019-07-25 09:38:39,1.98,0.8497,7,1.95,0.8369,101,1.87,0.8025,1,1.965,0.8433,140,0
SPY190726C299,2019-07-25,2019-07-25 09:38:40,1.98,0.8497,7,1.95,0.8369,12,1.87,0.8025,1,1.965,0.8433,140,0
SPY190726C299,2019-07-25,2019-07-25 09:38:40,1.98,0.8497,10,1.94,0.8326,101,1.87,0.8025,1,1.96,0.8412,140,0
SPY190726C299,2019-07-25,2019-07-25 09:38:41,1.98,0.8497,7,1.96,0.8412,12,1.87,0.8025,1,1.97,0.8454,140,0
SPY190726C299,2019-07-25,2019-07-25 09:38:41,1.99,0.854,170,1.95,0.8369,101,1.87,0.8025,1,1.97,0.8454,140,0
SPY190726C299,2019-07-25,2019-07-25 09:38:42,2.01,0.8626,5,1.97,0.8454,100,1.87,0.8025,1,1.99,0.854,140,0
SPY190726C299,2019-07-25,2019-07-25 09:38:43,2.04,0.8755,46,2.0,0.8583,110,1.87,0.8025,1,2.02,0.8669,140,0
SPY190726C299,2019-07-25,2019-07-25 09:38:43,2.02,0.8669,100,1.98,0.8497,100,1.87,0.8025,1,2.0,0.8583,140,0
SPY190726C299,2019-07-25,2019-07-25 09:38:44,2.0,0.8583,100,1.96,0.8412,10,1.87,0.8025,1,1.98,0.8497,140,0
SPY190726C299,2019-07-25,2019-07-25 09:38:45,1.99,0.854,10,1.95,0.8369,101,1.87,0.8025,1,1.97,0.8454,140,0
SPY190726C299,2019-07-25,2019-07-25 09:38:45,1.99,0.854,80,1.95,0.8369,101,1.87,0.8025,1,1.97,0.8454,140,0
SPY190726C299,2019-07-25,2019-07-25 09:38:46,1.99,0.854,10,1.96,0.8412,7,1.87,0.8025,1,1.975,0.8476,140,0
SPY190726C299,2019-07-25,2019-07-25 09:38:47,1.96,0.8412,7,1.93,0.8283,6,1.87,0.8025,1,1.945,0.8347,140,0
SPY190726C299,2019-07-25,2019-07-25 09:38:47,1.98,0.8497,7,1.95,0.8369,101,1.87,0.8025,1,1.965,0.8433,140,0
SPY190726C299,2019-07-25,2019-07-25 09:38:48,1.96,0.8412,4,1.93,0.8283,101,1.87,0.8025,1,1.945,0.8347,140,0
SPY190726C299,2019-07-25,2019-07-25 09:38:48,1.96,0.8412,7,1.92,0.824,100,1.87,0.8025,1,1.94,0.8326,140,0
SPY190726C299,2019-07-25,2019-07-25 09:38:49,1.95,0.8369,150,1.91,0.8197,101,1.87,0.8025,1,1.93,0.8283,140,0
SPY190726C299,2019-07-25,2019-07-25 09:38:50,1.93,0.8283,20,1.89,0.8111,100,1.87,0.8025,1,1.91,0.8197,140,0
SPY190726C299,2019-07-25,2019-07-25 09:38:50,1.94,0.8326,1,1.89,0.8111,7,1.87,0.8025,1,1.915,0.8218,140,0
SPY190726C299,2019-07-25,2019-07-25 09:38:51,1.92,0.824,1,1.89,0.8111,101,1.87,0.8025,1,1.905,0.8175,140,0
SPY190726C299,2019-07-25,2019-07-25 09:38:51,1.93,0.8283,20,1.9,0.8154,6,1.87,0.8025,1,1.915,0.8218,140,0
SPY190726C299,2019-07-25,2019-07-25 09:38:52,1.92,0.824,1,1.89,0.8111,101,1.87,0.8025,1,1.905,0.8175,140,0
SPY190726C299,2019-07-25,2019-07-25 09:38:52,1.92,0.824,1,1.89,0.8111,7,1.87,0.8025,1,1.905,0.8175,140,0
SPY190726C299,2019-07-25,2019-07-25 09:38:53,1.91,0.8197,6,1.87,0.8025,101,1.87,0.8025,1,1.89,0.8111,140,0
SPY190726C299,2019-07-25,2019-07-25 09:38:54,1.92,0.824,1,1.88,0.8068,180,1.87,0.8025,1,1.9,0.8154,140,0
SPY190726C299,2019-07-25,2019-07-25 09:38:54,1.9,0.8154,1,1.87,0.8025,7,1.87,0.8025,1,1.885,0.809,140,0
SPY190726C299,2019-07-25,2019-07-25 09:38:55,1.93,0.8283,10,1.89,0.8111,67,1.87,0.8025,1,1.91,0.8197,140,0
SPY190726C299,2019-07-25,2019-07-25 09:38:55,1.92,0.824,10,1.89,0.8111,10,1.87,0.8025,1,1.905,0.8175,140,0
SPY190726C299,2019-07-25,2019-07-25 09:38:56,1.95,0.8369,36,1.92,0.824,7,1.87,0.8025,1,1.935,0.8304,140,0
SPY190726C299,2019-07-25,2019-07-25 09:38:57,1.94,0.8326,6,1.91,0.8197,16,1.87,0.8025,1,1.925,0.8261,140,0
SPY190726C299,2019-07-25,2019-07-25 09:38:57,1.92,0.824,1,1.89,0.8111,5,1.87,0.8025,1,1.905,0.8175,140,0
SPY190726C299,2019-07-25,2019-07-25 09:38:58,1.92,0.824,130,1.87,0.8025,52,1.89,0.8111,4,1.895,0.8133,144,4
SPY190726C299,2019-07-25,2019-07-25 09:38:59,1.89,0.8111,11,1.85,0.7939,153,1.89,0.8111,4,1.87,0.8025,144,0
SPY190726C299,2019-07-25,2019-07-25 09:39:00,1.89,0.8111,21,1.85,0.7939,127,1.89,0.8111,4,1.87,0.8025,144,0
SPY190726C299,2019-07-25,2019-07-25 09:39:00,1.92,0.824,100,1.86,0.7982,11,1.89,0.8111,4,1.89,0.8111,144,0
SPY190726C299,2019-07-25,2019-07-25 09:39:01,1.91,0.8197,157,1.86,0.7982,11,1.89,0.8111,4,1.885,0.809,144,0
SPY190726C299,2019-07-25,2019-07-25 09:39:02,1.91,0.8197,10,1.86,0.7982,105,1.89,0.8111,4,1.885,0.809,144,0
SPY190726C299,2019-07-25,2019-07-25 09:39:02,1.92,0.824,10,1.88,0.8068,81,1.89,0.8111,4,1.9,0.8154,144,0
SPY190726C299,2019-07-25,2019-07-25 09:39:03,1.93,0.8283,10,1.89,0.8111,40,1.89,0.8111,4,1.91,0.8197,144,0
SPY190726C299,2019-07-25,2019-07-25 09:39:04,1.94,0.8326,65,1.9,0.8154,40,1.89,0.8111,4,1.92,0.824,144,0
SPY190726C299,2019-07-25,2019-07-25 09:39:04,1.95,0.8369,31,1.91,0.8197,187,1.89,0.8111,4,1.93,0.8283,144,0
SPY190726C299,2019-07-25,2019-07-25 09:39:05,1.95,0.8369,154,1.91,0.8197,141,1.89,0.8111,4,1.93,0.8283,144,0
SPY190726C299,2019-07-25,2019-07-25 09:39:06,1.95,0.8369,20,1.91,0.8197,141,1.89,0.8111,4,1.93,0.8283,144,0
SPY190726C299,2019-07-25,2019-07-25 09:39:06,1.94,0.8326,101,1.9,0.8154,206,1.89,0.8111,4,1.92,0.824,144,0
SPY190726C299,2019-07-25,2019-07-25 09:39:07,1.93,0.8283,1,1.9,0.8154,1,1.89,0.8111,4,1.915,0.8218,144,0
SPY190726C299,2019-07-25,2019-07-25 09:39:07,1.94,0.8326,7,1.9,0.8154,206,1.89,0.8111,4,1.92,0.824,144,0
SPY190726C299,2019-07-25,2019-07-25 09:39:08,1.96,0.8412,1,1.92,0.824,6,1.89,0.8111,4,1.94,0.8326,144,0
SPY190726C299,2019-07-25,2019-07-25 09:39:08,1.94,0.8326,10,1.9,0.8154,206,1.89,0.8111,4,1.92,0.824,144,0
SPY190726C299,2019-07-25,2019-07-25 09:39:09,1.96,0.8412,1,1.92,0.824,10,1.89,0.8111,4,1.94,0.8326,144,0
SPY190726C299,2019-07-25,2019-07-25 09:39:10,1.97,0.8454,24,1.93,0.8283,10,1.89,0.8111,4,1.95,0.8369,144,0
SPY190726C299,2019-07-25,2019-07-25 09:39:10,1.97,0.8454,29,1.93,0.8283,101,1.89,0.8111,4,1.95,0.8369,144,0
SPY190726C299,2019-07-25,2019-07-25 09:39:11,1.96,0.8412,6,1.93,0.8283,12,1.89,0.8111,4,1.945,0.8347,144,0
SPY190726C299,2019-07-25,2019-07-25 09:39:12,1.95,0.8369,10,1.92,0.824,7,1.89,0.8111,4,1.935,0.8304,144,0
SPY190726C299,2019-07-25,2019-07-25 09:39:12,1.95,0.8369,20,1.92,0.824,183,1.89,0.8111,4,1.935,0.8304,144,0
SPY190726C299,2019-07-25,2019-07-25 09:39:13,1.96,0.8412,7,1.92,0.824,101,1.89,0.8111,4,1.94,0.8326,144,0
SPY190726C299,2019-07-25,2019-07-25 09:39:13,1.95,0.8369,7,1.92,0.824,6,1.89,0.8111,4,1.935,0.8304,144,0
SPY190726C299,2019-07-25,2019-07-25 09:39:14,1.95,0.8369,6,1.91,0.8197,172,1.89,0.8111,4,1.93,0.8283,144,0
SPY190726C299,2019-07-25,2019-07-25 09:39:15,1.96,0.8412,1,1.93,0.8283,143,1.89,0.8111,4,1.945,0.8347,144,0
SPY190726C299,2019-07-25,2019-07-25 09:39:15,1.97,0.8454,20,1.94,0.8326,6,1.89,0.8111,4,1.955,0.839,144,0
SPY190726C299,2019-07-25,2019-07-25 09:39:16,1.96,0.8412,10,1.93,0.8283,16,1.89,0.8111,4,1.945,0.8347,144,0
SPY190726C299,2019-07-25,2019-07-25 09:39:16,1.97,0.8454,40,1.93,0.8283,154,1.89,0.8111,4,1.95,0.8369,144,0
SPY190726C299,2019-07-25,2019-07-25 09:39:17,1.96,0.8412,44,1.93,0.8283,10,1.89,0.8111,4,1.945,0.8347,144,0
SPY190726C299,2019-07-25,2019-07-25 09:39:17,1.96,0.8412,11,1.93,0.8283,10,1.89,0.8111,4,1.945,0.8347,144,0
SPY190726C299,2019-07-25,2019-07-25 09:39:18,1.96,0.8412,7,1.93,0.8283,10,1.89,0.8111,4,1.945,0.8347,144,0
SPY190726C299,2019-07-25,2019-07-25 09:39:18,1.97,0.8454,47,1.93,0.8283,108,1.89,0.8111,4,1.95,0.8369,144,0
SPY190726C299,2019-07-25,2019-07-25 09:39:19,1.98,0.8497,6,1.94,0.8326,100,1.89,0.8111,4,1.96,0.8412,144,0
SPY190726C299,2019-07-25,2019-07-25 09:39:20,1.98,0.8497,10,1.95,0.8369,101,1.89,0.8111,4,1.965,0.8433,144,0
SPY190726C299,2019-07-25,2019-07-25 09:39:21,1.98,0.8497,7,1.95,0.8369,62,1.89,0.8111,4,1.965,0.8433,144,0
SPY190726C299,2019-07-25,2019-07-25 09:39:21,1.98,0.8497,36,1.95,0.8369,62,1.89,0.8111,4,1.965,0.8433,144,0
SPY190726C299,2019-07-25,2019-07-25 09:39:22,1.97,0.8454,7,1.94,0.8326,6,1.89,0.8111,4,1.955,0.839,144,0
SPY190726C299,2019-07-25,2019-07-25 09:39:22,1.98,0.8497,169,1.93,0.8283,100,1.89,0.8111,4,1.955,0.839,144,0
SPY190726C299,2019-07-25,2019-07-25 09:39:23,1.98,0.8497,100,1.94,0.8326,104,1.89,0.8111,4,1.96,0.8412,144,0
SPY190726C299,2019-07-25,2019-07-25 09:39:24,1.96,0.8412,7,1.93,0.8283,10,1.89,0.8111,4,1.945,0.8347,144,0
SPY190726C299,2019-07-25,2019-07-25 09:39:24,1.96,0.8412,1,1.94,0.8326,8,1.89,0.8111,4,1.95,0.8369,144,0
SPY190726C299,2019-07-25,2019-07-25 09:39:25,1.96,0.8412,11,1.93,0.8283,10,1.89,0.8111,4,1.945,0.8347,144,0
SPY190726C299,2019-07-25,2019-07-25 09:39:25,1.96,0.8412,7,1.93,0.8283,10,1.89,0.8111,4,1.945,0.8347,144,0
SPY190726C299,2019-07-25,2019-07-25 09:39:26,1.96,0.8412,7,1.92,0.824,110,1.89,0.8111,4,1.94,0.8326,144,0
SPY190726C299,2019-07-25,2019-07-25 09:39:27,1.99,0.854,64,1.95,0.8369,100,1.89,0.8111,4,1.97,0.8454,144,0
SPY190726C299,2019-07-25,2019-07-25 09:39:27,1.98,0.8497,7,1.93,0.8283,133,1.89,0.8111,4,1.955,0.839,144,0
SPY190726C299,2019-07-25,2019-07-25 09:39:28,1.98,0.8497,7,1.95,0.8369,110,1.89,0.8111,4,1.965,0.8433,144,0
SPY190726C299,2019-07-25,2019-07-25 09:39:28,1.98,0.8497,1,1.95,0.8369,101,1.89,0.8111,4,1.965,0.8433,144,0
SPY190726C299,2019-07-25,2019-07-25 09:39:29,1.97,0.8454,10,1.94,0.8326,100,1.89,0.8111,4,1.955,0.839,144,0
SPY190726C299,2019-07-25,2019-07-25 09:39:29,1.97,0.8454,10,1.94,0.8326,6,1.89,0.8111,4,1.955,0.839,144,0
SPY190726C299,2019-07-25,2019-07-25 09:39:30,1.98,0.8497,78,1.93,0.8283,10,1.89,0.8111,4,1.955,0.839,144,0
SPY190726C299,2019-07-25,2019-07-25 09:39:31,1.97,0.8454,20,1.93,0.8283,10,1.89,0.8111,4,1.95,0.8369,144,0
SPY190726C299,2019-07-25,2019-07-25 09:39:31,1.97,0.8454,64,1.94,0.8326,100,1.89,0.8111,4,1.955,0.839,144,0
SPY190726C299,2019-07-25,2019-07-25 09:39:32,1.97,0.8454,134,1.93,0.8283,10,1.89,0.8111,4,1.95,0.8369,144,0
SPY190726C299,2019-07-25,2019-07-25 09:39:33,1.96,0.8412,7,1.93,0.8283,37,1.89,0.8111,4,1.945,0.8347,144,0
SPY190726C299,2019-07-25,2019-07-25 09:39:34,1.96,0.8412,7,1.93,0.8283,35,1.89,0.8111,4,1.945,0.8347,144,0
SPY190726C299,2019-07-25,2019-07-25 09:39:34,1.96,0.8412,20,1.93,0.8283,9,1.89,0.8111,4,1.945,0.8347,144,0
SPY190726C299,2019-07-25,2019-07-25 09:39:35,1.96,0.8412,10,1.92,0.824,110,1.89,0.8111,4,1.94,0.8326,144,0
SPY190726C299,2019-07-25,2019-07-25 09:39:35,1.95,0.8369,10,1.92,0.824,111,1.89,0.8111,4,1.935,0.8304,144,0
SPY190726C299,2019-07-25,2019-07-25 09:39:36,1.94,0.8326,7,1.92,0.824,100,1.89,0.8111,4,1.93,0.8283,144,0
SPY190726C299,2019-07-25,2019-07-25 09:39:37,1.95,0.8369,7,1.92,0.824,100,1.89,0.8111,4,1.935,0.8304,144,0
SPY190726C299,2019-07-25,2019-07-25 09:39:37,1.95,0.8369,7,1.92,0.824,110,1.89,0.8111,4,1.935,0.8304,144,0
SPY190726C299,2019-07-25,2019-07-25 09:39:38,1.94,0.8326,10,1.92,0.824,100,1.89,0.8111,4,1.93,0.8283,144,0
SPY190726C299,2019-07-25,2019-07-25 09:39:38,1.93,0.8283,10,1.92,0.824,100,1.89,0.8111,4,1.925,0.8261,144,0
SPY190726C299,2019-07-25,2019-07-25 09:39:39,1.94,0.8326,101,1.92,0.824,100,1.89,0.8111,4,1.93,0.8283,144,0
SPY190726C299,2019-07-25,2019-07-25 09:39:39,1.94,0.8326,17,1.92,0.824,100,1.89,0.8111,4,1.93,0.8283,144,0
SPY190726C299,2019-07-25,2019-07-25 09:39:40,1.94,0.8326,51,1.92,0.824,93,1.92,0.824,7,1.93,0.8283,151,7
SPY190726C299,2019-07-25,2019-07-25 09:39:41,1.93,0.8283,20,1.92,0.824,93,1.92,0.824,7,1.925,0.8261,151,0
SPY190726C299,2019-07-25,2019-07-25 09:39:41,1.92,0.824,170,1.87,0.8025,11,1.92,0.824,53,1.895,0.8133,244,93
SPY190726C299,2019-07-25,2019-07-25 09:39:42,1.92,0.824,170,1.87,0.8025,10,1.92,0.824,53,1.895,0.8133,244,0
SPY190726C299,2019-07-25,2019-07-25 09:39:43,1.87,0.8025,1,1.85,0.7939,26,1.87,0.8025,1,1.86,0.7982,245,1
SPY190726C299,2019-07-25,2019-07-25 09:39:43,1.89,0.8111,7,1.85,0.7939,70,1.92,0.824,53,1.87,0.8025,244,0
SPY190726C299,2019-07-25,2019-07-25 09:39:44,1.87,0.8025,1,1.85,0.7939,26,1.87,0.8025,1,1.86,0.7982,245,0
SPY190726C299,2019-07-25,2019-07-25 09:39:45,1.87,0.8025,10,1.85,0.7939,26,1.87,0.8025,1,1.86,0.7982,245,0
SPY190726C299,2019-07-25,2019-07-25 09:39:45,1.87,0.8025,6,1.85,0.7939,26,1.87,0.8025,1,1.86,0.7982,245,0
SPY190726C299,2019-07-25,2019-07-25 09:39:46,1.87,0.8025,6,1.85,0.7939,26,1.87,0.8025,1,1.86,0.7982,245,0
SPY190726C299,2019-07-25,2019-07-25 09:39:46,1.87,0.8025,10,1.85,0.7939,20,1.87,0.8025,1,1.86,0.7982,245,0
SPY190726C299,2019-07-25,2019-07-25 09:39:47,1.9,0.8154,158,1.86,0.7982,151,1.87,0.8025,1,1.88,0.8068,245,0
SPY190726C299,2019-07-25,2019-07-25 09:39:48,1.89,0.8111,66,1.86,0.7982,151,1.87,0.8025,1,1.875,0.8047,245,0
SPY190726C299,2019-07-25,2019-07-25 09:39:49,1.9,0.8154,69,1.86,0.7982,131,1.87,0.8025,1,1.88,0.8068,245,0
SPY190726C299,2019-07-25,2019-07-25 09:39:49,1.88,0.8068,1,1.85,0.7939,172,1.87,0.8025,1,1.865,0.8004,245,0
SPY190726C299,2019-07-25,2019-07-25 09:39:50,1.9,0.8154,101,1.87,0.8025,8,1.88,0.8068,1,1.885,0.809,247,2
SPY190726C299,2019-07-25,2019-07-25 09:39:51,1.93,0.8283,10,1.89,0.8111,8,1.88,0.8068,1,1.91,0.8197,247,0
SPY190726C299,2019-07-25,2019-07-25 09:39:51,1.9,0.8154,10,1.89,0.8111,8,1.88,0.8068,1,1.895,0.8133,247,0
SPY190726C299,2019-07-25,2019-07-25 09:39:52,1.93,0.8283,35,1.89,0.8111,212,1.88,0.8068,1,1.91,0.8197,247,0
SPY190726C299,2019-07-25,2019-07-25 09:39:53,1.92,0.824,10,1.88,0.8068,8,1.88,0.8068,1,1.9,0.8154,247,0
SPY190726C299,2019-07-25,2019-07-25 09:39:54,1.91,0.8197,54,1.88,0.8068,10,1.88,0.8068,1,1.895,0.8133,247,0
SPY190726C299,2019-07-25,2019-07-25 09:39:54,1.91,0.8197,7,1.89,0.8111,8,1.88,0.8068,1,1.9,0.8154,247,0
SPY190726C299,2019-07-25,2019-07-25 09:39:55,1.91,0.8197,10,1.88,0.8068,8,1.88,0.8068,1,1.895,0.8133,247,0
SPY190726C299,2019-07-25,2019-07-25 09:39:56,1.9,0.8154,1,1.87,0.8025,88,1.88,0.8068,1,1.885,0.809,247,0
SPY190726C299,2019-07-25,2019-07-25 09:39:56,1.91,0.8197,26,1.89,0.8111,8,1.88,0.8068,1,1.9,0.8154,247,0
SPY190726C299,2019-07-25,2019-07-25 09:39:57,1.92,0.824,101,1.87,0.8025,88,1.88,0.8068,1,1.895,0.8133,247,0
SPY190726C299,2019-07-25,2019-07-25 09:39:57,1.92,0.824,101,1.88,0.8068,8,1.88,0.8068,1,1.9,0.8154,247,0
SPY190726C299,2019-07-25,2019-07-25 09:39:58,1.89,0.8111,1,1.85,0.7939,20,1.88,0.8068,1,1.87,0.8025,247,0
SPY190726C299,2019-07-25,2019-07-25 09:39:58,1.87,0.8025,1,1.85,0.7939,20,1.88,0.8068,1,1.86,0.7982,247,0
SPY190726C299,2019-07-25,2019-07-25 09:40:01,1.85,0.7939,3,1.82,0.7811,11,1.85,0.7939,20,1.835,0.7875,267,20
SPY190726C299,2019-07-25,2019-07-25 09:40:01,1.85,0.7939,3,1.82,0.7811,11,1.85,0.7939,20,1.835,0.7875,267,0
SPY190726C299,2019-07-25,2019-07-25 09:40:02,1.87,0.8025,167,1.84,0.7896,8,1.85,0.7939,20,1.855,0.7961,267,0
SPY190726C299,2019-07-25,2019-07-25 09:40:02,1.87,0.8025,105,1.82,0.7811,11,1.85,0.7939,20,1.845,0.7918,267,0
SPY190726C299,2019-07-25,2019-07-25 09:40:03,1.85,0.7939,166,1.82,0.7811,8,1.85,0.7939,20,1.835,0.7875,267,0
SPY190726C299,2019-07-25,2019-07-25 09:40:04,1.87,0.8025,1,1.82,0.7811,105,1.85,0.7939,20,1.845,0.7918,267,0
SPY190726C299,2019-07-25,2019-07-25 09:40:05,1.89,0.8111,1,1.88,0.8068,8,1.88,0.8068,1,1.885,0.809,268,1
SPY190726C299,2019-07-25,2019-07-25 09:40:06,1.91,0.8197,7,1.89,0.8111,8,1.88,0.8068,1,1.9,0.8154,268,0
SPY190726C299,2019-07-25,2019-07-25 09:40:06,1.92,0.824,11,1.89,0.8111,6,1.88,0.8068,1,1.905,0.8175,268,0
SPY190726C299,2019-07-25,2019-07-25 09:40:07,1.93,0.8283,48,1.89,0.8111,10,1.88,0.8068,1,1.91,0.8197,268,0
SPY190726C299,2019-07-25,2019-07-25 09:40:08,1.94,0.8326,101,1.9,0.8154,128,1.88,0.8068,1,1.92,0.824,268,0
SPY190726C299,2019-07-25,2019-07-25 09:40:08,1.94,0.8326,171,1.89,0.8111,170,1.88,0.8068,1,1.915,0.8218,268,0
SPY190726C299,2019-07-25,2019-07-25 09:40:09,1.96,0.8412,64,1.93,0.8283,6,1.88,0.8068,1,1.945,0.8347,268,0
SPY190726C299,2019-07-25,2019-07-25 09:40:09,1.95,0.8369,6,1.92,0.824,7,1.88,0.8068,1,1.935,0.8304,268,0
SPY190726C299,2019-07-25,2019-07-25 09:40:10,1.95,0.8369,152,1.92,0.824,7,1.88,0.8068,1,1.935,0.8304,268,0
SPY190726C299,2019-07-25,2019-07-25 09:40:11,1.97,0.8454,10,1.92,0.824,7,1.88,0.8068,1,1.945,0.8347,268,0
SPY190726C299,2019-07-25,2019-07-25 09:40:11,1.95,0.8369,81,1.91,0.8197,100,1.88,0.8068,1,1.93,0.8283,268,0
SPY190726C299,2019-07-25,2019-07-25 09:40:12,1.96,0.8412,1,1.93,0.8283,101,1.88,0.8068,1,1.945,0.8347,268,0
SPY190726C299,2019-07-25,2019-07-25 09:40:13,1.96,0.8412,57,1.92,0.824,106,1.88,0.8068,1,1.94,0.8326,268,0
SPY190726C299,2019-07-25,2019-07-25 09:40:13,1.94,0.8326,7,1.91,0.8197,7,1.88,0.8068,1,1.925,0.8261,268,0
SPY190726C299,2019-07-25,2019-07-25 09:40:14,1.94,0.8326,10,1.92,0.824,12,1.88,0.8068,1,1.93,0.8283,268,0
SPY190726C299,2019-07-25,2019-07-25 09:40:14,1.95,0.8369,69,1.93,0.8283,12,1.88,0.8068,1,1.94,0.8326,268,0
SPY190726C299,2019-07-25,2019-07-25 09:40:15,1.94,0.8326,7,1.93,0.8283,12,1.88,0.8068,1,1.935,0.8304,268,0
SPY190726C299,2019-07-25,2019-07-25 09:40:16,1.93,0.8283,20,1.9,0.8154,100,1.92,0.824,1,1.915,0.8218,269,1
SPY190726C299,2019-07-25,2019-07-25 09:40:16,1.94,0.8326,10,1.9,0.8154,240,1.88,0.8068,1,1.92,0.824,268,0
SPY190726C299,2019-07-25,2019-07-25 09:40:17,1.95,0.8369,70,1.9,0.8154,100,1.92,0.824,1,1.925,0.8261,270,1
SPY190726C299,2019-07-25,2019-07-25 09:40:17,1.95,0.8369,75,1.92,0.824,105,1.92,0.824,1,1.935,0.8304,270,0
SPY190726C299,2019-07-25,2019-07-25 09:40:18,1.95,0.8369,1,1.93,0.8283,6,1.92,0.824,1,1.94,0.8326,270,0
SPY190726C299,2019-07-25,2019-07-25 09:40:19,1.97,0.8454,170,1.93,0.8283,12,1.92,0.824,1,1.95,0.8369,270,0
SPY190726C299,2019-07-25,2019-07-25 09:40:20,1.97,0.8454,65,1.93,0.8283,170,1.92,0.824,1,1.95,0.8369,270,0
SPY190726C299,2019-07-25,2019-07-25 09:40:21,1.98,0.8497,100,1.94,0.8326,12,1.92,0.824,1,1.96,0.8412,270,0
SPY190726C299,2019-07-25,2019-07-25 09:40:21,1.96,0.8412,20,1.93,0.8283,10,1.92,0.824,1,1.945,0.8347,270,0
SPY190726C299,2019-07-25,2019-07-25 09:40:22,1.97,0.8454,47,1.93,0.8283,64,1.92,0.824,1,1.95,0.8369,270,0
SPY190726C299,2019-07-25,2019-07-25 09:40:23,1.96,0.8412,10,1.95,0.8369,12,1.92,0.824,1,1.955,0.839,270,0
SPY190726C299,2019-07-25,2019-07-25 09:40:23,1.97,0.8454,61,1.95,0.8369,12,1.92,0.824,1,1.96,0.8412,270,0
SPY190726C299,2019-07-25,2019-07-25 09:40:24,1.98,0.8497,10,1.94,0.8326,7,1.92,0.824,1,1.96,0.8412,270,0
SPY190726C299,2019-07-25,2019-07-25 09:40:25,1.97,0.8454,100,1.95,0.8369,12,1.92,0.824,1,1.96,0.8412,270,0
SPY190726C299,2019-07-25,2019-07-25 09:40:25,1.97,0.8454,100,1.94,0.8326,12,1.92,0.824,1,1.955,0.839,270,0
SPY190726C299,2019-07-25,2019-07-25 09:40:26,1.97,0.8454,60,1.94,0.8326,12,1.92,0.824,1,1.955,0.839,270,0
SPY190726C299,2019-07-25,2019-07-25 09:40:26,1.97,0.8454,164,1.94,0.8326,12,1.92,0.824,1,1.955,0.839,270,0
SPY190726C299,2019-07-25,2019-07-25 09:40:27,1.98,0.8497,125,1.94,0.8326,12,1.92,0.824,1,1.96,0.8412,270,0
SPY190726C299,2019-07-25,2019-07-25 09:40:28,1.99,0.854,8,1.96,0.8412,111,1.92,0.824,1,1.975,0.8476,270,0
SPY190726C299,2019-07-25,2019-07-25 09:40:29,1.98,0.8497,10,1.96,0.8412,12,1.92,0.824,1,1.97,0.8454,270,0
SPY190726C299,2019-07-25,2019-07-25 09:40:29,2.0,0.8583,111,1.97,0.8454,12,1.92,0.824,1,1.985,0.8519,270,0
SPY190726C299,2019-07-25,2019-07-25 09:40:30,2.0,0.8583,89,1.97,0.8454,12,1.92,0.824,1,1.985,0.8519,270,0
SPY190726C299,2019-07-25,2019-07-25 09:40:31,1.99,0.854,1,1.96,0.8412,12,1.92,0.824,1,1.975,0.8476,270,0
SPY190726C299,2019-07-25,2019-07-25 09:40:32,2.0,0.8583,10,1.97,0.8454,73,1.92,0.824,1,1.985,0.8519,270,0
SPY190726C299,2019-07-25,2019-07-25 09:40:33,2.0,0.8583,10,1.98,0.8497,12,1.92,0.824,1,1.99,0.854,270,0
SPY190726C299,2019-07-25,2019-07-25 09:40:33,2.02,0.8669,100,1.98,0.8497,12,1.92,0.824,1,2.0,0.8583,270,0
SPY190726C299,2019-07-25,2019-07-25 09:40:34,2.02,0.8669,10,1.99,0.854,12,1.92,0.824,1,2.005,0.8605,270,0
SPY190726C299,2019-07-25,2019-07-25 09:40:35,2.02,0.8669,10,1.99,0.854,47,1.92,0.824,1,2.005,0.8605,270,0
SPY190726C299,2019-07-25,2019-07-25 09:40:35,2.02,0.8669,10,1.99,0.854,12,1.92,0.824,1,2.005,0.8605,270,0
SPY190726C299,2019-07-25,2019-07-25 09:40:36,2.02,0.8669,101,2.0,0.8583,2,1.92,0.824,1,2.01,0.8626,270,0
SPY190726C299,2019-07-25,2019-07-25 09:40:36,2.02,0.8669,10,2.0,0.8583,2,1.92,0.824,1,2.01,0.8626,270,0
SPY190726C299,2019-07-25,2019-07-25 09:40:37,2.02,0.8669,12,1.99,0.854,7,1.92,0.824,1,2.005,0.8605,270,0
SPY190726C299,2019-07-25,2019-07-25 09:40:38,2.02,0.8669,12,2.0,0.8583,2,1.92,0.824,1,2.01,0.8626,270,0
SPY190726C299,2019-07-25,2019-07-25 09:40:38,2.02,0.8669,12,1.99,0.854,2,1.92,0.824,1,2.005,0.8605,270,0
SPY190726C299,2019-07-25,2019-07-25 09:40:39,2.02,0.8669,12,2.0,0.8583,2,1.92,0.824,1,2.01,0.8626,270,0
SPY190726C299,2019-07-25,2019-07-25 09:40:40,2.02,0.8669,17,2.0,0.8583,2,1.92,0.824,1,2.01,0.8626,270,0
SPY190726C299,2019-07-25,2019-07-25 09:40:41,2.03,0.8712,44,2.0,0.8583,2,2.02,0.8669,11,2.015,0.8648,282,12
SPY190726C299,2019-07-25,2019-07-25 09:40:41,2.02,0.8669,17,2.0,0.8583,2,1.92,0.824,1,2.01,0.8626,270,0
SPY190726C299,2019-07-25,2019-07-25 09:40:42,2.05,0.8798,100,2.01,0.8626,7,2.02,0.8669,11,2.03,0.8712,282,0
SPY190726C299,2019-07-25,2019-07-25 09:40:43,2.04,0.8755,6,2.01,0.8626,7,2.02,0.8669,11,2.025,0.869,282,0
SPY190726C299,2019-07-25,2019-07-25 09:40:43,2.05,0.8798,130,2.01,0.8626,7,2.02,0.8669,11,2.03,0.8712,282,0
SPY190726C299,2019-07-25,2019-07-25 09:40:44,2.05,0.8798,149,2.01,0.8626,74,2.02,0.8669,11,2.03,0.8712,282,0
SPY190726C299,2019-07-25,2019-07-25 09:40:45,2.04,0.8755,7,2.0,0.8583,169,2.02,0.8669,11,2.02,0.8669,282,0
SPY190726C299,2019-07-25,2019-07-25 09:40:46,2.04,0.8755,10,2.01,0.8626,11,2.02,0.8669,11,2.025,0.869,282,0
SPY190726C299,2019-07-25,2019-07-25 09:40:46,2.04,0.8755,10,2.01,0.8626,7,2.02,0.8669,11,2.025,0.869,282,0
SPY190726C299,2019-07-25,2019-07-25 09:40:47,2.02,0.8669,1,2.01,0.8626,10,2.02,0.8669,11,2.015,0.8648,282,0
SPY190726C299,2019-07-25,2019-07-25 09:40:47,2.04,0.8755,7,2.01,0.8626,7,2.02,0.8669,11,2.025,0.869,282,0
SPY190726C299,2019-07-25,2019-07-25 09:40:48,2.06,0.8841,100,2.01,0.8626,71,2.02,0.8669,11,2.035,0.8733,282,0
SPY190726C299,2019-07-25,2019-07-25 09:40:49,2.05,0.8798,47,2.01,0.8626,32,2.02,0.8669,11,2.03,0.8712,282,0
SPY190726C299,2019-07-25,2019-07-25 09:40:50,2.04,0.8755,147,2.0,0.8583,168,2.02,0.8669,11,2.02,0.8669,282,0
SPY190726C299,2019-07-25,2019-07-25 09:40:50,2.04,0.8755,52,2.01,0.8626,7,2.02,0.8669,11,2.025,0.869,282,0
SPY190726C299,2019-07-25,2019-07-25 09:40:51,2.05,0.8798,6,2.04,0.8755,1,2.02,0.8669,11,2.045,0.8776,282,0
SPY190726C299,2019-07-25,2019-07-25 09:40:52,2.05,0.8798,1,2.02,0.8669,168,2.02,0.8669,11,2.035,0.8733,282,0
SPY190726C299,2019-07-25,2019-07-25 09:40:52,2.07,0.8884,20,2.04,0.8755,11,2.02,0.8669,11,2.055,0.8819,282,0
SPY190726C299,2019-07-25,2019-07-25 09:40:53,2.06,0.8841,7,2.04,0.8755,8,2.02,0.8669,11,2.05,0.8798,282,0
SPY190726C299,2019-07-25,2019-07-25 09:40:54,2.06,0.8841,10,2.02,0.8669,110,2.02,0.8669,11,2.04,0.8755,282,0
SPY190726C299,2019-07-25,2019-07-25 09:40:54,2.06,0.8841,11,2.03,0.8712,7,2.02,0.8669,11,2.045,0.8776,282,0
SPY190726C299,2019-07-25,2019-07-25 09:40:55,2.06,0.8841,10,2.04,0.8755,100,2.02,0.8669,11,2.05,0.8798,282,0
SPY190726C299,2019-07-25,2019-07-25 09:40:56,2.07,0.8884,20,2.05,0.8798,7,2.07,0.8884,20,2.06,0.8841,302,20
SPY190726C299,2019-07-25,2019-07-25 09:40:57,2.08,0.8927,6,2.05,0.8798,68,2.07,0.8884,30,2.065,0.8862,332,30
SPY190726C299,2019-07-25,2019-07-25 09:40:57,2.08,0.8927,168,2.04,0.8755,100,2.07,0.8884,30,2.06,0.8841,332,0
SPY190726C299,2019-07-25,2019-07-25 09:40:59,2.06,0.8841,13,2.03,0.8712,10,2.07,0.8884,30,2.045,0.8776,332,0
SPY190726C299,2019-07-25,2019-07-25 09:41:00,2.06,0.8841,1,2.03,0.8712,20,2.07,0.8884,30,2.045,0.8776,332,0
SPY190726C299,2019-07-25,2019-07-25 09:41:02,2.06,0.8841,10,2.03,0.8712,10,2.07,0.8884,30,2.045,0.8776,332,0
SPY190726C299,2019-07-25,2019-07-25 09:41:04,2.08,0.8927,130,2.04,0.8755,164,2.04,0.8755,1,2.06,0.8841,333,1
SPY190726C299,2019-07-25,2019-07-25 09:41:06,2.06,0.8841,7,2.02,0.8669,164,2.04,0.8755,1,2.04,0.8755,333,0
SPY190726C299,2019-07-25,2019-07-25 09:41:07,2.04,0.8755,1,2.01,0.8626,1,2.04,0.8755,1,2.025,0.869,333,0
SPY190726C299,2019-07-25,2019-07-25 09:41:10,2.02,0.8669,6,1.98,0.8497,6,2.04,0.8755,1,2.0,0.8583,333,0
SPY190726C299,2019-07-25,2019-07-25 09:41:11,2.04,0.8755,169,1.99,0.854,30,2.04,0.8755,1,2.015,0.8648,333,0
SPY190726C299,2019-07-25,2019-07-25 09:41:11,2.03,0.8712,10,1.99,0.854,56,2.04,0.8755,1,2.01,0.8626,333,0
SPY190726C299,2019-07-25,2019-07-25 09:41:12,2.02,0.8669,7,1.98,0.8497,6,2.04,0.8755,1,2.0,0.8583,333,0
SPY190726C299,2019-07-25,2019-07-25 09:41:13,2.01,0.8626,101,1.98,0.8497,4,2.04,0.8755,1,1.995,0.8562,333,0
SPY190726C299,2019-07-25,2019-07-25 09:41:13,2.03,0.8712,1,2.0,0.8583,6,2.04,0.8755,1,2.015,0.8648,333,0
SPY190726C299,2019-07-25,2019-07-25 09:41:14,2.02,0.8669,7,1.99,0.854,110,2.04,0.8755,1,2.005,0.8605,333,0
SPY190726C299,2019-07-25,2019-07-25 09:41:15,2.04,0.8755,10,2.0,0.8583,170,2.04,0.8755,1,2.02,0.8669,333,0
SPY190726C299,2019-07-25,2019-07-25 09:41:16,2.04,0.8755,10,2.01,0.8626,16,2.04,0.8755,1,2.025,0.869,333,0
SPY190726C299,2019-07-25,2019-07-25 09:41:17,2.04,0.8755,134,2.01,0.8626,9,2.04,0.8755,1,2.025,0.869,333,0
SPY190726C299,2019-07-25,2019-07-25 09:41:18,2.03,0.8712,6,2.01,0.8626,9,2.04,0.8755,1,2.02,0.8669,333,0
SPY190726C299,2019-07-25,2019-07-25 09:41:19,2.0,0.8583,100,1.97,0.8454,188,2.04,0.8755,1,1.985,0.8519,333,0
SPY190726C299,2019-07-25,2019-07-25 09:41:19,2.02,0.8669,168,1.98,0.8497,13,2.04,0.8755,1,2.0,0.8583,333,0
SPY190726C299,2019-07-25,2019-07-25 09:41:20,1.98,0.8497,7,1.95,0.8369,100,2.04,0.8755,1,1.965,0.8433,333,0
SPY190726C299,2019-07-25,2019-07-25 09:41:21,1.96,0.8412,1,1.93,0.8283,4,2.04,0.8755,1,1.945,0.8347,333,0
SPY190726C299,2019-07-25,2019-07-25 09:41:22,1.96,0.8412,1,1.93,0.8283,57,2.04,0.8755,1,1.945,0.8347,333,0
SPY190726C299,2019-07-25,2019-07-25 09:41:22,1.94,0.8326,1,1.91,0.8197,81,2.04,0.8755,1,1.925,0.8261,333,0
SPY190726C299,2019-07-25,2019-07-25 09:41:23,1.96,0.8412,6,1.91,0.8197,233,2.04,0.8755,1,1.935,0.8304,333,0
SPY190726C299,2019-07-25,2019-07-25 09:41:24,1.96,0.8412,1,1.94,0.8326,6,2.04,0.8755,1,1.95,0.8369,333,0
SPY190726C299,2019-07-25,2019-07-25 09:41:24,1.96,0.8412,1,1.93,0.8283,75,2.04,0.8755,1,1.945,0.8347,333,0
SPY190726C299,2019-07-25,2019-07-25 09:41:25,1.98,0.8497,10,1.95,0.8369,40,2.04,0.8755,1,1.965,0.8433,333,0
SPY190726C299,2019-07-25,2019-07-25 09:41:26,2.0,0.8583,7,1.98,0.8497,7,2.04,0.8755,1,1.99,0.854,333,0
SPY190726C299,2019-07-25,2019-07-25 09:41:27,1.99,0.854,71,1.96,0.8412,2,2.04,0.8755,1,1.975,0.8476,333,0
SPY190726C299,2019-07-25,2019-07-25 09:41:28,1.99,0.854,81,1.96,0.8412,2,2.04,0.8755,1,1.975,0.8476,333,0
SPY190726C299,2019-07-25,2019-07-25 09:41:28,1.99,0.854,81,1.97,0.8454,2,2.04,0.8755,1,1.98,0.8497,333,0
SPY190726C299,2019-07-25,2019-07-25 09:41:29,1.99,0.854,81,1.97,0.8454,2,2.04,0.8755,1,1.98,0.8497,333,0
SPY190726C299,2019-07-25,2019-07-25 09:41:30,1.97,0.8454,7,1.94,0.8326,82,1.97,0.8454,1,1.955,0.839,334,0
SPY190726C299,2019-07-25,2019-07-25 09:41:30,1.97,0.8454,1,1.95,0.8369,6,1.97,0.8454,1,1.96,0.8412,334,1
SPY190726C299,2019-07-25,2019-07-25 09:41:31,1.97,0.8454,7,1.95,0.8369,2,1.97,0.8454,1,1.96,0.8412,334,0
SPY190726C299,2019-07-25,2019-07-25 09:41:32,1.97,0.8454,7,1.97,0.8454,6,1.97,0.8454,1,1.97,0.8454,334,0
SPY190726C299,2019-07-25,2019-07-25 09:41:33,1.98,0.8497,10,1.95,0.8369,77,1.97,0.8454,1,1.965,0.8433,334,0
SPY190726C299,2019-07-25,2019-07-25 09:41:33,1.99,0.854,47,1.95,0.8369,77,1.97,0.8454,1,1.97,0.8454,334,0
SPY190726C299,2019-07-25,2019-07-25 09:41:34,1.99,0.854,47,1.96,0.8412,6,1.97,0.8454,1,1.975,0.8476,334,0
SPY190726C299,2019-07-25,2019-07-25 09:41:35,1.99,0.854,60,1.96,0.8412,6,1.97,0.8454,1,1.975,0.8476,334,0
SPY190726C299,2019-07-25,2019-07-25 09:41:36,1.99,0.854,62,1.96,0.8412,2,1.97,0.8454,1,1.975,0.8476,334,0
SPY190726C299,2019-07-25,2019-07-25 09:41:37,1.98,0.8497,169,1.95,0.8369,2,1.97,0.8454,1,1.965,0.8433,334,0
SPY190726C299,2019-07-25,2019-07-25 09:41:38,1.97,0.8454,20,1.95,0.8369,2,1.97,0.8454,1,1.96,0.8412,334,0
SPY190726C299,2019-07-25,2019-07-25 09:41:38,1.97,0.8454,20,1.93,0.8283,170,1.97,0.8454,1,1.95,0.8369,334,0
SPY190726C299,2019-07-25,2019-07-25 09:41:39,1.97,0.8454,145,1.93,0.8283,4,1.97,0.8454,1,1.95,0.8369,334,0
SPY190726C299,2019-07-25,2019-07-25 09:41:40,1.97,0.8454,10,1.94,0.8326,2,1.97,0.8454,1,1.955,0.839,334,0
SPY190726C299,2019-07-25,2019-07-25 09:41:41,1.96,0.8412,1,1.93,0.8283,171,1.97,0.8454,1,1.945,0.8347,334,0
SPY190726C299,2019-07-25,2019-07-25 09:41:41,1.96,0.8412,1,1.94,0.8326,2,1.97,0.8454,1,1.95,0.8369,334,0
SPY190726C299,2019-07-25,2019-07-25 09:41:42,1.98,0.8497,6,1.95,0.8369,2,1.97,0.8454,1,1.965,0.8433,334,0
SPY190726C299,2019-07-25,2019-07-25 09:41:43,1.98,0.8497,1,1.95,0.8369,2,1.97,0.8454,1,1.965,0.8433,334,0
SPY190726C299,2019-07-25,2019-07-25 09:41:44,1.98,0.8497,1,1.96,0.8412,2,1.97,0.8454,1,1.97,0.8454,334,0
SPY190726C299,2019-07-25,2019-07-25 09:41:44,1.98,0.8497,6,1.96,0.8412,2,1.97,0.8454,1,1.97,0.8454,334,0
SPY190726C299,2019-07-25,2019-07-25 09:41:46,1.96,0.8412,7,1.94,0.8326,3,1.97,0.8454,1,1.95,0.8369,334,0
SPY190726C299,2019-07-25,2019-07-25 09:41:46,1.96,0.8412,10,1.93,0.8283,165,1.97,0.8454,1,1.945,0.8347,334,0
SPY190726C299,2019-07-25,2019-07-25 09:41:47,1.96,0.8412,1,1.95,0.8369,3,1.97,0.8454,1,1.955,0.839,334,0
SPY190726C299,2019-07-25,2019-07-25 09:41:47,1.96,0.8412,7,1.94,0.8326,3,1.97,0.8454,1,1.95,0.8369,334,0
SPY190726C299,2019-07-25,2019-07-25 09:41:48,1.96,0.8412,1,1.94,0.8326,3,1.97,0.8454,1,1.95,0.8369,334,0
SPY190726C299,2019-07-25,2019-07-25 09:41:49,1.96,0.8412,1,1.95,0.8369,3,1.97,0.8454,1,1.955,0.839,334,0
SPY190726C299,2019-07-25,2019-07-25 09:41:49,1.96,0.8412,1,1.94,0.8326,3,1.96,0.8412,1,1.95,0.8369,336,2
SPY190726C299,2019-07-25,2019-07-25 09:41:50,1.98,0.8497,10,1.95,0.8369,3,1.96,0.8412,1,1.965,0.8433,337,1
SPY190726C299,2019-07-25,2019-07-25 09:41:51,1.97,0.8454,11,1.95,0.8369,3,1.96,0.8412,1,1.96,0.8412,337,0
SPY190726C299,2019-07-25,2019-07-25 09:41:52,1.97,0.8454,11,1.95,0.8369,3,1.96,0.8412,1,1.96,0.8412,337,0
SPY190726C299,2019-07-25,2019-07-25 09:41:52,1.97,0.8454,10,1.95,0.8369,3,1.96,0.8412,1,1.96,0.8412,337,0
SPY190726C299,2019-07-25,2019-07-25 09:41:53,1.99,0.854,10,1.96,0.8412,3,1.96,0.8412,1,1.975,0.8476,337,0
SPY190726C299,2019-07-25,2019-07-25 09:41:53,1.99,0.854,10,1.96,0.8412,11,1.99,0.854,3,1.975,0.8476,340,3
SPY190726C299,2019-07-25,2019-07-25 09:41:54,2.01,0.8626,164,1.96,0.8412,11,1.99,0.854,3,1.985,0.8519,340,0
SPY190726C299,2019-07-25,2019-07-25 09:41:55,2.01,0.8626,106,1.98,0.8497,7,1.99,0.854,3,1.995,0.8562,340,0
SPY190726C299,2019-07-25,2019-07-25 09:41:55,2.01,0.8626,164,1.98,0.8497,3,1.99,0.854,3,1.995,0.8562,340,0
SPY190726C299,2019-07-25,2019-07-25 09:41:56,2.01,0.8626,10,1.98,0.8497,6,1.99,0.854,3,1.995,0.8562,340,0
SPY190726C299,2019-07-25,2019-07-25 09:41:57,2.01,0.8626,61,1.98,0.8497,8,1.99,0.854,3,1.995,0.8562,340,0
SPY190726C299,2019-07-25,2019-07-25 09:41:58,1.98,0.8497,164,1.94,0.8326,25,1.99,0.854,3,1.96,0.8412,340,0
SPY190726C299,2019-07-25,2019-07-25 09:41:59,1.99,0.854,64,1.97,0.8454,1,1.99,0.854,3,1.98,0.8497,340,0
SPY190726C299,2019-07-25,2019-07-25 09:41:59,2.01,0.8626,101,1.98,0.8497,6,1.99,0.854,3,1.995,0.8562,340,0
SPY190726C299,2019-07-25,2019-07-25 09:42:00,2.01,0.8626,10,1.97,0.8454,10,1.99,0.854,3,1.99,0.854,340,0
SPY190726C299,2019-07-25,2019-07-25 09:42:01,1.99,0.854,10,1.95,0.8369,101,1.99,0.854,3,1.97,0.8454,340,0
SPY190726C299,2019-07-25,2019-07-25 09:42:01,1.99,0.854,10,1.96,0.8412,10,1.99,0.854,3,1.975,0.8476,340,0
SPY190726C299,2019-07-25,2019-07-25 09:42:02,1.99,0.854,20,1.96,0.8412,7,1.99,0.854,3,1.975,0.8476,340,0
SPY190726C299,2019-07-25,2019-07-25 09:42:03,1.99,0.854,10,1.96,0.8412,7,1.99,0.854,3,1.975,0.8476,340,0
SPY190726C299,2019-07-25,2019-07-25 09:42:03,1.99,0.854,20,1.96,0.8412,7,1.99,0.854,3,1.975,0.8476,340,0
SPY190726C299,2019-07-25,2019-07-25 09:42:04,1.99,0.854,1,1.96,0.8412,44,1.99,0.854,3,1.975,0.8476,340,0
SPY190726C299,2019-07-25,2019-07-25 09:42:04,1.98,0.8497,100,1.96,0.8412,3,1.99,0.854,3,1.97,0.8454,340,0
