symbol,Date,quote_time,ask_price,norm_ask_price,ask_size,bid_price,norm_bid_price,bid_size,last_trade_price,norm_last_trade_price,last_trade_size,mark_price,norm_mark_price,volume,Volume
SPY190719C298,2019-07-18,2019-07-18 09:39:47,0.62,1.0,728,0.61,0.9838,3,0.61,0.9838,3,0.615,0.9919,1920,1920
SPY190719C298,2019-07-18,2019-07-18 09:40:14,0.55,0.887,10,0.54,0.8709,276,0.55,0.887,1,0.545,0.879,2082,162
SPY190719C298,2019-07-18,2019-07-18 09:40:19,0.54,0.8709,646,0.53,0.8548,60,0.55,0.887,9,0.535,0.8629,2097,15
SPY190719C298,2019-07-18,2019-07-18 09:40:24,0.54,0.8709,52,0.53,0.8548,210,0.53,0.8548,1,0.535,0.8629,2101,4
SPY190719C298,2019-07-18,2019-07-18 09:40:26,0.54,0.8709,141,0.53,0.8548,215,0.53,0.8548,1,0.535,0.8629,2101,0
SPY190719C298,2019-07-18,2019-07-18 09:40:30,0.54,0.8709,1001,0.53,0.8548,21,0.53,0.8548,5,0.535,0.8629,2112,11
SPY190719C298,2019-07-18,2019-07-18 09:40:33,0.54,0.8709,561,0.53,0.8548,19,0.53,0.8548,2,0.535,0.8629,2114,2
SPY190719C298,2019-07-18,2019-07-18 09:40:34,0.53,0.8548,1,0.53,0.8548,19,0.53,0.8548,19,0.53,0.8548,2137,23
SPY190719C298,2019-07-18,2019-07-18 09:40:35,0.53,0.8548,90,0.52,0.8387,208,0.53,0.8548,19,0.525,0.8467,2137,0
SPY190719C298,2019-07-18,2019-07-18 09:40:35,0.53,0.8548,90,0.52,0.8387,190,0.53,0.8548,19,0.525,0.8467,2137,0
SPY190719C298,2019-07-18,2019-07-18 09:40:37,0.53,0.8548,741,0.52,0.8387,4,0.53,0.8548,19,0.525,0.8467,2137,0
SPY190719C298,2019-07-18,2019-07-18 09:40:39,0.53,0.8548,800,0.52,0.8387,6,0.53,0.8548,19,0.525,0.8467,2137,0
SPY190719C298,2019-07-18,2019-07-18 09:40:40,0.53,0.8548,1028,0.52,0.8387,1,0.53,0.8548,1,0.525,0.8467,2138,1
SPY190719C298,2019-07-18,2019-07-18 09:40:41,0.53,0.8548,337,0.51,0.8225,801,0.52,0.8387,1,0.52,0.8387,2139,1
SPY190719C298,2019-07-18,2019-07-18 09:40:42,0.53,0.8548,683,0.51,0.8225,1428,0.52,0.8387,1,0.52,0.8387,2139,0
SPY190719C298,2019-07-18,2019-07-18 09:40:44,0.53,0.8548,21,0.52,0.8387,750,0.53,0.8548,9,0.525,0.8467,2153,14
SPY190719C298,2019-07-18,2019-07-18 09:40:45,0.53,0.8548,5,0.52,0.8387,317,0.54,0.8709,52,0.525,0.8467,3153,1000
SPY190719C298,2019-07-18,2019-07-18 09:40:47,0.53,0.8548,213,0.51,0.8225,616,0.52,0.8387,1,0.52,0.8387,3154,1
SPY190719C298,2019-07-18,2019-07-18 09:40:48,0.52,0.8387,2,0.51,0.8225,1298,0.52,0.8387,1,0.515,0.8306,3154,0
SPY190719C298,2019-07-18,2019-07-18 09:40:52,0.52,0.8387,138,0.51,0.8225,186,0.52,0.8387,1,0.515,0.8306,3154,0
SPY190719C298,2019-07-18,2019-07-18 09:40:57,0.52,0.8387,86,0.51,0.8225,221,0.52,0.8387,1,0.515,0.8306,3154,0
SPY190719C298,2019-07-18,2019-07-18 09:41:00,0.52,0.8387,1013,0.51,0.8225,4,0.52,0.8387,1,0.515,0.8306,3154,0
SPY190719C298,2019-07-18,2019-07-18 09:41:02,0.52,0.8387,799,0.51,0.8225,147,0.51,0.8225,2,0.515,0.8306,3218,64
SPY190719C298,2019-07-18,2019-07-18 09:41:05,0.52,0.8387,849,0.51,0.8225,2,0.51,0.8225,25,0.515,0.8306,3248,30
SPY190719C298,2019-07-18,2019-07-18 09:41:08,0.52,0.8387,154,0.5,0.8064,593,0.51,0.8225,1,0.51,0.8225,3251,3
SPY190719C298,2019-07-18,2019-07-18 09:41:11,0.53,0.8548,671,0.52,0.8387,6,0.51,0.8225,1,0.525,0.8467,3274,23
SPY190719C298,2019-07-18,2019-07-18 09:41:13,0.53,0.8548,888,0.51,0.8225,2116,0.51,0.8225,1,0.52,0.8387,3274,0
SPY190719C298,2019-07-18,2019-07-18 09:41:15,0.53,0.8548,899,0.52,0.8387,4,0.51,0.8225,1,0.525,0.8467,3274,0
SPY190719C298,2019-07-18,2019-07-18 09:41:18,0.53,0.8548,1222,0.51,0.8225,153,0.52,0.8387,1,0.52,0.8387,3279,5
SPY190719C298,2019-07-18,2019-07-18 09:41:22,0.53,0.8548,780,0.51,0.8225,1396,0.53,0.8548,1,0.52,0.8387,3280,1
SPY190719C298,2019-07-18,2019-07-18 09:41:24,0.54,0.8709,972,0.52,0.8387,483,0.53,0.8548,1,0.53,0.8548,3280,0
SPY190719C298,2019-07-18,2019-07-18 09:41:24,0.54,0.8709,1019,0.52,0.8387,412,0.53,0.8548,1,0.53,0.8548,3280,0
SPY190719C298,2019-07-18,2019-07-18 09:41:25,0.53,0.8548,1,0.52,0.8387,821,0.53,0.8548,10,0.525,0.8467,3290,10
SPY190719C298,2019-07-18,2019-07-18 09:41:25,0.54,0.8709,1019,0.52,0.8387,412,0.53,0.8548,1,0.53,0.8548,3280,0
SPY190719C298,2019-07-18,2019-07-18 09:41:26,0.53,0.8548,216,0.52,0.8387,88,0.53,0.8548,10,0.525,0.8467,3290,0
SPY190719C298,2019-07-18,2019-07-18 09:41:26,0.52,0.8387,50,0.51,0.8225,661,0.53,0.8548,10,0.515,0.8306,3290,0
SPY190719C298,2019-07-18,2019-07-18 09:41:27,0.52,0.8387,141,0.51,0.8225,247,0.53,0.8548,10,0.515,0.8306,3290,0
SPY190719C298,2019-07-18,2019-07-18 09:41:27,0.52,0.8387,143,0.51,0.8225,358,0.53,0.8548,10,0.515,0.8306,3290,0
SPY190719C298,2019-07-18,2019-07-18 09:41:28,0.52,0.8387,88,0.51,0.8225,512,0.53,0.8548,10,0.515,0.8306,3290,0
SPY190719C298,2019-07-18,2019-07-18 09:41:29,0.52,0.8387,187,0.51,0.8225,169,0.52,0.8387,31,0.515,0.8306,3367,0
SPY190719C298,2019-07-18,2019-07-18 09:41:29,0.52,0.8387,56,0.51,0.8225,68,0.52,0.8387,31,0.515,0.8306,3367,77
SPY190719C298,2019-07-18,2019-07-18 09:41:30,0.52,0.8387,187,0.51,0.8225,169,0.52,0.8387,31,0.515,0.8306,3367,0
SPY190719C298,2019-07-18,2019-07-18 09:41:30,0.52,0.8387,183,0.51,0.8225,155,0.52,0.8387,31,0.515,0.8306,3367,0
SPY190719C298,2019-07-18,2019-07-18 09:41:31,0.52,0.8387,183,0.51,0.8225,361,0.52,0.8387,31,0.515,0.8306,3367,0
SPY190719C298,2019-07-18,2019-07-18 09:41:32,0.52,0.8387,316,0.51,0.8225,361,0.52,0.8387,31,0.515,0.8306,3367,0
SPY190719C298,2019-07-18,2019-07-18 09:41:33,0.52,0.8387,316,0.51,0.8225,361,0.52,0.8387,5,0.515,0.8306,3377,10
SPY190719C298,2019-07-18,2019-07-18 09:41:33,0.52,0.8387,388,0.51,0.8225,362,0.52,0.8387,5,0.515,0.8306,3377,0
SPY190719C298,2019-07-18,2019-07-18 09:41:34,0.52,0.8387,283,0.51,0.8225,362,0.52,0.8387,5,0.515,0.8306,3377,0
SPY190719C298,2019-07-18,2019-07-18 09:41:35,0.52,0.8387,420,0.51,0.8225,362,0.51,0.8225,5,0.515,0.8306,3382,5
SPY190719C298,2019-07-18,2019-07-18 09:41:35,0.52,0.8387,319,0.51,0.8225,362,0.52,0.8387,5,0.515,0.8306,3377,0
SPY190719C298,2019-07-18,2019-07-18 09:41:36,0.52,0.8387,215,0.51,0.8225,362,0.51,0.8225,5,0.515,0.8306,3382,0
SPY190719C298,2019-07-18,2019-07-18 09:41:37,0.52,0.8387,132,0.51,0.8225,1983,0.51,0.8225,5,0.515,0.8306,3382,0
SPY190719C298,2019-07-18,2019-07-18 09:41:37,0.52,0.8387,132,0.51,0.8225,1150,0.51,0.8225,5,0.515,0.8306,3382,0
SPY190719C298,2019-07-18,2019-07-18 09:41:38,0.53,0.8548,683,0.51,0.8225,1608,0.51,0.8225,5,0.52,0.8387,3382,0
SPY190719C298,2019-07-18,2019-07-18 09:41:38,0.53,0.8548,6,0.52,0.8387,5,0.51,0.8225,5,0.525,0.8467,3382,0
SPY190719C298,2019-07-18,2019-07-18 09:41:39,0.53,0.8548,141,0.52,0.8387,885,0.51,0.8225,5,0.525,0.8467,3382,0
SPY190719C298,2019-07-18,2019-07-18 09:41:40,0.53,0.8548,51,0.52,0.8387,1130,0.51,0.8225,5,0.525,0.8467,3382,0
SPY190719C298,2019-07-18,2019-07-18 09:41:40,0.54,0.8709,1054,0.52,0.8387,1938,0.51,0.8225,5,0.53,0.8548,3382,0
SPY190719C298,2019-07-18,2019-07-18 09:41:41,0.53,0.8548,10,0.52,0.8387,1938,0.51,0.8225,5,0.525,0.8467,3382,0
SPY190719C298,2019-07-18,2019-07-18 09:41:41,0.54,0.8709,1054,0.52,0.8387,1938,0.51,0.8225,5,0.53,0.8548,3382,0
SPY190719C298,2019-07-18,2019-07-18 09:41:42,0.53,0.8548,10,0.52,0.8387,1938,0.51,0.8225,5,0.525,0.8467,3382,0
SPY190719C298,2019-07-18,2019-07-18 09:41:42,0.54,0.8709,673,0.52,0.8387,531,0.51,0.8225,5,0.53,0.8548,3382,0
SPY190719C298,2019-07-18,2019-07-18 09:41:43,0.54,0.8709,93,0.53,0.8548,445,0.51,0.8225,5,0.535,0.8629,3382,0
SPY190719C298,2019-07-18,2019-07-18 09:41:43,0.55,0.887,26,0.52,0.8387,720,0.51,0.8225,5,0.535,0.8629,3382,0
SPY190719C298,2019-07-18,2019-07-18 09:41:44,0.55,0.887,938,0.53,0.8548,590,0.54,0.8709,1,0.54,0.8709,3383,1
SPY190719C298,2019-07-18,2019-07-18 09:41:44,0.55,0.887,938,0.53,0.8548,645,0.51,0.8225,5,0.54,0.8709,3382,0
SPY190719C298,2019-07-18,2019-07-18 09:41:45,0.55,0.887,888,0.53,0.8548,312,0.54,0.8709,1,0.54,0.8709,3383,0
SPY190719C298,2019-07-18,2019-07-18 09:41:46,0.54,0.8709,177,0.53,0.8548,91,0.53,0.8548,3,0.535,0.8629,3398,12
SPY190719C298,2019-07-18,2019-07-18 09:41:46,0.54,0.8709,51,0.53,0.8548,242,0.54,0.8709,3,0.535,0.8629,3386,3
SPY190719C298,2019-07-18,2019-07-18 09:41:47,0.54,0.8709,1061,0.53,0.8548,88,0.54,0.8709,40,0.535,0.8629,3446,0
SPY190719C298,2019-07-18,2019-07-18 09:41:47,0.54,0.8709,750,0.53,0.8548,88,0.54,0.8709,40,0.535,0.8629,3446,48
SPY190719C298,2019-07-18,2019-07-18 09:41:48,0.54,0.8709,686,0.53,0.8548,113,0.54,0.8709,40,0.535,0.8629,3446,0
SPY190719C298,2019-07-18,2019-07-18 09:41:48,0.54,0.8709,501,0.53,0.8548,261,0.54,0.8709,40,0.535,0.8629,3446,0
SPY190719C298,2019-07-18,2019-07-18 09:41:49,0.54,0.8709,237,0.53,0.8548,81,0.53,0.8548,1,0.535,0.8629,3453,7
SPY190719C298,2019-07-18,2019-07-18 09:41:49,0.54,0.8709,1032,0.53,0.8548,81,0.53,0.8548,1,0.535,0.8629,3453,0
SPY190719C298,2019-07-18,2019-07-18 09:41:50,0.54,0.8709,926,0.53,0.8548,81,0.53,0.8548,1,0.535,0.8629,3453,0
SPY190719C298,2019-07-18,2019-07-18 09:41:51,0.54,0.8709,926,0.53,0.8548,85,0.53,0.8548,1,0.535,0.8629,3453,0
SPY190719C298,2019-07-18,2019-07-18 09:41:52,0.54,0.8709,382,0.53,0.8548,85,0.53,0.8548,1,0.535,0.8629,3453,0
SPY190719C298,2019-07-18,2019-07-18 09:41:52,0.54,0.8709,580,0.53,0.8548,135,0.53,0.8548,1,0.535,0.8629,3453,0
SPY190719C298,2019-07-18,2019-07-18 09:41:53,0.54,0.8709,209,0.53,0.8548,257,0.53,0.8548,1,0.535,0.8629,3453,0
SPY190719C298,2019-07-18,2019-07-18 09:41:54,0.54,0.8709,209,0.53,0.8548,354,0.53,0.8548,1,0.535,0.8629,3453,0
SPY190719C298,2019-07-18,2019-07-18 09:41:54,0.54,0.8709,209,0.53,0.8548,495,0.53,0.8548,1,0.535,0.8629,3453,0
SPY190719C298,2019-07-18,2019-07-18 09:41:55,0.54,0.8709,209,0.53,0.8548,354,0.53,0.8548,1,0.535,0.8629,3453,0
SPY190719C298,2019-07-18,2019-07-18 09:41:56,0.54,0.8709,239,0.53,0.8548,354,0.53,0.8548,1,0.535,0.8629,3453,0
SPY190719C298,2019-07-18,2019-07-18 09:41:56,0.54,0.8709,301,0.53,0.8548,354,0.53,0.8548,1,0.535,0.8629,3453,0
SPY190719C298,2019-07-18,2019-07-18 09:41:57,0.54,0.8709,593,0.53,0.8548,354,0.53,0.8548,1,0.535,0.8629,3453,0
SPY190719C298,2019-07-18,2019-07-18 09:41:58,0.54,0.8709,678,0.53,0.8548,130,0.53,0.8548,1,0.535,0.8629,3454,1
SPY190719C298,2019-07-18,2019-07-18 09:41:58,0.54,0.8709,678,0.53,0.8548,90,0.53,0.8548,1,0.535,0.8629,3454,0
SPY190719C298,2019-07-18,2019-07-18 09:41:59,0.54,0.8709,795,0.52,0.8387,100,0.53,0.8548,67,0.53,0.8548,3534,80
SPY190719C298,2019-07-18,2019-07-18 09:41:59,0.53,0.8548,544,0.52,0.8387,15,0.53,0.8548,67,0.525,0.8467,3534,0
SPY190719C298,2019-07-18,2019-07-18 09:42:00,0.54,0.8709,706,0.53,0.8548,1,0.53,0.8548,100,0.535,0.8629,3634,100
SPY190719C298,2019-07-18,2019-07-18 09:42:01,0.54,0.8709,874,0.52,0.8387,897,0.53,0.8548,100,0.53,0.8548,3634,0
SPY190719C298,2019-07-18,2019-07-18 09:42:01,0.54,0.8709,874,0.53,0.8548,4,0.53,0.8548,100,0.535,0.8629,3634,0
SPY190719C298,2019-07-18,2019-07-18 09:42:02,0.54,0.8709,874,0.52,0.8387,1239,0.53,0.8548,100,0.53,0.8548,3634,0
SPY190719C298,2019-07-18,2019-07-18 09:42:02,0.54,0.8709,1038,0.52,0.8387,1713,0.53,0.8548,100,0.53,0.8548,3634,0
SPY190719C298,2019-07-18,2019-07-18 09:42:03,0.55,0.887,306,0.53,0.8548,237,0.53,0.8548,100,0.54,0.8709,3634,0
SPY190719C298,2019-07-18,2019-07-18 09:42:03,0.55,0.887,1043,0.53,0.8548,1046,0.53,0.8548,100,0.54,0.8709,3634,0
SPY190719C298,2019-07-18,2019-07-18 09:42:04,0.55,0.887,1043,0.53,0.8548,1046,0.53,0.8548,100,0.54,0.8709,3634,0
SPY190719C298,2019-07-18,2019-07-18 09:42:05,0.55,0.887,1168,0.53,0.8548,1967,0.53,0.8548,100,0.54,0.8709,3634,0
SPY190719C298,2019-07-18,2019-07-18 09:42:05,0.55,0.887,582,0.53,0.8548,1144,0.53,0.8548,100,0.54,0.8709,3634,0
SPY190719C298,2019-07-18,2019-07-18 09:42:06,0.55,0.887,1168,0.53,0.8548,1967,0.53,0.8548,100,0.54,0.8709,3634,0
SPY190719C298,2019-07-18,2019-07-18 09:42:06,0.55,0.887,1168,0.54,0.8709,4,0.53,0.8548,100,0.545,0.879,3634,0
SPY190719C298,2019-07-18,2019-07-18 09:42:07,0.55,0.887,1048,0.54,0.8709,4,0.54,0.8709,10,0.545,0.879,3644,10
SPY190719C298,2019-07-18,2019-07-18 09:42:07,0.55,0.887,1048,0.53,0.8548,1326,0.54,0.8709,10,0.54,0.8709,3644,0
SPY190719C298,2019-07-18,2019-07-18 09:42:08,0.55,0.887,1048,0.54,0.8709,9,0.54,0.8709,10,0.545,0.879,3644,0
SPY190719C298,2019-07-18,2019-07-18 09:42:08,0.55,0.887,738,0.54,0.8709,2,0.54,0.8709,2,0.545,0.879,3650,6
SPY190719C298,2019-07-18,2019-07-18 09:42:09,0.55,0.887,880,0.53,0.8548,908,0.55,0.887,10,0.54,0.8709,3660,10
SPY190719C298,2019-07-18,2019-07-18 09:42:10,0.55,0.887,201,0.54,0.8709,218,0.54,0.8709,1,0.545,0.879,3661,0
SPY190719C298,2019-07-18,2019-07-18 09:42:10,0.55,0.887,860,0.53,0.8548,908,0.54,0.8709,1,0.54,0.8709,3661,1
SPY190719C298,2019-07-18,2019-07-18 09:42:11,0.55,0.887,191,0.54,0.8709,218,0.54,0.8709,1,0.545,0.879,3662,1
SPY190719C298,2019-07-18,2019-07-18 09:42:11,0.55,0.887,191,0.54,0.8709,218,0.54,0.8709,1,0.545,0.879,3661,0
SPY190719C298,2019-07-18,2019-07-18 09:42:12,0.55,0.887,100,0.54,0.8709,218,0.54,0.8709,1,0.545,0.879,3662,0
SPY190719C298,2019-07-18,2019-07-18 09:42:12,0.55,0.887,92,0.54,0.8709,218,0.54,0.8709,1,0.545,0.879,3662,0
SPY190719C298,2019-07-18,2019-07-18 09:42:13,0.55,0.887,238,0.53,0.8548,736,0.54,0.8709,1,0.54,0.8709,3662,0
SPY190719C298,2019-07-18,2019-07-18 09:42:13,0.54,0.8709,1,0.53,0.8548,453,0.54,0.8709,1,0.535,0.8629,3673,11
SPY190719C298,2019-07-18,2019-07-18 09:42:14,0.54,0.8709,282,0.53,0.8548,54,0.54,0.8709,1,0.535,0.8629,3673,0
SPY190719C298,2019-07-18,2019-07-18 09:42:15,0.54,0.8709,792,0.53,0.8548,54,0.53,0.8548,1,0.535,0.8629,3674,1
SPY190719C298,2019-07-18,2019-07-18 09:42:15,0.54,0.8709,792,0.53,0.8548,54,0.53,0.8548,1,0.535,0.8629,3674,0
SPY190719C298,2019-07-18,2019-07-18 09:42:16,0.53,0.8548,711,0.51,0.8225,190,0.52,0.8387,1,0.52,0.8387,3725,31
SPY190719C298,2019-07-18,2019-07-18 09:42:16,0.54,0.8709,671,0.52,0.8387,15,0.53,0.8548,4,0.53,0.8548,3694,20
SPY190719C298,2019-07-18,2019-07-18 09:42:17,0.52,0.8387,556,0.51,0.8225,190,0.52,0.8387,92,0.515,0.8306,4138,400
SPY190719C298,2019-07-18,2019-07-18 09:42:17,0.52,0.8387,241,0.51,0.8225,190,0.52,0.8387,10,0.515,0.8306,3738,13
SPY190719C298,2019-07-18,2019-07-18 09:42:18,0.52,0.8387,476,0.51,0.8225,6,0.51,0.8225,1,0.515,0.8306,4154,4
SPY190719C298,2019-07-18,2019-07-18 09:42:18,0.52,0.8387,376,0.51,0.8225,13,0.51,0.8225,2,0.515,0.8306,4150,12
SPY190719C298,2019-07-18,2019-07-18 09:42:19,0.52,0.8387,476,0.51,0.8225,6,0.52,0.8387,1,0.515,0.8306,4155,1
SPY190719C298,2019-07-18,2019-07-18 09:42:20,0.52,0.8387,266,0.51,0.8225,5,0.51,0.8225,2,0.515,0.8306,4160,5
SPY190719C298,2019-07-18,2019-07-18 09:42:20,0.51,0.8225,90,0.51,0.8225,5,0.51,0.8225,1,0.51,0.8225,4162,2
SPY190719C298,2019-07-18,2019-07-18 09:42:21,0.51,0.8225,90,0.5,0.8064,244,0.51,0.8225,1,0.505,0.8145,4162,0
SPY190719C298,2019-07-18,2019-07-18 09:42:21,0.51,0.8225,112,0.5,0.8064,150,0.51,0.8225,1,0.505,0.8145,4162,0
SPY190719C298,2019-07-18,2019-07-18 09:42:22,0.51,0.8225,63,0.5,0.8064,75,0.51,0.8225,1,0.505,0.8145,4162,0
SPY190719C298,2019-07-18,2019-07-18 09:42:22,0.51,0.8225,92,0.5,0.8064,528,0.51,0.8225,1,0.505,0.8145,4162,0
SPY190719C298,2019-07-18,2019-07-18 09:42:23,0.51,0.8225,110,0.5,0.8064,592,0.51,0.8225,1,0.505,0.8145,4162,0
SPY190719C298,2019-07-18,2019-07-18 09:42:23,0.51,0.8225,110,0.5,0.8064,620,0.51,0.8225,1,0.505,0.8145,4162,0
SPY190719C298,2019-07-18,2019-07-18 09:42:24,0.51,0.8225,30,0.5,0.8064,846,0.51,0.8225,1,0.505,0.8145,4162,0
SPY190719C298,2019-07-18,2019-07-18 09:42:25,0.52,0.8387,165,0.5,0.8064,846,0.51,0.8225,1,0.51,0.8225,4162,0
SPY190719C298,2019-07-18,2019-07-18 09:42:25,0.51,0.8225,30,0.5,0.8064,846,0.51,0.8225,1,0.505,0.8145,4162,0
SPY190719C298,2019-07-18,2019-07-18 09:42:26,0.53,0.8548,623,0.51,0.8225,8,0.51,0.8225,1,0.52,0.8387,4168,0
SPY190719C298,2019-07-18,2019-07-18 09:42:26,0.52,0.8387,349,0.51,0.8225,8,0.51,0.8225,1,0.515,0.8306,4168,6
SPY190719C298,2019-07-18,2019-07-18 09:42:27,0.53,0.8548,781,0.51,0.8225,619,0.51,0.8225,1,0.52,0.8387,4168,0
SPY190719C298,2019-07-18,2019-07-18 09:42:28,0.53,0.8548,680,0.51,0.8225,619,0.51,0.8225,1,0.52,0.8387,4168,0
SPY190719C298,2019-07-18,2019-07-18 09:42:29,0.53,0.8548,5,0.52,0.8387,420,0.51,0.8225,1,0.525,0.8467,4168,0
SPY190719C298,2019-07-18,2019-07-18 09:42:29,0.53,0.8548,50,0.52,0.8387,475,0.51,0.8225,1,0.525,0.8467,4168,0
SPY190719C298,2019-07-18,2019-07-18 09:42:30,0.53,0.8548,82,0.52,0.8387,475,0.51,0.8225,1,0.525,0.8467,4168,0
SPY190719C298,2019-07-18,2019-07-18 09:42:31,0.54,0.8709,129,0.51,0.8225,761,0.51,0.8225,1,0.525,0.8467,4168,0
SPY190719C298,2019-07-18,2019-07-18 09:42:31,0.53,0.8548,251,0.52,0.8387,96,0.51,0.8225,1,0.525,0.8467,4168,0
SPY190719C298,2019-07-18,2019-07-18 09:42:32,0.53,0.8548,98,0.52,0.8387,172,0.51,0.8225,1,0.525,0.8467,4168,0
SPY190719C298,2019-07-18,2019-07-18 09:42:32,0.53,0.8548,251,0.52,0.8387,106,0.51,0.8225,1,0.525,0.8467,4168,0
SPY190719C298,2019-07-18,2019-07-18 09:42:33,0.53,0.8548,237,0.52,0.8387,592,0.53,0.8548,5,0.525,0.8467,4173,5
SPY190719C298,2019-07-18,2019-07-18 09:42:34,0.53,0.8548,111,0.52,0.8387,692,0.53,0.8548,5,0.525,0.8467,4173,0
SPY190719C298,2019-07-18,2019-07-18 09:42:34,0.53,0.8548,216,0.52,0.8387,592,0.53,0.8548,5,0.525,0.8467,4173,0
SPY190719C298,2019-07-18,2019-07-18 09:42:35,0.53,0.8548,111,0.52,0.8387,692,0.53,0.8548,5,0.525,0.8467,4173,0
SPY190719C298,2019-07-18,2019-07-18 09:42:36,0.53,0.8548,55,0.52,0.8387,256,0.53,0.8548,5,0.525,0.8467,4173,0
SPY190719C298,2019-07-18,2019-07-18 09:42:36,0.54,0.8709,924,0.52,0.8387,402,0.53,0.8548,5,0.53,0.8548,4173,0
SPY190719C298,2019-07-18,2019-07-18 09:42:37,0.53,0.8548,251,0.52,0.8387,144,0.53,0.8548,5,0.525,0.8467,4173,0
SPY190719C298,2019-07-18,2019-07-18 09:42:37,0.53,0.8548,55,0.52,0.8387,402,0.53,0.8548,5,0.525,0.8467,4173,0
SPY190719C298,2019-07-18,2019-07-18 09:42:38,0.53,0.8548,251,0.52,0.8387,144,0.53,0.8548,5,0.525,0.8467,4173,0
SPY190719C298,2019-07-18,2019-07-18 09:42:39,0.53,0.8548,1016,0.52,0.8387,144,0.53,0.8548,5,0.525,0.8467,4173,0
SPY190719C298,2019-07-18,2019-07-18 09:42:40,0.53,0.8548,3,0.52,0.8387,251,0.53,0.8548,5,0.525,0.8467,4173,0
SPY190719C298,2019-07-18,2019-07-18 09:42:40,0.53,0.8548,835,0.52,0.8387,158,0.53,0.8548,5,0.525,0.8467,4173,0
SPY190719C298,2019-07-18,2019-07-18 09:42:41,0.53,0.8548,3,0.52,0.8387,563,0.53,0.8548,5,0.525,0.8467,4173,0
SPY190719C298,2019-07-18,2019-07-18 09:42:41,0.53,0.8548,3,0.53,0.8548,5,0.53,0.8548,3,0.53,0.8548,4176,3
SPY190719C298,2019-07-18,2019-07-18 09:42:42,0.54,0.8709,108,0.53,0.8548,201,0.53,0.8548,3,0.535,0.8629,4176,0
SPY190719C298,2019-07-18,2019-07-18 09:42:43,0.54,0.8709,285,0.53,0.8548,54,0.53,0.8548,3,0.535,0.8629,4176,0
SPY190719C298,2019-07-18,2019-07-18 09:42:43,0.54,0.8709,1192,0.53,0.8548,54,0.53,0.8548,3,0.535,0.8629,4176,0
SPY190719C298,2019-07-18,2019-07-18 09:42:44,0.53,0.8548,10,0.52,0.8387,707,0.53,0.8548,15,0.525,0.8467,4191,15
SPY190719C298,2019-07-18,2019-07-18 09:42:45,0.53,0.8548,417,0.52,0.8387,187,0.53,0.8548,15,0.525,0.8467,4191,0
SPY190719C298,2019-07-18,2019-07-18 09:42:46,0.53,0.8548,363,0.52,0.8387,187,0.53,0.8548,15,0.525,0.8467,4191,0
SPY190719C298,2019-07-18,2019-07-18 09:42:46,0.53,0.8548,363,0.52,0.8387,233,0.53,0.8548,15,0.525,0.8467,4191,0
SPY190719C298,2019-07-18,2019-07-18 09:42:47,0.53,0.8548,363,0.52,0.8387,233,0.53,0.8548,15,0.525,0.8467,4191,0
SPY190719C298,2019-07-18,2019-07-18 09:42:48,0.53,0.8548,135,0.52,0.8387,187,0.53,0.8548,15,0.525,0.8467,4191,0
SPY190719C298,2019-07-18,2019-07-18 09:42:48,0.53,0.8548,106,0.52,0.8387,187,0.53,0.8548,15,0.525,0.8467,4191,0
SPY190719C298,2019-07-18,2019-07-18 09:42:49,0.54,0.8709,746,0.53,0.8548,119,0.53,0.8548,1,0.535,0.8629,4193,0
SPY190719C298,2019-07-18,2019-07-18 09:42:49,0.54,0.8709,506,0.53,0.8548,5,0.53,0.8548,1,0.535,0.8629,4193,2
SPY190719C298,2019-07-18,2019-07-18 09:42:50,0.54,0.8709,699,0.53,0.8548,119,0.53,0.8548,1,0.535,0.8629,4193,0
SPY190719C298,2019-07-18,2019-07-18 09:42:51,0.54,0.8709,699,0.53,0.8548,119,0.53,0.8548,1,0.535,0.8629,4193,0
SPY190719C298,2019-07-18,2019-07-18 09:42:52,0.55,0.887,1294,0.53,0.8548,172,0.53,0.8548,1,0.54,0.8709,4193,0
SPY190719C298,2019-07-18,2019-07-18 09:42:53,0.55,0.887,1886,0.53,0.8548,241,0.53,0.8548,1,0.54,0.8709,4193,0
SPY190719C298,2019-07-18,2019-07-18 09:42:53,0.54,0.8709,393,0.52,0.8387,287,0.53,0.8548,1,0.53,0.8548,4193,0
SPY190719C298,2019-07-18,2019-07-18 09:42:54,0.54,0.8709,1298,0.53,0.8548,5,0.53,0.8548,1,0.535,0.8629,4193,0
SPY190719C298,2019-07-18,2019-07-18 09:42:55,0.54,0.8709,1054,0.53,0.8548,5,0.53,0.8548,1,0.535,0.8629,4193,0
SPY190719C298,2019-07-18,2019-07-18 09:42:56,0.54,0.8709,1054,0.53,0.8548,5,0.53,0.8548,1,0.535,0.8629,4193,0
SPY190719C298,2019-07-18,2019-07-18 09:42:57,0.54,0.8709,791,0.53,0.8548,139,0.53,0.8548,1,0.535,0.8629,4193,0
SPY190719C298,2019-07-18,2019-07-18 09:42:57,0.54,0.8709,1054,0.53,0.8548,131,0.53,0.8548,1,0.535,0.8629,4193,0
SPY190719C298,2019-07-18,2019-07-18 09:42:58,0.54,0.8709,1958,0.52,0.8387,710,0.53,0.8548,1,0.53,0.8548,4193,0
SPY190719C298,2019-07-18,2019-07-18 09:42:59,0.54,0.8709,1456,0.53,0.8548,55,0.53,0.8548,1,0.535,0.8629,4193,0
SPY190719C298,2019-07-18,2019-07-18 09:42:59,0.54,0.8709,1216,0.53,0.8548,45,0.53,0.8548,1,0.535,0.8629,4193,0
SPY190719C298,2019-07-18,2019-07-18 09:43:00,0.54,0.8709,986,0.53,0.8548,45,0.53,0.8548,1,0.535,0.8629,4193,0
SPY190719C298,2019-07-18,2019-07-18 09:43:00,0.54,0.8709,550,0.53,0.8548,45,0.53,0.8548,1,0.535,0.8629,4193,0
SPY190719C298,2019-07-18,2019-07-18 09:43:01,0.54,0.8709,624,0.52,0.8387,666,0.53,0.8548,1,0.53,0.8548,4193,0
SPY190719C298,2019-07-18,2019-07-18 09:43:01,0.54,0.8709,1258,0.52,0.8387,666,0.53,0.8548,1,0.53,0.8548,4193,0
SPY190719C298,2019-07-18,2019-07-18 09:43:02,0.55,0.887,432,0.54,0.8709,45,0.53,0.8548,1,0.545,0.879,4193,0
SPY190719C298,2019-07-18,2019-07-18 09:43:02,0.55,0.887,1057,0.54,0.8709,4,0.53,0.8548,1,0.545,0.879,4193,0
SPY190719C298,2019-07-18,2019-07-18 09:43:03,0.55,0.887,1108,0.54,0.8709,4,0.53,0.8548,1,0.545,0.879,4193,0
SPY190719C298,2019-07-18,2019-07-18 09:43:04,0.55,0.887,728,0.54,0.8709,4,0.54,0.8709,2,0.545,0.879,4205,2
SPY190719C298,2019-07-18,2019-07-18 09:43:04,0.55,0.887,728,0.54,0.8709,4,0.52,0.8387,10,0.545,0.879,4203,10
SPY190719C298,2019-07-18,2019-07-18 09:43:05,0.55,0.887,577,0.54,0.8709,1,0.54,0.8709,2,0.545,0.879,4205,0
SPY190719C298,2019-07-18,2019-07-18 09:43:05,0.54,0.8709,50,0.53,0.8548,178,0.54,0.8709,2,0.535,0.8629,4205,0
SPY190719C298,2019-07-18,2019-07-18 09:43:06,0.55,0.887,376,0.53,0.8548,609,0.54,0.8709,1,0.54,0.8709,4210,0
SPY190719C298,2019-07-18,2019-07-18 09:43:06,0.54,0.8709,56,0.53,0.8548,62,0.54,0.8709,1,0.535,0.8629,4210,5
SPY190719C298,2019-07-18,2019-07-18 09:43:07,0.55,0.887,1129,0.53,0.8548,699,0.54,0.8709,1,0.54,0.8709,4211,1
SPY190719C298,2019-07-18,2019-07-18 09:43:07,0.55,0.887,501,0.53,0.8548,699,0.54,0.8709,1,0.54,0.8709,4210,0
SPY190719C298,2019-07-18,2019-07-18 09:43:08,0.55,0.887,1330,0.53,0.8548,700,0.54,0.8709,1,0.54,0.8709,4211,0
SPY190719C298,2019-07-18,2019-07-18 09:43:09,0.55,0.887,1122,0.53,0.8548,700,0.54,0.8709,1,0.54,0.8709,4211,0
SPY190719C298,2019-07-18,2019-07-18 09:43:09,0.55,0.887,1332,0.53,0.8548,700,0.54,0.8709,1,0.54,0.8709,4211,0
SPY190719C298,2019-07-18,2019-07-18 09:43:10,0.55,0.887,1009,0.53,0.8548,700,0.54,0.8709,1,0.54,0.8709,4211,0
SPY190719C298,2019-07-18,2019-07-18 09:43:11,0.55,0.887,987,0.53,0.8548,251,0.54,0.8709,1,0.54,0.8709,4211,0
SPY190719C298,2019-07-18,2019-07-18 09:43:11,0.55,0.887,1136,0.53,0.8548,700,0.54,0.8709,1,0.54,0.8709,4211,0
SPY190719C298,2019-07-18,2019-07-18 09:43:12,0.54,0.8709,75,0.53,0.8548,171,0.54,0.8709,1,0.535,0.8629,4211,0
SPY190719C298,2019-07-18,2019-07-18 09:43:12,0.54,0.8709,347,0.53,0.8548,171,0.54,0.8709,1,0.535,0.8629,4211,0
SPY190719C298,2019-07-18,2019-07-18 09:43:13,0.55,0.887,1297,0.53,0.8548,171,0.54,0.8709,1,0.54,0.8709,4211,0
SPY190719C298,2019-07-18,2019-07-18 09:43:14,0.54,0.8709,56,0.53,0.8548,242,0.55,0.887,1,0.535,0.8629,4214,0
SPY190719C298,2019-07-18,2019-07-18 09:43:14,0.55,0.887,1297,0.53,0.8548,171,0.55,0.887,1,0.54,0.8709,4214,3
SPY190719C298,2019-07-18,2019-07-18 09:43:15,0.55,0.887,200,0.54,0.8709,5,0.55,0.887,1,0.545,0.879,4214,0
SPY190719C298,2019-07-18,2019-07-18 09:43:15,0.55,0.887,621,0.53,0.8548,242,0.55,0.887,1,0.54,0.8709,4214,0
SPY190719C298,2019-07-18,2019-07-18 09:43:16,0.55,0.887,336,0.53,0.8548,661,0.55,0.887,1,0.54,0.8709,4214,0
SPY190719C298,2019-07-18,2019-07-18 09:43:17,0.55,0.887,786,0.53,0.8548,597,0.55,0.887,1,0.54,0.8709,4214,0
SPY190719C298,2019-07-18,2019-07-18 09:43:17,0.55,0.887,669,0.54,0.8709,6,0.55,0.887,1,0.545,0.879,4214,0
SPY190719C298,2019-07-18,2019-07-18 09:43:18,0.55,0.887,620,0.54,0.8709,6,0.55,0.887,1,0.545,0.879,4214,0
SPY190719C298,2019-07-18,2019-07-18 09:43:18,0.55,0.887,669,0.54,0.8709,6,0.55,0.887,1,0.545,0.879,4214,0
SPY190719C298,2019-07-18,2019-07-18 09:43:19,0.55,0.887,620,0.54,0.8709,4,0.55,0.887,1,0.545,0.879,4214,0
SPY190719C298,2019-07-18,2019-07-18 09:43:20,0.55,0.887,50,0.54,0.8709,230,0.55,0.887,1,0.545,0.879,4214,0
SPY190719C298,2019-07-18,2019-07-18 09:43:21,0.55,0.887,150,0.54,0.8709,230,0.55,0.887,1,0.545,0.879,4214,0
SPY190719C298,2019-07-18,2019-07-18 09:43:22,0.55,0.887,50,0.54,0.8709,671,0.55,0.887,1,0.545,0.879,4214,0
SPY190719C298,2019-07-18,2019-07-18 09:43:22,0.55,0.887,50,0.54,0.8709,230,0.55,0.887,1,0.545,0.879,4214,0
SPY190719C298,2019-07-18,2019-07-18 09:43:23,0.55,0.887,50,0.54,0.8709,671,0.55,0.887,1,0.545,0.879,4214,0
SPY190719C298,2019-07-18,2019-07-18 09:43:24,0.55,0.887,60,0.54,0.8709,230,0.55,0.887,1,0.545,0.879,4214,0
SPY190719C298,2019-07-18,2019-07-18 09:43:24,0.55,0.887,420,0.54,0.8709,180,0.55,0.887,1,0.545,0.879,4214,0
SPY190719C298,2019-07-18,2019-07-18 09:43:25,0.55,0.887,420,0.54,0.8709,180,0.55,0.887,1,0.545,0.879,4214,0
SPY190719C298,2019-07-18,2019-07-18 09:43:26,0.55,0.887,420,0.54,0.8709,180,0.55,0.887,1,0.545,0.879,4214,0
SPY190719C298,2019-07-18,2019-07-18 09:43:27,0.55,0.887,501,0.54,0.8709,180,0.55,0.887,1,0.545,0.879,4214,0
SPY190719C298,2019-07-18,2019-07-18 09:43:27,0.55,0.887,169,0.54,0.8709,257,0.55,0.887,1,0.545,0.879,4214,0
SPY190719C298,2019-07-18,2019-07-18 09:43:28,0.55,0.887,481,0.54,0.8709,257,0.55,0.887,1,0.545,0.879,4214,0
SPY190719C298,2019-07-18,2019-07-18 09:43:34,0.56,0.9032,774,0.55,0.887,151,0.55,0.887,48,0.555,0.8951,4264,50
SPY190719C298,2019-07-18,2019-07-18 09:43:35,0.56,0.9032,706,0.55,0.887,130,0.55,0.887,48,0.555,0.8951,4264,0
SPY190719C298,2019-07-18,2019-07-18 09:43:35,0.56,0.9032,774,0.55,0.887,151,0.55,0.887,48,0.555,0.8951,4264,0
SPY190719C298,2019-07-18,2019-07-18 09:43:37,0.56,0.9032,137,0.55,0.887,130,0.56,0.9032,1,0.555,0.8951,4265,1
SPY190719C298,2019-07-18,2019-07-18 09:43:38,0.56,0.9032,423,0.55,0.887,124,0.56,0.9032,1,0.555,0.8951,4265,0
SPY190719C298,2019-07-18,2019-07-18 09:43:39,0.56,0.9032,423,0.55,0.887,124,0.56,0.9032,1,0.555,0.8951,4265,0
SPY190719C298,2019-07-18,2019-07-18 09:43:41,0.56,0.9032,137,0.55,0.887,141,0.56,0.9032,1,0.555,0.8951,4265,0
SPY190719C298,2019-07-18,2019-07-18 09:43:41,0.56,0.9032,50,0.55,0.887,130,0.56,0.9032,1,0.555,0.8951,4265,0
SPY190719C298,2019-07-18,2019-07-18 09:43:42,0.57,0.9193,564,0.55,0.887,141,0.56,0.9032,1,0.56,0.9032,4265,0
SPY190719C298,2019-07-18,2019-07-18 09:43:44,0.57,0.9193,688,0.56,0.9032,9,0.56,0.9032,1,0.565,0.9112,4265,0
SPY190719C298,2019-07-18,2019-07-18 09:43:46,0.56,0.9032,140,0.56,0.9032,9,0.56,0.9032,2,0.56,0.9032,4271,6
SPY190719C298,2019-07-18,2019-07-18 09:43:48,0.56,0.9032,50,0.55,0.887,100,0.56,0.9032,2,0.555,0.8951,4271,0
SPY190719C298,2019-07-18,2019-07-18 09:43:50,0.57,0.9193,976,0.55,0.887,631,0.56,0.9032,8,0.56,0.9032,4281,10
SPY190719C298,2019-07-18,2019-07-18 09:43:51,0.57,0.9193,906,0.55,0.887,635,0.56,0.9032,3,0.56,0.9032,4292,11
SPY190719C298,2019-07-18,2019-07-18 09:43:53,0.57,0.9193,774,0.55,0.887,635,0.56,0.9032,3,0.56,0.9032,4292,0
SPY190719C298,2019-07-18,2019-07-18 09:43:57,0.57,0.9193,218,0.56,0.9032,138,0.56,0.9032,3,0.565,0.9112,4292,0
SPY190719C298,2019-07-18,2019-07-18 09:43:59,0.57,0.9193,214,0.56,0.9032,1,0.56,0.9032,1,0.565,0.9112,4350,58
SPY190719C298,2019-07-18,2019-07-18 09:44:01,0.56,0.9032,410,0.55,0.887,65,0.55,0.887,1,0.555,0.8951,4363,13
SPY190719C298,2019-07-18,2019-07-18 09:44:03,0.56,0.9032,347,0.55,0.887,162,0.55,0.887,1,0.555,0.8951,4363,0
SPY190719C298,2019-07-18,2019-07-18 09:44:05,0.56,0.9032,235,0.55,0.887,2,0.55,0.887,1,0.555,0.8951,4363,0
SPY190719C298,2019-07-18,2019-07-18 09:44:05,0.56,0.9032,206,0.55,0.887,136,0.55,0.887,1,0.555,0.8951,4363,0
SPY190719C298,2019-07-18,2019-07-18 09:44:06,0.56,0.9032,393,0.55,0.887,2,0.55,0.887,1,0.555,0.8951,4363,0
SPY190719C298,2019-07-18,2019-07-18 09:44:07,0.56,0.9032,441,0.55,0.887,2,0.55,0.887,1,0.555,0.8951,4363,0
SPY190719C298,2019-07-18,2019-07-18 09:44:08,0.56,0.9032,502,0.54,0.8709,710,0.55,0.887,4,0.55,0.887,4369,6
SPY190719C298,2019-07-18,2019-07-18 09:44:08,0.56,0.9032,126,0.55,0.887,2,0.55,0.887,1,0.555,0.8951,4363,0
SPY190719C298,2019-07-18,2019-07-18 09:44:09,0.56,0.9032,138,0.55,0.887,5,0.55,0.887,4,0.555,0.8951,4369,0
SPY190719C298,2019-07-18,2019-07-18 09:44:10,0.56,0.9032,295,0.55,0.887,551,0.55,0.887,4,0.555,0.8951,4369,0
SPY190719C298,2019-07-18,2019-07-18 09:44:10,0.57,0.9193,564,0.55,0.887,448,0.55,0.887,4,0.56,0.9032,4369,0
SPY190719C298,2019-07-18,2019-07-18 09:44:11,0.57,0.9193,470,0.55,0.887,353,0.55,0.887,4,0.56,0.9032,4369,0
SPY190719C298,2019-07-18,2019-07-18 09:44:12,0.58,0.9354,310,0.56,0.9032,241,0.55,0.887,4,0.57,0.9193,4369,0
SPY190719C298,2019-07-18,2019-07-18 09:44:13,0.58,0.9354,590,0.56,0.9032,212,0.55,0.887,4,0.57,0.9193,4369,0
SPY190719C298,2019-07-18,2019-07-18 09:44:13,0.58,0.9354,590,0.56,0.9032,737,0.55,0.887,4,0.57,0.9193,4369,0
SPY190719C298,2019-07-18,2019-07-18 09:44:14,0.57,0.9193,85,0.56,0.9032,212,0.56,0.9032,1,0.565,0.9112,4375,6
SPY190719C298,2019-07-18,2019-07-18 09:44:15,0.57,0.9193,393,0.56,0.9032,10,0.56,0.9032,1,0.565,0.9112,4383,7
SPY190719C298,2019-07-18,2019-07-18 09:44:15,0.57,0.9193,6,0.56,0.9032,212,0.56,0.9032,1,0.565,0.9112,4376,1
SPY190719C298,2019-07-18,2019-07-18 09:44:16,0.57,0.9193,742,0.56,0.9032,5,0.55,0.887,170,0.565,0.9112,4553,170
SPY190719C298,2019-07-18,2019-07-18 09:44:17,0.57,0.9193,960,0.56,0.9032,5,0.55,0.887,170,0.565,0.9112,4553,0
SPY190719C298,2019-07-18,2019-07-18 09:44:17,0.57,0.9193,742,0.56,0.9032,5,0.55,0.887,170,0.565,0.9112,4553,0
SPY190719C298,2019-07-18,2019-07-18 09:44:18,0.57,0.9193,1082,0.56,0.9032,5,0.55,0.887,170,0.565,0.9112,4553,0
SPY190719C298,2019-07-18,2019-07-18 09:44:19,0.57,0.9193,427,0.55,0.887,183,0.56,0.9032,3,0.56,0.9032,4556,3
SPY190719C298,2019-07-18,2019-07-18 09:44:19,0.57,0.9193,1082,0.56,0.9032,5,0.55,0.887,170,0.565,0.9112,4553,0
SPY190719C298,2019-07-18,2019-07-18 09:44:20,0.56,0.9032,231,0.55,0.887,141,0.55,0.887,4,0.555,0.8951,4574,18
SPY190719C298,2019-07-18,2019-07-18 09:44:21,0.56,0.9032,718,0.55,0.887,110,0.55,0.887,4,0.555,0.8951,4574,0
SPY190719C298,2019-07-18,2019-07-18 09:44:22,0.57,0.9193,383,0.55,0.887,517,0.55,0.887,4,0.56,0.9032,4574,0
SPY190719C298,2019-07-18,2019-07-18 09:44:23,0.57,0.9193,938,0.55,0.887,522,0.55,0.887,4,0.56,0.9032,4574,0
SPY190719C298,2019-07-18,2019-07-18 09:44:23,0.57,0.9193,938,0.55,0.887,279,0.55,0.887,4,0.56,0.9032,4574,0
SPY190719C298,2019-07-18,2019-07-18 09:44:24,0.57,0.9193,938,0.55,0.887,62,0.55,0.887,4,0.56,0.9032,4574,0
SPY190719C298,2019-07-18,2019-07-18 09:44:25,0.56,0.9032,532,0.55,0.887,182,0.55,0.887,4,0.555,0.8951,4574,0
SPY190719C298,2019-07-18,2019-07-18 09:44:26,0.56,0.9032,90,0.55,0.887,232,0.55,0.887,4,0.555,0.8951,4574,0
SPY190719C298,2019-07-18,2019-07-18 09:44:26,0.56,0.9032,60,0.55,0.887,232,0.55,0.887,4,0.555,0.8951,4574,0
SPY190719C298,2019-07-18,2019-07-18 09:44:27,0.57,0.9193,694,0.55,0.887,346,0.55,0.887,4,0.56,0.9032,4574,0
SPY190719C298,2019-07-18,2019-07-18 09:44:28,0.57,0.9193,518,0.55,0.887,346,0.56,0.9032,1,0.56,0.9032,4576,2
SPY190719C298,2019-07-18,2019-07-18 09:44:29,0.57,0.9193,518,0.56,0.9032,1,0.56,0.9032,1,0.565,0.9112,4582,6
SPY190719C298,2019-07-18,2019-07-18 09:44:29,0.58,0.9354,833,0.56,0.9032,572,0.56,0.9032,1,0.57,0.9193,4582,0
SPY190719C298,2019-07-18,2019-07-18 09:44:30,0.57,0.9193,50,0.56,0.9032,162,0.56,0.9032,1,0.565,0.9112,4582,0
SPY190719C298,2019-07-18,2019-07-18 09:44:31,0.57,0.9193,148,0.56,0.9032,162,0.56,0.9032,1,0.565,0.9112,4582,0
SPY190719C298,2019-07-18,2019-07-18 09:44:32,0.57,0.9193,10,0.56,0.9032,290,0.56,0.9032,1,0.565,0.9112,4582,0
SPY190719C298,2019-07-18,2019-07-18 09:44:32,0.57,0.9193,10,0.56,0.9032,348,0.56,0.9032,1,0.565,0.9112,4582,0
SPY190719C298,2019-07-18,2019-07-18 09:44:33,0.57,0.9193,10,0.56,0.9032,626,0.56,0.9032,1,0.565,0.9112,4582,0
SPY190719C298,2019-07-18,2019-07-18 09:44:33,0.58,0.9354,594,0.56,0.9032,626,0.56,0.9032,1,0.57,0.9193,4582,0
SPY190719C298,2019-07-18,2019-07-18 09:44:34,0.58,0.9354,594,0.56,0.9032,626,0.56,0.9032,1,0.57,0.9193,4582,0
SPY190719C298,2019-07-18,2019-07-18 09:44:35,0.57,0.9193,51,0.56,0.9032,459,0.58,0.9354,1,0.565,0.9112,4583,0
SPY190719C298,2019-07-18,2019-07-18 09:44:35,0.57,0.9193,10,0.56,0.9032,588,0.58,0.9354,1,0.565,0.9112,4583,1
SPY190719C298,2019-07-18,2019-07-18 09:44:36,0.57,0.9193,51,0.56,0.9032,588,0.58,0.9354,1,0.565,0.9112,4583,0
SPY190719C298,2019-07-18,2019-07-18 09:44:37,0.57,0.9193,49,0.56,0.9032,441,0.57,0.9193,2,0.565,0.9112,4585,2
SPY190719C298,2019-07-18,2019-07-18 09:44:37,0.58,0.9354,686,0.56,0.9032,588,0.58,0.9354,1,0.57,0.9193,4583,0
SPY190719C298,2019-07-18,2019-07-18 09:44:38,0.57,0.9193,42,0.56,0.9032,50,0.56,0.9032,2,0.565,0.9112,4590,5
SPY190719C298,2019-07-18,2019-07-18 09:44:39,0.57,0.9193,142,0.56,0.9032,102,0.56,0.9032,1,0.565,0.9112,4598,8
SPY190719C298,2019-07-18,2019-07-18 09:44:39,0.57,0.9193,334,0.56,0.9032,94,0.56,0.9032,3,0.565,0.9112,4607,9
SPY190719C298,2019-07-18,2019-07-18 09:44:40,0.57,0.9193,473,0.56,0.9032,1,0.56,0.9032,1,0.565,0.9112,4613,6
SPY190719C298,2019-07-18,2019-07-18 09:44:40,0.57,0.9193,718,0.55,0.887,569,0.56,0.9032,1,0.56,0.9032,4613,0
SPY190719C298,2019-07-18,2019-07-18 09:44:41,0.57,0.9193,1106,0.55,0.887,976,0.56,0.9032,1,0.56,0.9032,4613,0
SPY190719C298,2019-07-18,2019-07-18 09:44:41,0.57,0.9193,718,0.55,0.887,569,0.56,0.9032,1,0.56,0.9032,4613,0
SPY190719C298,2019-07-18,2019-07-18 09:44:42,0.57,0.9193,557,0.55,0.887,976,0.56,0.9032,1,0.56,0.9032,4613,0
SPY190719C298,2019-07-18,2019-07-18 09:44:43,0.57,0.9193,557,0.56,0.9032,87,0.56,0.9032,1,0.565,0.9112,4613,0
SPY190719C298,2019-07-18,2019-07-18 09:44:44,0.57,0.9193,557,0.56,0.9032,83,0.56,0.9032,1,0.565,0.9112,4613,0
SPY190719C298,2019-07-18,2019-07-18 09:44:45,0.57,0.9193,518,0.56,0.9032,62,0.56,0.9032,3,0.565,0.9112,4618,5
SPY190719C298,2019-07-18,2019-07-18 09:44:46,0.56,0.9032,170,0.55,0.887,236,0.56,0.9032,1,0.555,0.8951,4623,2
SPY190719C298,2019-07-18,2019-07-18 09:44:46,0.57,0.9193,518,0.56,0.9032,92,0.56,0.9032,1,0.565,0.9112,4621,3
SPY190719C298,2019-07-18,2019-07-18 09:44:47,0.56,0.9032,148,0.55,0.887,236,0.56,0.9032,1,0.555,0.8951,4623,0
SPY190719C298,2019-07-18,2019-07-18 09:44:48,0.56,0.9032,193,0.55,0.887,236,0.56,0.9032,1,0.555,0.8951,4623,0
SPY190719C298,2019-07-18,2019-07-18 09:44:49,0.56,0.9032,342,0.55,0.887,236,0.56,0.9032,1,0.555,0.8951,4623,0
SPY190719C298,2019-07-18,2019-07-18 09:44:50,0.56,0.9032,106,0.55,0.887,203,0.56,0.9032,1,0.555,0.8951,4623,0
SPY190719C298,2019-07-18,2019-07-18 09:44:51,0.56,0.9032,1,0.55,0.887,443,0.56,0.9032,1,0.555,0.8951,4623,0
SPY190719C298,2019-07-18,2019-07-18 09:44:51,0.57,0.9193,844,0.55,0.887,868,0.56,0.9032,1,0.56,0.9032,4623,0
SPY190719C298,2019-07-18,2019-07-18 09:44:52,0.57,0.9193,820,0.55,0.887,443,0.56,0.9032,1,0.56,0.9032,4623,0
SPY190719C298,2019-07-18,2019-07-18 09:44:53,0.56,0.9032,587,0.55,0.887,168,0.55,0.887,8,0.555,0.8951,4636,13
SPY190719C298,2019-07-18,2019-07-18 09:44:53,0.56,0.9032,648,0.55,0.887,168,0.56,0.9032,1,0.555,0.8951,4623,0
SPY190719C298,2019-07-18,2019-07-18 09:44:54,0.56,0.9032,650,0.55,0.887,168,0.55,0.887,1,0.555,0.8951,4640,4
SPY190719C298,2019-07-18,2019-07-18 09:44:55,0.56,0.9032,389,0.55,0.887,5,0.55,0.887,1,0.555,0.8951,4640,0
SPY190719C298,2019-07-18,2019-07-18 09:44:55,0.56,0.9032,518,0.55,0.887,5,0.55,0.887,1,0.555,0.8951,4640,0
SPY190719C298,2019-07-18,2019-07-18 09:44:56,0.56,0.9032,270,0.55,0.887,5,0.55,0.887,1,0.555,0.8951,4640,0
SPY190719C298,2019-07-18,2019-07-18 09:44:57,0.57,0.9193,798,0.55,0.887,269,0.55,0.887,1,0.56,0.9032,4640,0
SPY190719C298,2019-07-18,2019-07-18 09:44:57,0.57,0.9193,275,0.55,0.887,5,0.55,0.887,1,0.56,0.9032,4640,0
SPY190719C298,2019-07-18,2019-07-18 09:44:58,0.57,0.9193,890,0.55,0.887,512,0.55,0.887,1,0.56,0.9032,4640,0
SPY190719C298,2019-07-18,2019-07-18 09:44:58,0.57,0.9193,798,0.55,0.887,512,0.55,0.887,1,0.56,0.9032,4640,0
SPY190719C298,2019-07-18,2019-07-18 09:44:59,0.58,0.9354,818,0.56,0.9032,26,0.55,0.887,1,0.57,0.9193,4640,0
SPY190719C298,2019-07-18,2019-07-18 09:44:59,0.58,0.9354,183,0.56,0.9032,26,0.55,0.887,1,0.57,0.9193,4640,0
SPY190719C298,2019-07-18,2019-07-18 09:45:00,0.58,0.9354,124,0.56,0.9032,742,0.55,0.887,1,0.57,0.9193,4640,0
SPY190719C298,2019-07-18,2019-07-18 09:45:01,0.58,0.9354,1,0.57,0.9193,100,0.58,0.9354,3,0.575,0.9274,4690,50
SPY190719C298,2019-07-18,2019-07-18 09:45:01,0.58,0.9354,1,0.57,0.9193,591,0.58,0.9354,3,0.575,0.9274,4690,0
SPY190719C298,2019-07-18,2019-07-18 09:45:02,0.59,0.9516,766,0.57,0.9193,231,0.58,0.9354,9,0.58,0.9354,4700,10
SPY190719C298,2019-07-18,2019-07-18 09:45:02,0.59,0.9516,766,0.57,0.9193,253,0.58,0.9354,9,0.58,0.9354,4700,0
SPY190719C298,2019-07-18,2019-07-18 09:45:03,0.58,0.9354,2,0.57,0.9193,479,0.58,0.9354,9,0.575,0.9274,4700,0
SPY190719C298,2019-07-18,2019-07-18 09:45:04,0.58,0.9354,2,0.57,0.9193,479,0.58,0.9354,9,0.575,0.9274,4700,0
SPY190719C298,2019-07-18,2019-07-18 09:45:05,0.58,0.9354,30,0.57,0.9193,479,0.58,0.9354,9,0.575,0.9274,4700,0
SPY190719C298,2019-07-18,2019-07-18 09:45:06,0.6,0.9677,751,0.58,0.9354,122,0.58,0.9354,2,0.59,0.9516,4732,32
SPY190719C298,2019-07-18,2019-07-18 09:45:07,0.59,0.9516,9,0.58,0.9354,245,0.58,0.9354,2,0.585,0.9435,4732,0
SPY190719C298,2019-07-18,2019-07-18 09:45:07,0.59,0.9516,56,0.57,0.9193,510,0.58,0.9354,2,0.58,0.9354,4732,0
SPY190719C298,2019-07-18,2019-07-18 09:45:08,0.59,0.9516,603,0.57,0.9193,386,0.58,0.9354,2,0.58,0.9354,4732,0
SPY190719C298,2019-07-18,2019-07-18 09:45:08,0.59,0.9516,1068,0.57,0.9193,997,0.58,0.9354,2,0.58,0.9354,4732,0
SPY190719C298,2019-07-18,2019-07-18 09:45:09,0.59,0.9516,1068,0.57,0.9193,995,0.58,0.9354,2,0.58,0.9354,4732,0
SPY190719C298,2019-07-18,2019-07-18 09:45:10,0.59,0.9516,1068,0.57,0.9193,995,0.58,0.9354,2,0.58,0.9354,4732,0
SPY190719C298,2019-07-18,2019-07-18 09:45:10,0.59,0.9516,682,0.57,0.9193,678,0.58,0.9354,2,0.58,0.9354,4732,0
SPY190719C298,2019-07-18,2019-07-18 09:45:11,0.58,0.9354,810,0.56,0.9032,754,0.58,0.9354,2,0.57,0.9193,4732,0
SPY190719C298,2019-07-18,2019-07-18 09:45:11,0.58,0.9354,43,0.56,0.9032,687,0.58,0.9354,2,0.57,0.9193,4732,0
SPY190719C298,2019-07-18,2019-07-18 09:45:12,0.57,0.9193,85,0.56,0.9032,52,0.58,0.9354,2,0.565,0.9112,4732,0
SPY190719C298,2019-07-18,2019-07-18 09:45:12,0.58,0.9354,108,0.56,0.9032,52,0.58,0.9354,2,0.57,0.9193,4732,0
SPY190719C298,2019-07-18,2019-07-18 09:45:13,0.56,0.9032,43,0.55,0.887,141,0.58,0.9354,2,0.555,0.8951,4732,0
SPY190719C298,2019-07-18,2019-07-18 09:45:14,0.56,0.9032,393,0.55,0.887,407,0.58,0.9354,2,0.555,0.8951,4732,0
SPY190719C298,2019-07-18,2019-07-18 09:45:14,0.56,0.9032,646,0.55,0.887,47,0.58,0.9354,2,0.555,0.8951,4732,0
SPY190719C298,2019-07-18,2019-07-18 09:45:15,0.56,0.9032,646,0.55,0.887,5,0.58,0.9354,2,0.555,0.8951,4732,0
SPY190719C298,2019-07-18,2019-07-18 09:45:16,0.56,0.9032,648,0.55,0.887,2,0.55,0.887,1,0.555,0.8951,4742,2
SPY190719C298,2019-07-18,2019-07-18 09:45:16,0.56,0.9032,646,0.54,0.8709,689,0.55,0.887,3,0.55,0.887,4740,8
SPY190719C298,2019-07-18,2019-07-18 09:45:17,0.56,0.9032,648,0.54,0.8709,638,0.55,0.887,1,0.55,0.887,4742,0
SPY190719C298,2019-07-18,2019-07-18 09:45:17,0.56,0.9032,683,0.54,0.8709,638,0.55,0.887,1,0.55,0.887,4742,0
SPY190719C298,2019-07-18,2019-07-18 09:45:18,0.56,0.9032,683,0.54,0.8709,718,0.55,0.887,1,0.55,0.887,4742,0
SPY190719C298,2019-07-18,2019-07-18 09:45:19,0.56,0.9032,683,0.54,0.8709,638,0.55,0.887,1,0.55,0.887,4742,0
SPY190719C298,2019-07-18,2019-07-18 09:45:20,0.56,0.9032,480,0.54,0.8709,589,0.55,0.887,1,0.55,0.887,4742,0
SPY190719C298,2019-07-18,2019-07-18 09:45:20,0.56,0.9032,694,0.54,0.8709,589,0.55,0.887,1,0.55,0.887,4742,0
SPY190719C298,2019-07-18,2019-07-18 09:45:21,0.55,0.887,124,0.54,0.8709,62,0.55,0.887,1,0.545,0.879,4742,0
SPY190719C298,2019-07-18,2019-07-18 09:45:21,0.55,0.887,265,0.54,0.8709,62,0.55,0.887,3,0.545,0.879,4745,3
SPY190719C298,2019-07-18,2019-07-18 09:45:22,0.54,0.8709,51,0.53,0.8548,160,0.55,0.887,3,0.535,0.8629,4745,0
SPY190719C298,2019-07-18,2019-07-18 09:45:23,0.54,0.8709,164,0.53,0.8548,160,0.53,0.8548,1,0.535,0.8629,4746,1
SPY190719C298,2019-07-18,2019-07-18 09:45:24,0.54,0.8709,164,0.53,0.8548,160,0.53,0.8548,1,0.535,0.8629,4746,0
SPY190719C298,2019-07-18,2019-07-18 09:45:25,0.54,0.8709,124,0.53,0.8548,51,0.53,0.8548,1,0.535,0.8629,4746,0
SPY190719C298,2019-07-18,2019-07-18 09:45:25,0.54,0.8709,233,0.53,0.8548,2,0.53,0.8548,1,0.535,0.8629,4746,0
SPY190719C298,2019-07-18,2019-07-18 09:45:26,0.54,0.8709,6,0.53,0.8548,542,0.53,0.8548,1,0.535,0.8629,4746,0
SPY190719C298,2019-07-18,2019-07-18 09:45:27,0.54,0.8709,174,0.53,0.8548,453,0.53,0.8548,1,0.535,0.8629,4746,0
SPY190719C298,2019-07-18,2019-07-18 09:45:28,0.54,0.8709,201,0.53,0.8548,10,0.53,0.8548,1,0.535,0.8629,4746,0
SPY190719C298,2019-07-18,2019-07-18 09:45:28,0.54,0.8709,201,0.53,0.8548,55,0.53,0.8548,1,0.535,0.8629,4746,0
SPY190719C298,2019-07-18,2019-07-18 09:45:29,0.54,0.8709,174,0.53,0.8548,10,0.53,0.8548,1,0.535,0.8629,4746,0
SPY190719C298,2019-07-18,2019-07-18 09:45:30,0.54,0.8709,206,0.53,0.8548,45,0.53,0.8548,1,0.535,0.8629,4746,0
SPY190719C298,2019-07-18,2019-07-18 09:45:31,0.54,0.8709,205,0.53,0.8548,2,0.54,0.8709,1,0.535,0.8629,4754,0
SPY190719C298,2019-07-18,2019-07-18 09:45:31,0.54,0.8709,205,0.53,0.8548,45,0.54,0.8709,1,0.535,0.8629,4754,8
SPY190719C298,2019-07-18,2019-07-18 09:45:32,0.54,0.8709,205,0.53,0.8548,62,0.54,0.8709,48,0.535,0.8629,4854,100
SPY190719C298,2019-07-18,2019-07-18 09:45:32,0.54,0.8709,151,0.53,0.8548,508,0.54,0.8709,48,0.535,0.8629,4854,0
SPY190719C298,2019-07-18,2019-07-18 09:45:33,0.54,0.8709,191,0.53,0.8548,238,0.54,0.8709,48,0.535,0.8629,4854,0
SPY190719C298,2019-07-18,2019-07-18 09:45:34,0.54,0.8709,394,0.53,0.8548,2,0.54,0.8709,48,0.535,0.8629,4854,0
SPY190719C298,2019-07-18,2019-07-18 09:45:34,0.54,0.8709,235,0.53,0.8548,62,0.54,0.8709,48,0.535,0.8629,4854,0
SPY190719C298,2019-07-18,2019-07-18 09:45:35,0.54,0.8709,277,0.53,0.8548,62,0.54,0.8709,48,0.535,0.8629,4854,0
SPY190719C298,2019-07-18,2019-07-18 09:45:35,0.54,0.8709,549,0.53,0.8548,2,0.54,0.8709,48,0.535,0.8629,4854,0
SPY190719C298,2019-07-18,2019-07-18 09:45:36,0.54,0.8709,277,0.53,0.8548,62,0.54,0.8709,48,0.535,0.8629,4854,0
SPY190719C298,2019-07-18,2019-07-18 09:45:37,0.54,0.8709,347,0.53,0.8548,62,0.53,0.8548,7,0.535,0.8629,4861,0
SPY190719C298,2019-07-18,2019-07-18 09:45:37,0.54,0.8709,347,0.53,0.8548,62,0.53,0.8548,7,0.535,0.8629,4861,7
SPY190719C298,2019-07-18,2019-07-18 09:45:38,0.54,0.8709,347,0.53,0.8548,10,0.53,0.8548,7,0.535,0.8629,4861,0
SPY190719C298,2019-07-18,2019-07-18 09:45:39,0.54,0.8709,273,0.53,0.8548,4,0.54,0.8709,1,0.535,0.8629,4862,1
SPY190719C298,2019-07-18,2019-07-18 09:45:40,0.54,0.8709,3,0.53,0.8548,570,0.54,0.8709,1,0.535,0.8629,4862,0
SPY190719C298,2019-07-18,2019-07-18 09:45:41,0.54,0.8709,3,0.53,0.8548,657,0.54,0.8709,1,0.535,0.8629,4862,0
SPY190719C298,2019-07-18,2019-07-18 09:45:42,0.54,0.8709,60,0.53,0.8548,520,0.54,0.8709,1,0.535,0.8629,4862,0
SPY190719C298,2019-07-18,2019-07-18 09:45:42,0.54,0.8709,3,0.53,0.8548,570,0.54,0.8709,1,0.535,0.8629,4862,0
SPY190719C298,2019-07-18,2019-07-18 09:45:43,0.54,0.8709,3,0.53,0.8548,520,0.54,0.8709,1,0.535,0.8629,4862,0
SPY190719C298,2019-07-18,2019-07-18 09:45:43,0.54,0.8709,56,0.53,0.8548,520,0.54,0.8709,1,0.535,0.8629,4862,0
SPY190719C298,2019-07-18,2019-07-18 09:45:44,0.54,0.8709,50,0.53,0.8548,520,0.54,0.8709,1,0.535,0.8629,4862,0
SPY190719C298,2019-07-18,2019-07-18 09:45:45,0.54,0.8709,185,0.53,0.8548,424,0.54,0.8709,1,0.535,0.8629,4862,0
SPY190719C298,2019-07-18,2019-07-18 09:45:45,0.54,0.8709,190,0.53,0.8548,424,0.54,0.8709,1,0.535,0.8629,4862,0
SPY190719C298,2019-07-18,2019-07-18 09:45:46,0.54,0.8709,132,0.53,0.8548,469,0.54,0.8709,1,0.535,0.8629,4862,0
SPY190719C298,2019-07-18,2019-07-18 09:45:46,0.54,0.8709,159,0.53,0.8548,464,0.54,0.8709,1,0.535,0.8629,4862,0
SPY190719C298,2019-07-18,2019-07-18 09:45:47,0.54,0.8709,132,0.53,0.8548,519,0.54,0.8709,1,0.535,0.8629,4862,0
SPY190719C298,2019-07-18,2019-07-18 09:45:48,0.54,0.8709,86,0.53,0.8548,508,0.54,0.8709,1,0.535,0.8629,4862,0
SPY190719C298,2019-07-18,2019-07-18 09:45:48,0.54,0.8709,3,0.53,0.8548,442,0.54,0.8709,1,0.535,0.8629,4862,0
SPY190719C298,2019-07-18,2019-07-18 09:45:49,0.54,0.8709,141,0.53,0.8548,95,0.54,0.8709,1,0.535,0.8629,4862,0
SPY190719C298,2019-07-18,2019-07-18 09:45:49,0.54,0.8709,608,0.53,0.8548,2,0.53,0.8548,1,0.535,0.8629,4865,3
SPY190719C298,2019-07-18,2019-07-18 09:45:50,0.53,0.8548,649,0.52,0.8387,14,0.52,0.8387,5,0.525,0.8467,4879,5
SPY190719C298,2019-07-18,2019-07-18 09:45:50,0.54,0.8709,489,0.52,0.8387,14,0.52,0.8387,8,0.53,0.8548,4874,9
SPY190719C298,2019-07-18,2019-07-18 09:45:51,0.53,0.8548,468,0.52,0.8387,14,0.52,0.8387,5,0.525,0.8467,4879,0
SPY190719C298,2019-07-18,2019-07-18 09:45:52,0.53,0.8548,423,0.52,0.8387,1,0.53,0.8548,23,0.525,0.8467,4929,50
SPY190719C298,2019-07-18,2019-07-18 09:45:52,0.53,0.8548,668,0.52,0.8387,14,0.52,0.8387,5,0.525,0.8467,4879,0
SPY190719C298,2019-07-18,2019-07-18 09:45:53,0.53,0.8548,137,0.52,0.8387,82,0.53,0.8548,23,0.525,0.8467,4929,0
SPY190719C298,2019-07-18,2019-07-18 09:45:54,0.53,0.8548,50,0.52,0.8387,120,0.53,0.8548,23,0.525,0.8467,4929,0
SPY190719C298,2019-07-18,2019-07-18 09:45:54,0.54,0.8709,188,0.53,0.8548,470,0.53,0.8548,23,0.535,0.8629,4929,0
SPY190719C298,2019-07-18,2019-07-18 09:45:55,0.54,0.8709,3,0.53,0.8548,531,0.53,0.8548,23,0.535,0.8629,4929,0
SPY190719C298,2019-07-18,2019-07-18 09:45:55,0.54,0.8709,210,0.53,0.8548,526,0.53,0.8548,23,0.535,0.8629,4929,0
SPY190719C298,2019-07-18,2019-07-18 09:45:56,0.54,0.8709,3,0.53,0.8548,897,0.53,0.8548,23,0.535,0.8629,4929,0
SPY190719C298,2019-07-18,2019-07-18 09:45:57,0.54,0.8709,20,0.53,0.8548,678,0.53,0.8548,23,0.535,0.8629,4929,0
SPY190719C298,2019-07-18,2019-07-18 09:45:57,0.54,0.8709,20,0.53,0.8548,760,0.53,0.8548,23,0.535,0.8629,4929,0
SPY190719C298,2019-07-18,2019-07-18 09:45:58,0.54,0.8709,27,0.53,0.8548,678,0.53,0.8548,23,0.535,0.8629,4929,0
SPY190719C298,2019-07-18,2019-07-18 09:45:59,0.54,0.8709,28,0.53,0.8548,678,0.53,0.8548,23,0.535,0.8629,4929,0
SPY190719C298,2019-07-18,2019-07-18 09:45:59,0.54,0.8709,47,0.53,0.8548,196,0.53,0.8548,23,0.535,0.8629,4929,0
SPY190719C298,2019-07-18,2019-07-18 09:46:00,0.54,0.8709,65,0.53,0.8548,593,0.53,0.8548,23,0.535,0.8629,4929,0
SPY190719C298,2019-07-18,2019-07-18 09:46:01,0.54,0.8709,73,0.53,0.8548,649,0.53,0.8548,3,0.535,0.8629,4932,0
SPY190719C298,2019-07-18,2019-07-18 09:46:01,0.54,0.8709,82,0.53,0.8548,600,0.53,0.8548,3,0.535,0.8629,4932,3
SPY190719C298,2019-07-18,2019-07-18 09:46:02,0.54,0.8709,33,0.53,0.8548,605,0.53,0.8548,1,0.535,0.8629,4952,20
SPY190719C298,2019-07-18,2019-07-18 09:46:02,0.54,0.8709,3,0.54,0.8709,566,0.54,0.8709,3,0.54,0.8709,4955,3
SPY190719C298,2019-07-18,2019-07-18 09:46:03,0.55,0.887,10,0.54,0.8709,1024,0.54,0.8709,3,0.545,0.879,4955,0
SPY190719C298,2019-07-18,2019-07-18 09:46:04,0.55,0.887,10,0.54,0.8709,1070,0.54,0.8709,3,0.545,0.879,4955,0
SPY190719C298,2019-07-18,2019-07-18 09:46:04,0.55,0.887,10,0.54,0.8709,1570,0.56,0.9032,1,0.545,0.879,4961,6
SPY190719C298,2019-07-18,2019-07-18 09:46:05,0.56,0.9032,392,0.55,0.887,146,0.55,0.887,10,0.555,0.8951,4971,0
SPY190719C298,2019-07-18,2019-07-18 09:46:05,0.56,0.9032,392,0.55,0.887,146,0.55,0.887,10,0.555,0.8951,4971,10
SPY190719C298,2019-07-18,2019-07-18 09:46:06,0.56,0.9032,392,0.55,0.887,467,0.55,0.887,10,0.555,0.8951,4971,0
SPY190719C298,2019-07-18,2019-07-18 09:46:06,0.57,0.9193,516,0.55,0.887,587,0.55,0.887,10,0.56,0.9032,4971,0
SPY190719C298,2019-07-18,2019-07-18 09:46:07,0.57,0.9193,962,0.55,0.887,932,0.55,0.887,10,0.56,0.9032,4971,0
SPY190719C298,2019-07-18,2019-07-18 09:46:08,0.58,0.9354,285,0.57,0.9193,5,0.55,0.887,10,0.575,0.9274,4971,0
SPY190719C298,2019-07-18,2019-07-18 09:46:08,0.58,0.9354,355,0.57,0.9193,5,0.55,0.887,10,0.575,0.9274,4971,0
SPY190719C298,2019-07-18,2019-07-18 09:46:09,0.58,0.9354,355,0.57,0.9193,5,0.55,0.887,10,0.575,0.9274,4971,0
SPY190719C298,2019-07-18,2019-07-18 09:46:09,0.58,0.9354,355,0.57,0.9193,217,0.55,0.887,10,0.575,0.9274,4971,0
SPY190719C298,2019-07-18,2019-07-18 09:46:10,0.58,0.9354,241,0.57,0.9193,167,0.55,0.887,10,0.575,0.9274,4971,0
SPY190719C298,2019-07-18,2019-07-18 09:46:11,0.58,0.9354,281,0.57,0.9193,5,0.55,0.887,10,0.575,0.9274,4971,0
SPY190719C298,2019-07-18,2019-07-18 09:46:11,0.58,0.9354,978,0.56,0.9032,457,0.55,0.887,10,0.57,0.9193,4971,0
SPY190719C298,2019-07-18,2019-07-18 09:46:12,0.58,0.9354,846,0.56,0.9032,703,0.55,0.887,10,0.57,0.9193,4971,0
SPY190719C298,2019-07-18,2019-07-18 09:46:12,0.58,0.9354,617,0.57,0.9193,4,0.55,0.887,10,0.575,0.9274,4971,0
SPY190719C298,2019-07-18,2019-07-18 09:46:13,0.58,0.9354,846,0.56,0.9032,752,0.55,0.887,10,0.57,0.9193,4971,0
SPY190719C298,2019-07-18,2019-07-18 09:46:13,0.57,0.9193,109,0.56,0.9032,540,0.55,0.887,10,0.565,0.9112,4971,0
SPY190719C298,2019-07-18,2019-07-18 09:46:14,0.58,0.9354,713,0.56,0.9032,365,0.55,0.887,10,0.57,0.9193,4971,0
SPY190719C298,2019-07-18,2019-07-18 09:46:14,0.57,0.9193,183,0.56,0.9032,178,0.55,0.887,10,0.565,0.9112,4971,0
SPY190719C298,2019-07-18,2019-07-18 09:46:15,0.57,0.9193,56,0.56,0.9032,209,0.55,0.887,10,0.565,0.9112,4971,0
SPY190719C298,2019-07-18,2019-07-18 09:46:15,0.57,0.9193,56,0.56,0.9032,271,0.55,0.887,10,0.565,0.9112,4971,0
SPY190719C298,2019-07-18,2019-07-18 09:46:16,0.58,0.9354,517,0.57,0.9193,168,0.55,0.887,10,0.575,0.9274,4971,0
SPY190719C298,2019-07-18,2019-07-18 09:46:17,0.58,0.9354,517,0.57,0.9193,168,0.55,0.887,10,0.575,0.9274,4971,0
SPY190719C298,2019-07-18,2019-07-18 09:46:17,0.58,0.9354,563,0.57,0.9193,168,0.55,0.887,10,0.575,0.9274,4971,0
SPY190719C298,2019-07-18,2019-07-18 09:46:18,0.58,0.9354,563,0.57,0.9193,168,0.55,0.887,10,0.575,0.9274,4971,0
SPY190719C298,2019-07-18,2019-07-18 09:46:19,0.58,0.9354,563,0.57,0.9193,168,0.55,0.887,10,0.575,0.9274,4971,0
SPY190719C298,2019-07-18,2019-07-18 09:46:20,0.58,0.9354,399,0.57,0.9193,168,0.55,0.887,10,0.575,0.9274,4971,0
SPY190719C298,2019-07-18,2019-07-18 09:46:21,0.58,0.9354,100,0.57,0.9193,219,0.55,0.887,10,0.575,0.9274,4971,0
SPY190719C298,2019-07-18,2019-07-18 09:46:21,0.59,0.9516,1143,0.57,0.9193,294,0.55,0.887,10,0.58,0.9354,4971,0
SPY190719C298,2019-07-18,2019-07-18 09:46:22,0.59,0.9516,726,0.57,0.9193,498,0.55,0.887,10,0.58,0.9354,4971,0
SPY190719C298,2019-07-18,2019-07-18 09:46:22,0.58,0.9354,232,0.57,0.9193,163,0.55,0.887,10,0.575,0.9274,4971,0
SPY190719C298,2019-07-18,2019-07-18 09:46:23,0.59,0.9516,49,0.57,0.9193,669,0.55,0.887,10,0.58,0.9354,4971,0
SPY190719C298,2019-07-18,2019-07-18 09:46:24,0.59,0.9516,129,0.57,0.9193,669,0.55,0.887,10,0.58,0.9354,4971,0
SPY190719C298,2019-07-18,2019-07-18 09:46:24,0.58,0.9354,50,0.57,0.9193,540,0.55,0.887,10,0.575,0.9274,4971,0
SPY190719C298,2019-07-18,2019-07-18 09:46:25,0.58,0.9354,180,0.57,0.9193,540,0.55,0.887,10,0.575,0.9274,4971,0
SPY190719C298,2019-07-18,2019-07-18 09:46:25,0.58,0.9354,50,0.57,0.9193,540,0.55,0.887,10,0.575,0.9274,4971,0
SPY190719C298,2019-07-18,2019-07-18 09:46:26,0.58,0.9354,290,0.57,0.9193,180,0.55,0.887,10,0.575,0.9274,4971,0
SPY190719C298,2019-07-18,2019-07-18 09:46:26,0.58,0.9354,590,0.57,0.9193,122,0.55,0.887,10,0.575,0.9274,4971,0
SPY190719C298,2019-07-18,2019-07-18 09:46:27,0.58,0.9354,558,0.57,0.9193,122,0.55,0.887,10,0.575,0.9274,4971,0
SPY190719C298,2019-07-18,2019-07-18 09:46:27,0.58,0.9354,590,0.57,0.9193,433,0.55,0.887,10,0.575,0.9274,4971,0
SPY190719C298,2019-07-18,2019-07-18 09:46:28,0.58,0.9354,388,0.57,0.9193,122,0.57,0.9193,1,0.575,0.9274,4972,1
SPY190719C298,2019-07-18,2019-07-18 09:46:29,0.58,0.9354,388,0.57,0.9193,132,0.57,0.9193,1,0.575,0.9274,4972,0
SPY190719C298,2019-07-18,2019-07-18 09:46:30,0.58,0.9354,388,0.57,0.9193,122,0.57,0.9193,1,0.575,0.9274,4972,0
SPY190719C298,2019-07-18,2019-07-18 09:46:31,0.58,0.9354,388,0.57,0.9193,769,0.57,0.9193,1,0.575,0.9274,4972,0
SPY190719C298,2019-07-18,2019-07-18 09:46:31,0.59,0.9516,486,0.57,0.9193,1335,0.57,0.9193,1,0.58,0.9354,4972,0
SPY190719C298,2019-07-18,2019-07-18 09:46:32,0.59,0.9516,476,0.58,0.9354,167,0.57,0.9193,1,0.585,0.9435,4972,0
SPY190719C298,2019-07-18,2019-07-18 09:46:33,0.59,0.9516,18,0.58,0.9354,627,0.57,0.9193,1,0.585,0.9435,4972,0
SPY190719C298,2019-07-18,2019-07-18 09:46:34,0.59,0.9516,18,0.58,0.9354,973,0.57,0.9193,1,0.585,0.9435,4972,0
SPY190719C298,2019-07-18,2019-07-18 09:46:34,0.59,0.9516,18,0.58,0.9354,751,0.57,0.9193,1,0.585,0.9435,4972,0
SPY190719C298,2019-07-18,2019-07-18 09:46:35,0.59,0.9516,271,0.58,0.9354,527,0.57,0.9193,1,0.585,0.9435,4972,0
SPY190719C298,2019-07-18,2019-07-18 09:46:35,0.59,0.9516,159,0.58,0.9354,577,0.57,0.9193,1,0.585,0.9435,4972,0
SPY190719C298,2019-07-18,2019-07-18 09:46:36,0.59,0.9516,159,0.58,0.9354,527,0.57,0.9193,1,0.585,0.9435,4972,0
SPY190719C298,2019-07-18,2019-07-18 09:46:37,0.59,0.9516,776,0.58,0.9354,527,0.57,0.9193,1,0.585,0.9435,4972,0
SPY190719C298,2019-07-18,2019-07-18 09:46:38,0.59,0.9516,776,0.58,0.9354,527,0.57,0.9193,1,0.585,0.9435,4972,0
SPY190719C298,2019-07-18,2019-07-18 09:46:38,0.59,0.9516,776,0.58,0.9354,1,0.58,0.9354,1,0.585,0.9435,4980,8
SPY190719C298,2019-07-18,2019-07-18 09:46:39,0.59,0.9516,388,0.57,0.9193,642,0.58,0.9354,1,0.58,0.9354,4980,0
SPY190719C298,2019-07-18,2019-07-18 09:46:39,0.59,0.9516,465,0.58,0.9354,167,0.59,0.9516,1,0.585,0.9435,4981,1
SPY190719C298,2019-07-18,2019-07-18 09:46:40,0.59,0.9516,641,0.58,0.9354,167,0.58,0.9354,3,0.585,0.9435,4984,3
SPY190719C298,2019-07-18,2019-07-18 09:46:41,0.58,0.9354,762,0.57,0.9193,519,0.57,0.9193,3,0.575,0.9274,4987,3
SPY190719C298,2019-07-18,2019-07-18 09:46:41,0.58,0.9354,397,0.57,0.9193,519,0.57,0.9193,3,0.575,0.9274,4987,0
SPY190719C298,2019-07-18,2019-07-18 09:46:42,0.58,0.9354,513,0.57,0.9193,159,0.58,0.9354,8,0.575,0.9274,4995,8
SPY190719C298,2019-07-18,2019-07-18 09:46:43,0.58,0.9354,87,0.57,0.9193,129,0.58,0.9354,8,0.575,0.9274,4995,0
SPY190719C298,2019-07-18,2019-07-18 09:46:43,0.58,0.9354,378,0.57,0.9193,119,0.58,0.9354,8,0.575,0.9274,4995,0
SPY190719C298,2019-07-18,2019-07-18 09:46:44,0.58,0.9354,205,0.57,0.9193,119,0.58,0.9354,8,0.575,0.9274,4995,0
SPY190719C298,2019-07-18,2019-07-18 09:46:45,0.58,0.9354,270,0.57,0.9193,119,0.58,0.9354,8,0.575,0.9274,4995,0
SPY190719C298,2019-07-18,2019-07-18 09:46:45,0.57,0.9193,50,0.56,0.9032,540,0.57,0.9193,3,0.565,0.9112,5010,15
SPY190719C298,2019-07-18,2019-07-18 09:46:46,0.57,0.9193,56,0.56,0.9032,590,0.57,0.9193,3,0.565,0.9112,5010,0
SPY190719C298,2019-07-18,2019-07-18 09:46:47,0.58,0.9354,376,0.56,0.9032,703,0.57,0.9193,3,0.57,0.9193,5010,0
SPY190719C298,2019-07-18,2019-07-18 09:46:49,0.58,0.9354,439,0.57,0.9193,159,0.56,0.9032,100,0.575,0.9274,5110,100
SPY190719C298,2019-07-18,2019-07-18 09:46:50,0.58,0.9354,439,0.57,0.9193,159,0.56,0.9032,100,0.575,0.9274,5110,0
SPY190719C298,2019-07-18,2019-07-18 09:46:51,0.58,0.9354,439,0.56,0.9032,590,0.57,0.9193,8,0.57,0.9193,5130,20
SPY190719C298,2019-07-18,2019-07-18 09:46:51,0.58,0.9354,439,0.57,0.9193,159,0.56,0.9032,100,0.575,0.9274,5110,0
SPY190719C298,2019-07-18,2019-07-18 09:46:52,0.57,0.9193,56,0.56,0.9032,590,0.57,0.9193,8,0.565,0.9112,5130,0
SPY190719C298,2019-07-18,2019-07-18 09:46:53,0.57,0.9193,347,0.56,0.9032,180,0.57,0.9193,8,0.565,0.9112,5130,0
SPY190719C298,2019-07-18,2019-07-18 09:46:54,0.57,0.9193,347,0.56,0.9032,180,0.57,0.9193,8,0.565,0.9112,5130,0
SPY190719C298,2019-07-18,2019-07-18 09:46:55,0.57,0.9193,367,0.56,0.9032,180,0.57,0.9193,3,0.565,0.9112,5133,3
SPY190719C298,2019-07-18,2019-07-18 09:46:55,0.57,0.9193,347,0.56,0.9032,180,0.57,0.9193,8,0.565,0.9112,5130,0
SPY190719C298,2019-07-18,2019-07-18 09:46:56,0.57,0.9193,347,0.56,0.9032,180,0.57,0.9193,3,0.565,0.9112,5133,0
SPY190719C298,2019-07-18,2019-07-18 09:46:56,0.57,0.9193,376,0.55,0.887,180,0.57,0.9193,5,0.56,0.9032,5138,5
SPY190719C298,2019-07-18,2019-07-18 09:46:57,0.57,0.9193,348,0.55,0.887,127,0.57,0.9193,5,0.56,0.9032,5138,0
SPY190719C298,2019-07-18,2019-07-18 09:46:57,0.56,0.9032,88,0.55,0.887,127,0.57,0.9193,5,0.555,0.8951,5138,0
SPY190719C298,2019-07-18,2019-07-18 09:46:58,0.57,0.9193,367,0.55,0.887,127,0.57,0.9193,5,0.56,0.9032,5138,0
SPY190719C298,2019-07-18,2019-07-18 09:46:59,0.57,0.9193,132,0.56,0.9032,101,0.57,0.9193,5,0.565,0.9112,5138,0
SPY190719C298,2019-07-18,2019-07-18 09:46:59,0.57,0.9193,266,0.56,0.9032,183,0.57,0.9193,5,0.565,0.9112,5138,0
SPY190719C298,2019-07-18,2019-07-18 09:47:00,0.57,0.9193,364,0.56,0.9032,183,0.57,0.9193,5,0.565,0.9112,5138,0
SPY190719C298,2019-07-18,2019-07-18 09:47:01,0.57,0.9193,106,0.56,0.9032,208,0.57,0.9193,7,0.565,0.9112,5145,0
SPY190719C298,2019-07-18,2019-07-18 09:47:01,0.57,0.9193,364,0.56,0.9032,208,0.57,0.9193,7,0.565,0.9112,5145,7
SPY190719C298,2019-07-18,2019-07-18 09:47:02,0.58,0.9354,212,0.57,0.9193,5,0.57,0.9193,7,0.575,0.9274,5145,0
SPY190719C298,2019-07-18,2019-07-18 09:47:02,0.58,0.9354,93,0.57,0.9193,183,0.57,0.9193,7,0.575,0.9274,5145,0
SPY190719C298,2019-07-18,2019-07-18 09:47:03,0.58,0.9354,347,0.57,0.9193,183,0.57,0.9193,7,0.575,0.9274,5145,0
SPY190719C298,2019-07-18,2019-07-18 09:47:04,0.59,0.9516,322,0.57,0.9193,401,0.57,0.9193,7,0.58,0.9354,5145,0
SPY190719C298,2019-07-18,2019-07-18 09:47:04,0.58,0.9354,361,0.57,0.9193,225,0.57,0.9193,7,0.575,0.9274,5145,0
SPY190719C298,2019-07-18,2019-07-18 09:47:05,0.58,0.9354,56,0.57,0.9193,401,0.57,0.9193,7,0.575,0.9274,5145,0
SPY190719C298,2019-07-18,2019-07-18 09:47:05,0.58,0.9354,131,0.57,0.9193,179,0.57,0.9193,7,0.575,0.9274,5145,0
SPY190719C298,2019-07-18,2019-07-18 09:47:06,0.58,0.9354,131,0.57,0.9193,295,0.57,0.9193,7,0.575,0.9274,5145,0
SPY190719C298,2019-07-18,2019-07-18 09:47:07,0.58,0.9354,264,0.57,0.9193,299,0.57,0.9193,7,0.575,0.9274,5145,0
SPY190719C298,2019-07-18,2019-07-18 09:47:07,0.58,0.9354,89,0.57,0.9193,179,0.57,0.9193,7,0.575,0.9274,5145,0
SPY190719C298,2019-07-18,2019-07-18 09:47:08,0.58,0.9354,140,0.57,0.9193,295,0.57,0.9193,7,0.575,0.9274,5145,0
SPY190719C298,2019-07-18,2019-07-18 09:47:08,0.58,0.9354,92,0.57,0.9193,179,0.57,0.9193,7,0.575,0.9274,5145,0
SPY190719C298,2019-07-18,2019-07-18 09:47:09,0.58,0.9354,347,0.57,0.9193,295,0.57,0.9193,7,0.575,0.9274,5145,0
SPY190719C298,2019-07-18,2019-07-18 09:47:10,0.58,0.9354,347,0.57,0.9193,295,0.58,0.9354,50,0.575,0.9274,5195,50
SPY190719C298,2019-07-18,2019-07-18 09:47:10,0.58,0.9354,93,0.57,0.9193,295,0.58,0.9354,50,0.575,0.9274,5195,0
SPY190719C298,2019-07-18,2019-07-18 09:47:11,0.58,0.9354,93,0.57,0.9193,179,0.58,0.9354,5,0.575,0.9274,5200,5
SPY190719C298,2019-07-18,2019-07-18 09:47:11,0.58,0.9354,93,0.57,0.9193,295,0.58,0.9354,50,0.575,0.9274,5195,0
SPY190719C298,2019-07-18,2019-07-18 09:47:12,0.58,0.9354,347,0.57,0.9193,179,0.58,0.9354,5,0.575,0.9274,5200,0
SPY190719C298,2019-07-18,2019-07-18 09:47:13,0.58,0.9354,598,0.57,0.9193,124,0.57,0.9193,2,0.575,0.9274,5208,8
SPY190719C298,2019-07-18,2019-07-18 09:47:13,0.58,0.9354,347,0.57,0.9193,179,0.58,0.9354,5,0.575,0.9274,5200,0
SPY190719C298,2019-07-18,2019-07-18 09:47:14,0.58,0.9354,235,0.57,0.9193,105,0.57,0.9193,2,0.575,0.9274,5208,0
SPY190719C298,2019-07-18,2019-07-18 09:47:14,0.58,0.9354,563,0.57,0.9193,105,0.57,0.9193,2,0.575,0.9274,5208,0
SPY190719C298,2019-07-18,2019-07-18 09:47:15,0.59,0.9516,569,0.57,0.9193,279,0.57,0.9193,2,0.58,0.9354,5208,0
SPY190719C298,2019-07-18,2019-07-18 09:47:16,0.58,0.9354,56,0.57,0.9193,275,0.58,0.9354,1,0.575,0.9274,5209,0
SPY190719C298,2019-07-18,2019-07-18 09:47:16,0.58,0.9354,1,0.57,0.9193,219,0.58,0.9354,1,0.575,0.9274,5209,1
SPY190719C298,2019-07-18,2019-07-18 09:47:17,0.59,0.9516,347,0.57,0.9193,542,0.58,0.9354,1,0.58,0.9354,5209,0
SPY190719C298,2019-07-18,2019-07-18 09:47:18,0.59,0.9516,746,0.57,0.9193,912,0.58,0.9354,1,0.58,0.9354,5209,0
SPY190719C298,2019-07-18,2019-07-18 09:47:18,0.59,0.9516,892,0.58,0.9354,1,0.58,0.9354,1,0.585,0.9435,5209,0
SPY190719C298,2019-07-18,2019-07-18 09:47:19,0.59,0.9516,658,0.58,0.9354,1,0.58,0.9354,1,0.585,0.9435,5209,0
SPY190719C298,2019-07-18,2019-07-18 09:47:19,0.59,0.9516,612,0.58,0.9354,1,0.58,0.9354,1,0.585,0.9435,5209,0
SPY190719C298,2019-07-18,2019-07-18 09:47:20,0.59,0.9516,209,0.58,0.9354,1,0.58,0.9354,1,0.585,0.9435,5209,0
SPY190719C298,2019-07-18,2019-07-18 09:47:21,0.59,0.9516,240,0.58,0.9354,5,0.58,0.9354,1,0.585,0.9435,5209,0
SPY190719C298,2019-07-18,2019-07-18 09:47:21,0.59,0.9516,495,0.58,0.9354,1,0.58,0.9354,1,0.585,0.9435,5209,0
SPY190719C298,2019-07-18,2019-07-18 09:47:22,0.59,0.9516,50,0.58,0.9354,100,0.58,0.9354,1,0.585,0.9435,5209,0
SPY190719C298,2019-07-18,2019-07-18 09:47:22,0.59,0.9516,303,0.58,0.9354,162,0.58,0.9354,5,0.585,0.9435,5214,5
SPY190719C298,2019-07-18,2019-07-18 09:47:23,0.59,0.9516,393,0.58,0.9354,162,0.58,0.9354,5,0.585,0.9435,5214,0
SPY190719C298,2019-07-18,2019-07-18 09:47:24,0.59,0.9516,393,0.58,0.9354,162,0.58,0.9354,5,0.585,0.9435,5214,0
SPY190719C298,2019-07-18,2019-07-18 09:47:25,0.59,0.9516,393,0.58,0.9354,162,0.58,0.9354,1,0.585,0.9435,5218,4
SPY190719C298,2019-07-18,2019-07-18 09:47:25,0.59,0.9516,393,0.58,0.9354,162,0.58,0.9354,5,0.585,0.9435,5214,0
SPY190719C298,2019-07-18,2019-07-18 09:47:26,0.59,0.9516,393,0.58,0.9354,162,0.58,0.9354,1,0.585,0.9435,5218,0
SPY190719C298,2019-07-18,2019-07-18 09:47:27,0.59,0.9516,543,0.58,0.9354,162,0.59,0.9516,1,0.585,0.9435,5229,5
SPY190719C298,2019-07-18,2019-07-18 09:47:27,0.59,0.9516,393,0.58,0.9354,162,0.58,0.9354,1,0.585,0.9435,5224,6
SPY190719C298,2019-07-18,2019-07-18 09:47:28,0.59,0.9516,477,0.58,0.9354,162,0.59,0.9516,1,0.585,0.9435,5229,0
SPY190719C298,2019-07-18,2019-07-18 09:47:29,0.59,0.9516,381,0.58,0.9354,36,0.59,0.9516,1,0.585,0.9435,5229,0
SPY190719C298,2019-07-18,2019-07-18 09:47:30,0.59,0.9516,388,0.58,0.9354,50,0.59,0.9516,1,0.585,0.9435,5230,1
SPY190719C298,2019-07-18,2019-07-18 09:47:30,0.59,0.9516,380,0.58,0.9354,50,0.59,0.9516,1,0.585,0.9435,5229,0
SPY190719C298,2019-07-18,2019-07-18 09:47:31,0.59,0.9516,691,0.58,0.9354,92,0.58,0.9354,3,0.585,0.9435,5242,11
SPY190719C298,2019-07-18,2019-07-18 09:47:31,0.59,0.9516,654,0.58,0.9354,50,0.59,0.9516,1,0.585,0.9435,5231,1
SPY190719C298,2019-07-18,2019-07-18 09:47:32,0.59,0.9516,925,0.57,0.9193,161,0.58,0.9354,2,0.58,0.9354,5254,12
SPY190719C298,2019-07-18,2019-07-18 09:47:33,0.58,0.9354,404,0.57,0.9193,203,0.58,0.9354,2,0.575,0.9274,5254,0
SPY190719C298,2019-07-18,2019-07-18 09:47:33,0.58,0.9354,145,0.57,0.9193,203,0.58,0.9354,1,0.575,0.9274,5255,1
SPY190719C298,2019-07-18,2019-07-18 09:47:34,0.58,0.9354,261,0.57,0.9193,203,0.57,0.9193,1,0.575,0.9274,5256,1
SPY190719C298,2019-07-18,2019-07-18 09:47:35,0.58,0.9354,344,0.57,0.9193,161,0.57,0.9193,1,0.575,0.9274,5256,0
SPY190719C298,2019-07-18,2019-07-18 09:47:35,0.58,0.9354,138,0.57,0.9193,161,0.57,0.9193,1,0.575,0.9274,5256,0
SPY190719C298,2019-07-18,2019-07-18 09:47:36,0.58,0.9354,344,0.57,0.9193,161,0.57,0.9193,1,0.575,0.9274,5256,0
SPY190719C298,2019-07-18,2019-07-18 09:47:36,0.59,0.9516,469,0.57,0.9193,448,0.58,0.9354,3,0.58,0.9354,5261,5
SPY190719C298,2019-07-18,2019-07-18 09:47:37,0.59,0.9516,432,0.58,0.9354,3,0.58,0.9354,1,0.585,0.9435,5262,1
SPY190719C298,2019-07-18,2019-07-18 09:47:38,0.59,0.9516,570,0.58,0.9354,138,0.58,0.9354,1,0.585,0.9435,5262,0
SPY190719C298,2019-07-18,2019-07-18 09:47:38,0.59,0.9516,495,0.58,0.9354,138,0.58,0.9354,1,0.585,0.9435,5262,0
SPY190719C298,2019-07-18,2019-07-18 09:47:39,0.58,0.9354,148,0.57,0.9193,1210,0.58,0.9354,1,0.575,0.9274,5262,0
SPY190719C298,2019-07-18,2019-07-18 09:47:39,0.58,0.9354,60,0.57,0.9193,425,0.58,0.9354,1,0.575,0.9274,5263,1
SPY190719C298,2019-07-18,2019-07-18 09:47:40,0.58,0.9354,60,0.57,0.9193,242,0.58,0.9354,1,0.575,0.9274,5263,0
SPY190719C298,2019-07-18,2019-07-18 09:47:41,0.59,0.9516,1112,0.57,0.9193,619,0.58,0.9354,1,0.58,0.9354,5263,0
SPY190719C298,2019-07-18,2019-07-18 09:47:41,0.58,0.9354,56,0.57,0.9193,245,0.58,0.9354,1,0.575,0.9274,5263,0
SPY190719C298,2019-07-18,2019-07-18 09:47:42,0.58,0.9354,208,0.57,0.9193,197,0.58,0.9354,1,0.575,0.9274,5263,0
SPY190719C298,2019-07-18,2019-07-18 09:47:42,0.58,0.9354,116,0.57,0.9193,161,0.58,0.9354,1,0.575,0.9274,5263,0
SPY190719C298,2019-07-18,2019-07-18 09:47:43,0.58,0.9354,488,0.57,0.9193,197,0.58,0.9354,2,0.575,0.9274,5265,2
SPY190719C298,2019-07-18,2019-07-18 09:47:43,0.58,0.9354,522,0.57,0.9193,197,0.58,0.9354,1,0.575,0.9274,5263,0
SPY190719C298,2019-07-18,2019-07-18 09:47:44,0.58,0.9354,355,0.57,0.9193,197,0.58,0.9354,2,0.575,0.9274,5265,0
SPY190719C298,2019-07-18,2019-07-18 09:47:45,0.58,0.9354,355,0.57,0.9193,197,0.58,0.9354,2,0.575,0.9274,5265,0
SPY190719C298,2019-07-18,2019-07-18 09:47:46,0.58,0.9354,355,0.57,0.9193,197,0.58,0.9354,2,0.575,0.9274,5265,0
SPY190719C298,2019-07-18,2019-07-18 09:47:47,0.57,0.9193,160,0.56,0.9032,161,0.57,0.9193,4,0.565,0.9112,5292,0
SPY190719C298,2019-07-18,2019-07-18 09:47:47,0.57,0.9193,156,0.56,0.9032,521,0.57,0.9193,4,0.565,0.9112,5292,27
SPY190719C298,2019-07-18,2019-07-18 09:47:48,0.57,0.9193,49,0.56,0.9032,581,0.57,0.9193,4,0.565,0.9112,5292,0
SPY190719C298,2019-07-18,2019-07-18 09:47:49,0.57,0.9193,97,0.56,0.9032,161,0.57,0.9193,4,0.565,0.9112,5292,0
SPY190719C298,2019-07-18,2019-07-18 09:47:49,0.57,0.9193,187,0.56,0.9032,5,0.57,0.9193,4,0.565,0.9112,5292,0
SPY190719C298,2019-07-18,2019-07-18 09:47:50,0.57,0.9193,56,0.56,0.9032,498,0.57,0.9193,4,0.565,0.9112,5292,0
SPY190719C298,2019-07-18,2019-07-18 09:47:51,0.57,0.9193,500,0.56,0.9032,388,0.57,0.9193,4,0.565,0.9112,5292,0
SPY190719C298,2019-07-18,2019-07-18 09:47:52,0.57,0.9193,845,0.56,0.9032,360,0.57,0.9193,4,0.565,0.9112,5292,0
SPY190719C298,2019-07-18,2019-07-18 09:47:52,0.56,0.9032,106,0.56,0.9032,50,0.57,0.9193,4,0.56,0.9032,5292,0
SPY190719C298,2019-07-18,2019-07-18 09:47:53,0.56,0.9032,426,0.55,0.887,498,0.56,0.9032,30,0.555,0.8951,5322,30
SPY190719C298,2019-07-18,2019-07-18 09:47:54,0.55,0.887,132,0.54,0.8709,498,0.56,0.9032,5,0.545,0.879,5327,0
SPY190719C298,2019-07-18,2019-07-18 09:47:54,0.56,0.9032,530,0.54,0.8709,821,0.56,0.9032,5,0.55,0.887,5327,5
SPY190719C298,2019-07-18,2019-07-18 09:47:55,0.56,0.9032,857,0.54,0.8709,498,0.56,0.9032,5,0.55,0.887,5327,0
SPY190719C298,2019-07-18,2019-07-18 09:47:56,0.56,0.9032,640,0.55,0.887,5,0.56,0.9032,5,0.555,0.8951,5327,0
SPY190719C298,2019-07-18,2019-07-18 09:47:56,0.56,0.9032,736,0.55,0.887,5,0.56,0.9032,5,0.555,0.8951,5327,0
SPY190719C298,2019-07-18,2019-07-18 09:47:57,0.56,0.9032,821,0.55,0.887,45,0.56,0.9032,5,0.555,0.8951,5327,0
SPY190719C298,2019-07-18,2019-07-18 09:47:58,0.56,0.9032,1,0.55,0.887,512,0.56,0.9032,5,0.555,0.8951,5327,0
SPY190719C298,2019-07-18,2019-07-18 09:47:58,0.56,0.9032,206,0.55,0.887,507,0.56,0.9032,5,0.555,0.8951,5327,0
SPY190719C298,2019-07-18,2019-07-18 09:47:59,0.56,0.9032,143,0.55,0.887,137,0.56,0.9032,5,0.555,0.8951,5327,0
SPY190719C298,2019-07-18,2019-07-18 09:47:59,0.56,0.9032,129,0.55,0.887,612,0.56,0.9032,5,0.555,0.8951,5327,0
SPY190719C298,2019-07-18,2019-07-18 09:48:00,0.56,0.9032,143,0.55,0.887,137,0.56,0.9032,5,0.555,0.8951,5327,0
SPY190719C298,2019-07-18,2019-07-18 09:48:01,0.56,0.9032,22,0.55,0.887,1796,0.56,0.9032,5,0.555,0.8951,5327,0
SPY190719C298,2019-07-18,2019-07-18 09:48:01,0.56,0.9032,22,0.55,0.887,508,0.56,0.9032,5,0.555,0.8951,5327,0
SPY190719C298,2019-07-18,2019-07-18 09:48:02,0.56,0.9032,22,0.55,0.887,1796,0.56,0.9032,5,0.555,0.8951,5327,0
SPY190719C298,2019-07-18,2019-07-18 09:48:03,0.58,0.9354,572,0.56,0.9032,590,0.56,0.9032,1,0.57,0.9193,5328,0
SPY190719C298,2019-07-18,2019-07-18 09:48:03,0.57,0.9193,56,0.56,0.9032,80,0.56,0.9032,1,0.565,0.9112,5328,1
SPY190719C298,2019-07-18,2019-07-18 09:48:04,0.58,0.9354,498,0.56,0.9032,1729,0.56,0.9032,1,0.57,0.9193,5328,0
SPY190719C298,2019-07-18,2019-07-18 09:48:05,0.58,0.9354,132,0.57,0.9193,110,0.56,0.9032,1,0.575,0.9274,5328,0
SPY190719C298,2019-07-18,2019-07-18 09:48:06,0.58,0.9354,113,0.57,0.9193,147,0.56,0.9032,1,0.575,0.9274,5328,0
SPY190719C298,2019-07-18,2019-07-18 09:48:06,0.58,0.9354,113,0.57,0.9193,110,0.56,0.9032,1,0.575,0.9274,5328,0
SPY190719C298,2019-07-18,2019-07-18 09:48:07,0.58,0.9354,60,0.57,0.9193,100,0.56,0.9032,1,0.575,0.9274,5328,0
SPY190719C298,2019-07-18,2019-07-18 09:48:07,0.58,0.9354,87,0.57,0.9193,329,0.56,0.9032,1,0.575,0.9274,5328,0
SPY190719C298,2019-07-18,2019-07-18 09:48:08,0.58,0.9354,87,0.57,0.9193,36,0.56,0.9032,1,0.575,0.9274,5328,0
SPY190719C298,2019-07-18,2019-07-18 09:48:08,0.58,0.9354,347,0.57,0.9193,67,0.56,0.9032,1,0.575,0.9274,5328,0
SPY190719C298,2019-07-18,2019-07-18 09:48:09,0.58,0.9354,347,0.57,0.9193,67,0.56,0.9032,1,0.575,0.9274,5328,0
SPY190719C298,2019-07-18,2019-07-18 09:48:10,0.58,0.9354,347,0.57,0.9193,77,0.56,0.9032,1,0.575,0.9274,5328,0
SPY190719C298,2019-07-18,2019-07-18 09:48:10,0.58,0.9354,159,0.57,0.9193,67,0.56,0.9032,1,0.575,0.9274,5328,0
SPY190719C298,2019-07-18,2019-07-18 09:48:11,0.58,0.9354,76,0.57,0.9193,67,0.56,0.9032,1,0.575,0.9274,5328,0
SPY190719C298,2019-07-18,2019-07-18 09:48:11,0.58,0.9354,159,0.57,0.9193,67,0.56,0.9032,1,0.575,0.9274,5328,0
SPY190719C298,2019-07-18,2019-07-18 09:48:12,0.58,0.9354,347,0.56,0.9032,1695,0.56,0.9032,1,0.57,0.9193,5328,0
SPY190719C298,2019-07-18,2019-07-18 09:48:12,0.58,0.9354,165,0.57,0.9193,75,0.56,0.9032,1,0.575,0.9274,5328,0
SPY190719C298,2019-07-18,2019-07-18 09:48:13,0.58,0.9354,625,0.56,0.9032,148,0.56,0.9032,1,0.57,0.9193,5328,0
SPY190719C298,2019-07-18,2019-07-18 09:48:13,0.58,0.9354,347,0.57,0.9193,3,0.56,0.9032,1,0.575,0.9274,5328,0
SPY190719C298,2019-07-18,2019-07-18 09:48:14,0.57,0.9193,247,0.56,0.9032,138,0.56,0.9032,1,0.565,0.9112,5328,0
SPY190719C298,2019-07-18,2019-07-18 09:48:15,0.57,0.9193,578,0.55,0.887,198,0.56,0.9032,1,0.56,0.9032,5328,0
SPY190719C298,2019-07-18,2019-07-18 09:48:15,0.57,0.9193,247,0.55,0.887,769,0.56,0.9032,1,0.56,0.9032,5328,0
SPY190719C298,2019-07-18,2019-07-18 09:48:16,0.57,0.9193,578,0.55,0.887,5,0.56,0.9032,1,0.56,0.9032,5328,0
SPY190719C298,2019-07-18,2019-07-18 09:48:16,0.56,0.9032,86,0.55,0.887,143,0.56,0.9032,1,0.555,0.8951,5328,0
SPY190719C298,2019-07-18,2019-07-18 09:48:17,0.56,0.9032,86,0.55,0.887,143,0.56,0.9032,1,0.555,0.8951,5328,0
SPY190719C298,2019-07-18,2019-07-18 09:48:18,0.56,0.9032,498,0.55,0.887,133,0.56,0.9032,1,0.555,0.8951,5328,0
SPY190719C298,2019-07-18,2019-07-18 09:48:18,0.56,0.9032,73,0.54,0.8709,202,0.55,0.887,2,0.55,0.887,5330,2
SPY190719C298,2019-07-18,2019-07-18 09:48:19,0.56,0.9032,1069,0.54,0.8709,158,0.55,0.887,3,0.55,0.887,5340,10
SPY190719C298,2019-07-18,2019-07-18 09:48:20,0.55,0.887,86,0.54,0.8709,198,0.55,0.887,3,0.545,0.879,5340,0
SPY190719C298,2019-07-18,2019-07-18 09:48:20,0.55,0.887,86,0.54,0.8709,208,0.55,0.887,3,0.545,0.879,5340,0
SPY190719C298,2019-07-18,2019-07-18 09:48:21,0.55,0.887,86,0.54,0.8709,198,0.55,0.887,3,0.545,0.879,5340,0
SPY190719C298,2019-07-18,2019-07-18 09:48:22,0.55,0.887,92,0.54,0.8709,198,0.54,0.8709,1,0.545,0.879,5341,1
SPY190719C298,2019-07-18,2019-07-18 09:48:22,0.55,0.887,56,0.54,0.8709,208,0.55,0.887,3,0.545,0.879,5340,0
SPY190719C298,2019-07-18,2019-07-18 09:48:23,0.55,0.887,92,0.54,0.8709,198,0.54,0.8709,1,0.545,0.879,5341,0
SPY190719C298,2019-07-18,2019-07-18 09:48:23,0.55,0.887,184,0.53,0.8548,585,0.53,0.8548,10,0.54,0.8709,5351,10
SPY190719C298,2019-07-18,2019-07-18 09:48:24,0.55,0.887,228,0.53,0.8548,1149,0.53,0.8548,10,0.54,0.8709,5351,0
SPY190719C298,2019-07-18,2019-07-18 09:48:25,0.55,0.887,363,0.53,0.8548,1149,0.53,0.8548,10,0.54,0.8709,5351,0
SPY190719C298,2019-07-18,2019-07-18 09:48:25,0.55,0.887,264,0.53,0.8548,1149,0.53,0.8548,10,0.54,0.8709,5351,0
SPY190719C298,2019-07-18,2019-07-18 09:48:26,0.55,0.887,75,0.54,0.8709,267,0.53,0.8548,10,0.545,0.879,5351,0
SPY190719C298,2019-07-18,2019-07-18 09:48:26,0.55,0.887,251,0.53,0.8548,1149,0.53,0.8548,10,0.54,0.8709,5351,0
SPY190719C298,2019-07-18,2019-07-18 09:48:27,0.55,0.887,75,0.54,0.8709,214,0.53,0.8548,10,0.545,0.879,5351,0
SPY190719C298,2019-07-18,2019-07-18 09:48:28,0.55,0.887,75,0.54,0.8709,214,0.53,0.8548,10,0.545,0.879,5351,0
SPY190719C298,2019-07-18,2019-07-18 09:48:29,0.55,0.887,75,0.54,0.8709,214,0.53,0.8548,10,0.545,0.879,5351,0
SPY190719C298,2019-07-18,2019-07-18 09:48:29,0.55,0.887,75,0.54,0.8709,164,0.53,0.8548,10,0.545,0.879,5351,0
SPY190719C298,2019-07-18,2019-07-18 09:48:30,0.55,0.887,128,0.54,0.8709,164,0.53,0.8548,10,0.545,0.879,5351,0
SPY190719C298,2019-07-18,2019-07-18 09:48:31,0.55,0.887,472,0.53,0.8548,484,0.53,0.8548,10,0.54,0.8709,5351,0
SPY190719C298,2019-07-18,2019-07-18 09:48:31,0.54,0.8709,50,0.53,0.8548,484,0.53,0.8548,10,0.535,0.8629,5351,0
SPY190719C298,2019-07-18,2019-07-18 09:48:32,0.55,0.887,741,0.53,0.8548,801,0.53,0.8548,10,0.54,0.8709,5351,0
SPY190719C298,2019-07-18,2019-07-18 09:48:32,0.55,0.887,173,0.54,0.8709,5,0.53,0.8548,10,0.545,0.879,5351,0
SPY190719C298,2019-07-18,2019-07-18 09:48:33,0.55,0.887,658,0.53,0.8548,1961,0.53,0.8548,10,0.54,0.8709,5351,0
SPY190719C298,2019-07-18,2019-07-18 09:48:34,0.55,0.887,658,0.54,0.8709,168,0.53,0.8548,10,0.545,0.879,5351,0
SPY190719C298,2019-07-18,2019-07-18 09:48:34,0.55,0.887,520,0.54,0.8709,168,0.55,0.887,30,0.545,0.879,5381,30
SPY190719C298,2019-07-18,2019-07-18 09:48:35,0.55,0.887,336,0.54,0.8709,168,0.55,0.887,30,0.545,0.879,5381,0
SPY190719C298,2019-07-18,2019-07-18 09:48:35,0.55,0.887,389,0.53,0.8548,829,0.55,0.887,30,0.54,0.8709,5381,0
SPY190719C298,2019-07-18,2019-07-18 09:48:36,0.55,0.887,658,0.53,0.8548,566,0.55,0.887,30,0.54,0.8709,5381,0
SPY190719C298,2019-07-18,2019-07-18 09:48:37,0.55,0.887,815,0.53,0.8548,759,0.55,0.887,30,0.54,0.8709,5381,0
SPY190719C298,2019-07-18,2019-07-18 09:48:37,0.54,0.8709,77,0.53,0.8548,474,0.55,0.887,30,0.535,0.8629,5381,0
SPY190719C298,2019-07-18,2019-07-18 09:48:38,0.54,0.8709,2,0.53,0.8548,749,0.55,0.887,30,0.535,0.8629,5381,0
SPY190719C298,2019-07-18,2019-07-18 09:48:39,0.55,0.887,629,0.54,0.8709,6,0.55,0.887,30,0.545,0.879,5381,0
SPY190719C298,2019-07-18,2019-07-18 09:48:39,0.54,0.8709,50,0.53,0.8548,746,0.55,0.887,30,0.535,0.8629,5381,0
SPY190719C298,2019-07-18,2019-07-18 09:48:40,0.55,0.887,286,0.54,0.8709,146,0.55,0.887,30,0.545,0.879,5381,0
SPY190719C298,2019-07-18,2019-07-18 09:48:40,0.55,0.887,162,0.54,0.8709,143,0.55,0.887,30,0.545,0.879,5381,0
SPY190719C298,2019-07-18,2019-07-18 09:48:41,0.55,0.887,572,0.54,0.8709,153,0.55,0.887,30,0.545,0.879,5381,0
SPY190719C298,2019-07-18,2019-07-18 09:48:42,0.54,0.8709,50,0.54,0.8709,10,0.55,0.887,30,0.54,0.8709,5381,0
SPY190719C298,2019-07-18,2019-07-18 09:48:42,0.54,0.8709,86,0.53,0.8548,484,0.55,0.887,30,0.535,0.8629,5381,0
SPY190719C298,2019-07-18,2019-07-18 09:48:43,0.55,0.887,845,0.53,0.8548,541,0.55,0.887,30,0.54,0.8709,5381,0
SPY190719C298,2019-07-18,2019-07-18 09:48:43,0.54,0.8709,86,0.53,0.8548,628,0.55,0.887,30,0.535,0.8629,5381,0
SPY190719C298,2019-07-18,2019-07-18 09:48:44,0.54,0.8709,47,0.53,0.8548,628,0.55,0.887,30,0.535,0.8629,5381,0
SPY190719C298,2019-07-18,2019-07-18 09:48:44,0.54,0.8709,86,0.53,0.8548,628,0.55,0.887,30,0.535,0.8629,5381,0
SPY190719C298,2019-07-18,2019-07-18 09:48:45,0.54,0.8709,47,0.53,0.8548,628,0.55,0.887,30,0.535,0.8629,5381,0
SPY190719C298,2019-07-18,2019-07-18 09:48:46,0.54,0.8709,86,0.53,0.8548,628,0.55,0.887,30,0.535,0.8629,5381,0
SPY190719C298,2019-07-18,2019-07-18 09:48:47,0.54,0.8709,86,0.53,0.8548,628,0.55,0.887,30,0.535,0.8629,5381,0
SPY190719C298,2019-07-18,2019-07-18 09:48:47,0.54,0.8709,97,0.53,0.8548,628,0.55,0.887,30,0.535,0.8629,5381,0
SPY190719C298,2019-07-18,2019-07-18 09:48:48,0.54,0.8709,101,0.53,0.8548,628,0.55,0.887,30,0.535,0.8629,5381,0
SPY190719C298,2019-07-18,2019-07-18 09:48:48,0.54,0.8709,97,0.53,0.8548,628,0.55,0.887,30,0.535,0.8629,5381,0
SPY190719C298,2019-07-18,2019-07-18 09:48:49,0.55,0.887,190,0.53,0.8548,914,0.55,0.887,30,0.54,0.8709,5381,0
SPY190719C298,2019-07-18,2019-07-18 09:48:50,0.55,0.887,190,0.53,0.8548,1341,0.55,0.887,30,0.54,0.8709,5381,0
SPY190719C298,2019-07-18,2019-07-18 09:48:51,0.55,0.887,153,0.54,0.8709,97,0.55,0.887,30,0.545,0.879,5381,0
SPY190719C298,2019-07-18,2019-07-18 09:48:51,0.55,0.887,347,0.54,0.8709,6,0.55,0.887,30,0.545,0.879,5381,0
SPY190719C298,2019-07-18,2019-07-18 09:48:52,0.55,0.887,347,0.54,0.8709,45,0.55,0.887,30,0.545,0.879,5381,0
SPY190719C298,2019-07-18,2019-07-18 09:48:53,0.55,0.887,89,0.54,0.8709,204,0.55,0.887,80,0.545,0.879,6120,0
SPY190719C298,2019-07-18,2019-07-18 09:48:53,0.55,0.887,200,0.53,0.8548,1424,0.55,0.887,80,0.54,0.8709,6120,739
SPY190719C298,2019-07-18,2019-07-18 09:48:54,0.55,0.887,246,0.54,0.8709,204,0.55,0.887,80,0.545,0.879,6120,0
SPY190719C298,2019-07-18,2019-07-18 09:48:54,0.55,0.887,426,0.53,0.8548,673,0.55,0.887,80,0.54,0.8709,6120,0
SPY190719C298,2019-07-18,2019-07-18 09:48:55,0.55,0.887,169,0.53,0.8548,673,0.55,0.887,80,0.54,0.8709,6120,0
SPY190719C298,2019-07-18,2019-07-18 09:48:56,0.55,0.887,6,0.54,0.8709,288,0.55,0.887,80,0.545,0.879,6120,0
SPY190719C298,2019-07-18,2019-07-18 09:48:56,0.55,0.887,122,0.54,0.8709,188,0.55,0.887,80,0.545,0.879,6120,0
SPY190719C298,2019-07-18,2019-07-18 09:48:57,0.55,0.887,6,0.54,0.8709,680,0.55,0.887,80,0.545,0.879,6120,0
SPY190719C298,2019-07-18,2019-07-18 09:48:57,0.55,0.887,87,0.54,0.8709,525,0.55,0.887,80,0.545,0.879,6120,0
SPY190719C298,2019-07-18,2019-07-18 09:48:58,0.55,0.887,87,0.54,0.8709,525,0.55,0.887,80,0.545,0.879,6120,0
SPY190719C298,2019-07-18,2019-07-18 09:48:59,0.56,0.9032,50,0.55,0.887,1,0.55,0.887,1,0.555,0.8951,6121,1
SPY190719C298,2019-07-18,2019-07-18 09:48:59,0.55,0.887,6,0.54,0.8709,681,0.55,0.887,80,0.545,0.879,6120,0
SPY190719C298,2019-07-18,2019-07-18 09:49:00,0.56,0.9032,161,0.55,0.887,163,0.55,0.887,1,0.555,0.8951,6121,0
SPY190719C298,2019-07-18,2019-07-18 09:49:00,0.56,0.9032,155,0.55,0.887,213,0.55,0.887,1,0.555,0.8951,6121,0
SPY190719C298,2019-07-18,2019-07-18 09:49:01,0.56,0.9032,1779,0.54,0.8709,184,0.55,0.887,1,0.55,0.887,6121,0
SPY190719C298,2019-07-18,2019-07-18 09:49:02,0.55,0.887,184,0.54,0.8709,5,0.55,0.887,1,0.545,0.879,6121,0
SPY190719C298,2019-07-18,2019-07-18 09:49:02,0.55,0.887,184,0.53,0.8548,521,0.54,0.8709,1,0.54,0.8709,6127,6
SPY190719C298,2019-07-18,2019-07-18 09:49:03,0.55,0.887,1337,0.53,0.8548,521,0.54,0.8709,1,0.54,0.8709,6127,0
SPY190719C298,2019-07-18,2019-07-18 09:49:04,0.54,0.8709,47,0.53,0.8548,228,0.54,0.8709,1,0.535,0.8629,6127,0
SPY190719C298,2019-07-18,2019-07-18 09:49:04,0.55,0.887,1337,0.53,0.8548,559,0.54,0.8709,1,0.54,0.8709,6127,0
SPY190719C298,2019-07-18,2019-07-18 09:49:05,0.54,0.8709,86,0.53,0.8548,228,0.54,0.8709,1,0.535,0.8629,6127,0
SPY190719C298,2019-07-18,2019-07-18 09:49:06,0.54,0.8709,50,0.53,0.8548,264,0.54,0.8709,1,0.535,0.8629,6127,0
SPY190719C298,2019-07-18,2019-07-18 09:49:06,0.55,0.887,1993,0.53,0.8548,264,0.54,0.8709,1,0.54,0.8709,6127,0
SPY190719C298,2019-07-18,2019-07-18 09:49:07,0.54,0.8709,86,0.53,0.8548,264,0.54,0.8709,1,0.535,0.8629,6127,0
SPY190719C298,2019-07-18,2019-07-18 09:49:07,0.54,0.8709,86,0.53,0.8548,326,0.54,0.8709,1,0.535,0.8629,6127,0
SPY190719C298,2019-07-18,2019-07-18 09:49:08,0.54,0.8709,143,0.53,0.8548,682,0.54,0.8709,1,0.535,0.8629,6127,0
SPY190719C298,2019-07-18,2019-07-18 09:49:09,0.55,0.887,758,0.53,0.8548,950,0.54,0.8709,1,0.54,0.8709,6127,0
SPY190719C298,2019-07-18,2019-07-18 09:49:09,0.55,0.887,897,0.53,0.8548,950,0.54,0.8709,1,0.54,0.8709,6127,0
SPY190719C298,2019-07-18,2019-07-18 09:49:10,0.55,0.887,56,0.54,0.8709,5,0.54,0.8709,1,0.545,0.879,6127,0
SPY190719C298,2019-07-18,2019-07-18 09:49:10,0.55,0.887,124,0.54,0.8709,5,0.54,0.8709,1,0.545,0.879,6127,0
SPY190719C298,2019-07-18,2019-07-18 09:49:11,0.55,0.887,161,0.54,0.8709,5,0.54,0.8709,1,0.545,0.879,6127,0
SPY190719C298,2019-07-18,2019-07-18 09:49:12,0.55,0.887,161,0.54,0.8709,150,0.54,0.8709,1,0.545,0.879,6127,0
SPY190719C298,2019-07-18,2019-07-18 09:49:12,0.55,0.887,161,0.54,0.8709,250,0.54,0.8709,1,0.545,0.879,6127,0
SPY190719C298,2019-07-18,2019-07-18 09:49:13,0.55,0.887,161,0.54,0.8709,200,0.54,0.8709,1,0.545,0.879,6127,0
SPY190719C298,2019-07-18,2019-07-18 09:49:13,0.55,0.887,161,0.54,0.8709,242,0.54,0.8709,1,0.545,0.879,6127,0
SPY190719C298,2019-07-18,2019-07-18 09:49:14,0.55,0.887,1038,0.53,0.8548,772,0.54,0.8709,1,0.54,0.8709,6127,0
SPY190719C298,2019-07-18,2019-07-18 09:49:15,0.55,0.887,1038,0.54,0.8709,5,0.54,0.8709,1,0.545,0.879,6127,0
SPY190719C298,2019-07-18,2019-07-18 09:49:15,0.55,0.887,161,0.54,0.8709,5,0.54,0.8709,1,0.545,0.879,6127,0
SPY190719C298,2019-07-18,2019-07-18 09:49:16,0.55,0.887,600,0.54,0.8709,163,0.54,0.8709,1,0.545,0.879,6127,0
SPY190719C298,2019-07-18,2019-07-18 09:49:16,0.55,0.887,197,0.54,0.8709,163,0.54,0.8709,1,0.545,0.879,6127,0
SPY190719C298,2019-07-18,2019-07-18 09:49:17,0.55,0.887,525,0.54,0.8709,7,0.54,0.8709,1,0.545,0.879,6127,0
SPY190719C298,2019-07-18,2019-07-18 09:49:17,0.55,0.887,238,0.54,0.8709,243,0.54,0.8709,1,0.545,0.879,6127,0
SPY190719C298,2019-07-18,2019-07-18 09:49:18,0.55,0.887,233,0.54,0.8709,246,0.54,0.8709,1,0.545,0.879,6127,0
SPY190719C298,2019-07-18,2019-07-18 09:49:19,0.55,0.887,233,0.54,0.8709,237,0.54,0.8709,1,0.545,0.879,6127,0
SPY190719C298,2019-07-18,2019-07-18 09:49:20,0.55,0.887,141,0.54,0.8709,667,0.54,0.8709,1,0.545,0.879,6127,0
SPY190719C298,2019-07-18,2019-07-18 09:49:21,0.56,0.9032,239,0.55,0.887,196,0.55,0.887,50,0.555,0.8951,6517,390
SPY190719C298,2019-07-18,2019-07-18 09:49:21,0.56,0.9032,18,0.55,0.887,228,0.55,0.887,50,0.555,0.8951,6517,0
SPY190719C298,2019-07-18,2019-07-18 09:49:22,0.56,0.9032,18,0.55,0.887,253,0.55,0.887,50,0.555,0.8951,6517,0
SPY190719C298,2019-07-18,2019-07-18 09:49:23,0.56,0.9032,83,0.55,0.887,391,0.55,0.887,50,0.555,0.8951,6517,0
SPY190719C298,2019-07-18,2019-07-18 09:49:23,0.56,0.9032,83,0.55,0.887,429,0.55,0.887,50,0.555,0.8951,6517,0
SPY190719C298,2019-07-18,2019-07-18 09:49:24,0.56,0.9032,83,0.55,0.887,253,0.55,0.887,50,0.555,0.8951,6517,0
SPY190719C298,2019-07-18,2019-07-18 09:49:25,0.56,0.9032,224,0.55,0.887,218,0.55,0.887,50,0.555,0.8951,6517,0
SPY190719C298,2019-07-18,2019-07-18 09:49:26,0.56,0.9032,128,0.55,0.887,218,0.55,0.887,50,0.555,0.8951,6517,0
SPY190719C298,2019-07-18,2019-07-18 09:49:26,0.56,0.9032,158,0.55,0.887,218,0.55,0.887,50,0.555,0.8951,6517,0
SPY190719C298,2019-07-18,2019-07-18 09:49:27,0.56,0.9032,128,0.55,0.887,218,0.55,0.887,50,0.555,0.8951,6517,0
SPY190719C298,2019-07-18,2019-07-18 09:49:27,0.56,0.9032,170,0.55,0.887,218,0.55,0.887,50,0.555,0.8951,6517,0
SPY190719C298,2019-07-18,2019-07-18 09:49:28,0.56,0.9032,104,0.55,0.887,526,0.55,0.887,50,0.555,0.8951,6517,0
SPY190719C298,2019-07-18,2019-07-18 09:49:28,0.57,0.9193,1004,0.55,0.887,648,0.55,0.887,50,0.56,0.9032,6517,0
SPY190719C298,2019-07-18,2019-07-18 09:49:29,0.56,0.9032,174,0.55,0.887,526,0.56,0.9032,2,0.555,0.8951,6519,2
SPY190719C298,2019-07-18,2019-07-18 09:49:30,0.56,0.9032,174,0.55,0.887,526,0.55,0.887,25,0.555,0.8951,6544,0
SPY190719C298,2019-07-18,2019-07-18 09:49:30,0.56,0.9032,174,0.55,0.887,526,0.55,0.887,25,0.555,0.8951,6544,25
SPY190719C298,2019-07-18,2019-07-18 09:49:31,0.56,0.9032,382,0.54,0.8709,307,0.55,0.887,25,0.55,0.887,6544,0
SPY190719C298,2019-07-18,2019-07-18 09:49:32,0.56,0.9032,566,0.54,0.8709,811,0.55,0.887,25,0.55,0.887,6544,0
SPY190719C298,2019-07-18,2019-07-18 09:49:32,0.56,0.9032,193,0.54,0.8709,453,0.55,0.887,25,0.55,0.887,6544,0
SPY190719C298,2019-07-18,2019-07-18 09:49:33,0.55,0.887,141,0.54,0.8709,192,0.54,0.8709,1,0.545,0.879,6545,1
SPY190719C298,2019-07-18,2019-07-18 09:49:33,0.55,0.887,191,0.54,0.8709,192,0.54,0.8709,1,0.545,0.879,6545,0
SPY190719C298,2019-07-18,2019-07-18 09:49:34,0.55,0.887,731,0.54,0.8709,159,0.54,0.8709,1,0.545,0.879,6545,0
SPY190719C298,2019-07-18,2019-07-18 09:49:35,0.55,0.887,731,0.54,0.8709,159,0.54,0.8709,1,0.545,0.879,6545,0
SPY190719C298,2019-07-18,2019-07-18 09:49:35,0.55,0.887,877,0.54,0.8709,113,0.54,0.8709,1,0.545,0.879,6545,0
SPY190719C298,2019-07-18,2019-07-18 09:49:36,0.55,0.887,877,0.54,0.8709,5,0.54,0.8709,1,0.545,0.879,6545,0
SPY190719C298,2019-07-18,2019-07-18 09:49:36,0.55,0.887,610,0.53,0.8548,549,0.54,0.8709,3,0.54,0.8709,6552,7
SPY190719C298,2019-07-18,2019-07-18 09:49:37,0.55,0.887,731,0.54,0.8709,4,0.54,0.8709,3,0.545,0.879,6558,0
SPY190719C298,2019-07-18,2019-07-18 09:49:37,0.55,0.887,856,0.54,0.8709,2,0.54,0.8709,3,0.545,0.879,6558,6
SPY190719C298,2019-07-18,2019-07-18 09:49:38,0.55,0.887,152,0.54,0.8709,41,0.54,0.8709,3,0.545,0.879,6558,0
SPY190719C298,2019-07-18,2019-07-18 09:49:39,0.55,0.887,362,0.54,0.8709,148,0.54,0.8709,3,0.545,0.879,6558,0
SPY190719C298,2019-07-18,2019-07-18 09:49:39,0.55,0.887,132,0.54,0.8709,97,0.54,0.8709,3,0.545,0.879,6558,0
SPY190719C298,2019-07-18,2019-07-18 09:49:40,0.55,0.887,722,0.54,0.8709,100,0.54,0.8709,3,0.545,0.879,6558,0
SPY190719C298,2019-07-18,2019-07-18 09:49:40,0.55,0.887,265,0.54,0.8709,168,0.54,0.8709,3,0.545,0.879,6558,0
SPY190719C298,2019-07-18,2019-07-18 09:49:41,0.55,0.887,722,0.54,0.8709,4,0.54,0.8709,3,0.545,0.879,6558,0
SPY190719C298,2019-07-18,2019-07-18 09:49:42,0.55,0.887,722,0.54,0.8709,164,0.54,0.8709,3,0.545,0.879,6558,0
SPY190719C298,2019-07-18,2019-07-18 09:49:43,0.55,0.887,722,0.54,0.8709,98,0.54,0.8709,2,0.545,0.879,6560,2
SPY190719C298,2019-07-18,2019-07-18 09:49:43,0.55,0.887,988,0.54,0.8709,4,0.54,0.8709,1,0.545,0.879,6567,7
SPY190719C298,2019-07-18,2019-07-18 09:49:44,0.55,0.887,865,0.53,0.8548,637,0.54,0.8709,1,0.54,0.8709,6567,0
SPY190719C298,2019-07-18,2019-07-18 09:49:45,0.55,0.887,1107,0.53,0.8548,534,0.54,0.8709,1,0.54,0.8709,6567,0
SPY190719C298,2019-07-18,2019-07-18 09:49:45,0.54,0.8709,238,0.53,0.8548,193,0.54,0.8709,1,0.535,0.8629,6567,0
SPY190719C298,2019-07-18,2019-07-18 09:49:46,0.54,0.8709,623,0.53,0.8548,193,0.53,0.8548,1,0.535,0.8629,6568,1
SPY190719C298,2019-07-18,2019-07-18 09:49:46,0.54,0.8709,394,0.53,0.8548,193,0.54,0.8709,1,0.535,0.8629,6567,0
SPY190719C298,2019-07-18,2019-07-18 09:49:47,0.54,0.8709,220,0.53,0.8548,193,0.54,0.8709,5,0.535,0.8629,6573,5
SPY190719C298,2019-07-18,2019-07-18 09:49:48,0.54,0.8709,802,0.53,0.8548,193,0.54,0.8709,5,0.535,0.8629,6573,0
SPY190719C298,2019-07-18,2019-07-18 09:49:48,0.54,0.8709,220,0.53,0.8548,193,0.54,0.8709,5,0.535,0.8629,6573,0
SPY190719C298,2019-07-18,2019-07-18 09:49:49,0.54,0.8709,170,0.53,0.8548,193,0.54,0.8709,5,0.535,0.8629,6573,0
SPY190719C298,2019-07-18,2019-07-18 09:49:50,0.55,0.887,977,0.53,0.8548,296,0.54,0.8709,5,0.54,0.8709,6573,0
SPY190719C298,2019-07-18,2019-07-18 09:49:50,0.54,0.8709,165,0.53,0.8548,296,0.54,0.8709,5,0.535,0.8629,6573,0
SPY190719C298,2019-07-18,2019-07-18 09:49:51,0.55,0.887,1076,0.54,0.8709,5,0.54,0.8709,5,0.545,0.879,6573,0
SPY190719C298,2019-07-18,2019-07-18 09:49:52,0.55,0.887,30,0.54,0.8709,222,0.54,0.8709,5,0.545,0.879,6573,0
SPY190719C298,2019-07-18,2019-07-18 09:49:52,0.55,0.887,10,0.54,0.8709,704,0.54,0.8709,5,0.545,0.879,6573,0
SPY190719C298,2019-07-18,2019-07-18 09:49:53,0.55,0.887,10,0.54,0.8709,704,0.54,0.8709,5,0.545,0.879,6573,0
SPY190719C298,2019-07-18,2019-07-18 09:49:54,0.55,0.887,238,0.54,0.8709,162,0.54,0.8709,5,0.545,0.879,6573,0
SPY190719C298,2019-07-18,2019-07-18 09:49:54,0.55,0.887,288,0.54,0.8709,242,0.54,0.8709,5,0.545,0.879,6573,0
SPY190719C298,2019-07-18,2019-07-18 09:49:55,0.55,0.887,520,0.54,0.8709,162,0.54,0.8709,5,0.545,0.879,6573,0
SPY190719C298,2019-07-18,2019-07-18 09:49:56,0.55,0.887,106,0.54,0.8709,222,0.54,0.8709,53,0.545,0.879,6626,53
SPY190719C298,2019-07-18,2019-07-18 09:49:56,0.55,0.887,897,0.54,0.8709,162,0.54,0.8709,5,0.545,0.879,6573,0
SPY190719C298,2019-07-18,2019-07-18 09:49:57,0.55,0.887,624,0.54,0.8709,312,0.54,0.8709,39,0.545,0.879,6713,40
SPY190719C298,2019-07-18,2019-07-18 09:49:57,0.55,0.887,237,0.54,0.8709,212,0.54,0.8709,47,0.545,0.879,6673,47
SPY190719C298,2019-07-18,2019-07-18 09:49:58,0.55,0.887,196,0.54,0.8709,146,0.54,0.8709,49,0.545,0.879,6762,49
SPY190719C298,2019-07-18,2019-07-18 09:49:59,0.54,0.8709,53,0.54,0.8709,5,0.54,0.8709,5,0.54,0.8709,6767,5
SPY190719C298,2019-07-18,2019-07-18 09:49:59,0.54,0.8709,53,0.53,0.8548,828,0.54,0.8709,5,0.535,0.8629,6767,0
SPY190719C298,2019-07-18,2019-07-18 09:50:00,0.54,0.8709,53,0.53,0.8548,855,0.54,0.8709,5,0.535,0.8629,6767,0
SPY190719C298,2019-07-18,2019-07-18 09:50:01,0.54,0.8709,53,0.53,0.8548,876,0.54,0.8709,5,0.535,0.8629,6767,0
SPY190719C298,2019-07-18,2019-07-18 09:50:02,0.54,0.8709,53,0.53,0.8548,876,0.54,0.8709,5,0.535,0.8629,6767,0
SPY190719C298,2019-07-18,2019-07-18 09:50:03,0.54,0.8709,53,0.53,0.8548,876,0.54,0.8709,5,0.535,0.8629,6767,0
SPY190719C298,2019-07-18,2019-07-18 09:50:04,0.54,0.8709,53,0.53,0.8548,876,0.54,0.8709,1,0.535,0.8629,6768,1
SPY190719C298,2019-07-18,2019-07-18 09:50:05,0.54,0.8709,59,0.53,0.8548,1275,0.54,0.8709,1,0.535,0.8629,6768,0
SPY190719C298,2019-07-18,2019-07-18 09:50:05,0.54,0.8709,53,0.53,0.8548,1275,0.54,0.8709,1,0.535,0.8629,6768,0
SPY190719C298,2019-07-18,2019-07-18 09:50:06,0.54,0.8709,246,0.53,0.8548,163,0.53,0.8548,4,0.535,0.8629,6855,77
SPY190719C298,2019-07-18,2019-07-18 09:50:06,0.54,0.8709,59,0.53,0.8548,1275,0.53,0.8548,10,0.535,0.8629,6778,10
SPY190719C298,2019-07-18,2019-07-18 09:50:07,0.53,0.8548,52,0.52,0.8387,978,0.53,0.8548,4,0.525,0.8467,6899,4
SPY190719C298,2019-07-18,2019-07-18 09:50:07,0.54,0.8709,1014,0.53,0.8548,4,0.53,0.8548,40,0.535,0.8629,6895,40
SPY190719C298,2019-07-18,2019-07-18 09:50:08,0.53,0.8548,46,0.52,0.8387,1141,0.53,0.8548,4,0.525,0.8467,6899,0
SPY190719C298,2019-07-18,2019-07-18 09:50:09,0.53,0.8548,52,0.52,0.8387,1409,0.53,0.8548,4,0.525,0.8467,6899,0
SPY190719C298,2019-07-18,2019-07-18 09:50:09,0.54,0.8709,50,0.53,0.8548,246,0.53,0.8548,46,0.535,0.8629,6945,46
SPY190719C298,2019-07-18,2019-07-18 09:50:10,0.54,0.8709,58,0.53,0.8548,473,0.53,0.8548,46,0.535,0.8629,6945,0
SPY190719C298,2019-07-18,2019-07-18 09:50:10,0.54,0.8709,58,0.53,0.8548,692,0.53,0.8548,46,0.535,0.8629,6945,0
SPY190719C298,2019-07-18,2019-07-18 09:50:11,0.54,0.8709,58,0.53,0.8548,1364,0.53,0.8548,46,0.535,0.8629,6945,0
SPY190719C298,2019-07-18,2019-07-18 09:50:12,0.54,0.8709,58,0.53,0.8548,1186,0.53,0.8548,46,0.535,0.8629,6945,0
SPY190719C298,2019-07-18,2019-07-18 09:50:12,0.54,0.8709,58,0.53,0.8548,1330,0.53,0.8548,46,0.535,0.8629,6945,0
SPY190719C298,2019-07-18,2019-07-18 09:50:13,0.54,0.8709,58,0.53,0.8548,1186,0.53,0.8548,46,0.535,0.8629,6945,0
SPY190719C298,2019-07-18,2019-07-18 09:50:14,0.54,0.8709,58,0.53,0.8548,1186,0.53,0.8548,46,0.535,0.8629,6945,0
SPY190719C298,2019-07-18,2019-07-18 09:50:15,0.54,0.8709,73,0.53,0.8548,1186,0.53,0.8548,46,0.535,0.8629,6945,0
SPY190719C298,2019-07-18,2019-07-18 09:50:16,0.54,0.8709,58,0.53,0.8548,1044,0.53,0.8548,46,0.535,0.8629,6945,0
SPY190719C298,2019-07-18,2019-07-18 09:50:16,0.54,0.8709,58,0.53,0.8548,1186,0.53,0.8548,46,0.535,0.8629,6945,0
SPY190719C298,2019-07-18,2019-07-18 09:50:17,0.54,0.8709,58,0.53,0.8548,1199,0.53,0.8548,46,0.535,0.8629,6945,0
SPY190719C298,2019-07-18,2019-07-18 09:50:18,0.54,0.8709,58,0.53,0.8548,1160,0.53,0.8548,46,0.535,0.8629,6945,0
SPY190719C298,2019-07-18,2019-07-18 09:50:19,0.54,0.8709,1,0.53,0.8548,1315,0.54,0.8709,100,0.535,0.8629,7045,100
SPY190719C298,2019-07-18,2019-07-18 09:50:19,0.54,0.8709,58,0.53,0.8548,1160,0.53,0.8548,46,0.535,0.8629,6945,0
SPY190719C298,2019-07-18,2019-07-18 09:50:20,0.54,0.8709,1,0.53,0.8548,1315,0.54,0.8709,100,0.535,0.8629,7045,0
SPY190719C298,2019-07-18,2019-07-18 09:50:21,0.54,0.8709,1,0.53,0.8548,1315,0.54,0.8709,100,0.535,0.8629,7045,0
SPY190719C298,2019-07-18,2019-07-18 09:50:22,0.54,0.8709,61,0.53,0.8548,1315,0.54,0.8709,100,0.535,0.8629,7045,0
SPY190719C298,2019-07-18,2019-07-18 09:50:23,0.54,0.8709,194,0.53,0.8548,1237,0.54,0.8709,100,0.535,0.8629,7045,0
SPY190719C298,2019-07-18,2019-07-18 09:50:23,0.54,0.8709,171,0.53,0.8548,172,0.53,0.8548,2,0.535,0.8629,7093,48
SPY190719C298,2019-07-18,2019-07-18 09:50:24,0.54,0.8709,326,0.53,0.8548,167,0.53,0.8548,43,0.535,0.8629,7136,43
SPY190719C298,2019-07-18,2019-07-18 09:50:24,0.54,0.8709,1025,0.53,0.8548,146,0.53,0.8548,1,0.535,0.8629,7174,38
SPY190719C298,2019-07-18,2019-07-18 09:50:25,0.54,0.8709,276,0.53,0.8548,146,0.53,0.8548,1,0.535,0.8629,7174,0
SPY190719C298,2019-07-18,2019-07-18 09:50:26,0.53,0.8548,50,0.52,0.8387,366,0.53,0.8548,1,0.525,0.8467,7174,0
SPY190719C298,2019-07-18,2019-07-18 09:50:26,0.54,0.8709,708,0.52,0.8387,722,0.53,0.8548,1,0.53,0.8548,7174,0
SPY190719C298,2019-07-18,2019-07-18 09:50:27,0.53,0.8548,50,0.52,0.8387,519,0.53,0.8548,1,0.525,0.8467,7174,0
SPY190719C298,2019-07-18,2019-07-18 09:50:28,0.53,0.8548,50,0.52,0.8387,519,0.53,0.8548,1,0.525,0.8467,7174,0
SPY190719C298,2019-07-18,2019-07-18 09:50:29,0.53,0.8548,50,0.52,0.8387,519,0.53,0.8548,1,0.525,0.8467,7174,0
SPY190719C298,2019-07-18,2019-07-18 09:50:29,0.54,0.8709,728,0.52,0.8387,705,0.53,0.8548,1,0.53,0.8548,7174,0
SPY190719C298,2019-07-18,2019-07-18 09:50:30,0.54,0.8709,1025,0.52,0.8387,1169,0.53,0.8548,1,0.53,0.8548,7174,0
SPY190719C298,2019-07-18,2019-07-18 09:50:30,0.54,0.8709,620,0.53,0.8548,54,0.53,0.8548,1,0.535,0.8629,7174,0
SPY190719C298,2019-07-18,2019-07-18 09:50:31,0.53,0.8548,86,0.52,0.8387,569,0.53,0.8548,3,0.525,0.8467,7177,3
SPY190719C298,2019-07-18,2019-07-18 09:50:31,0.53,0.8548,51,0.52,0.8387,668,0.53,0.8548,1,0.525,0.8467,7174,0
SPY190719C298,2019-07-18,2019-07-18 09:50:32,0.53,0.8548,807,0.52,0.8387,6,0.53,0.8548,3,0.525,0.8467,7177,0
SPY190719C298,2019-07-18,2019-07-18 09:50:33,0.53,0.8548,1122,0.52,0.8387,6,0.53,0.8548,3,0.525,0.8467,7177,0
SPY190719C298,2019-07-18,2019-07-18 09:50:34,0.53,0.8548,1122,0.52,0.8387,6,0.53,0.8548,3,0.525,0.8467,7180,0
SPY190719C298,2019-07-18,2019-07-18 09:50:34,0.53,0.8548,1122,0.52,0.8387,6,0.53,0.8548,3,0.525,0.8467,7180,3
SPY190719C298,2019-07-18,2019-07-18 09:50:35,0.53,0.8548,1358,0.52,0.8387,6,0.53,0.8548,3,0.525,0.8467,7180,0
SPY190719C298,2019-07-18,2019-07-18 09:50:36,0.52,0.8387,865,0.51,0.8225,9,0.52,0.8387,2,0.515,0.8306,7209,7
SPY190719C298,2019-07-18,2019-07-18 09:50:36,0.52,0.8387,800,0.51,0.8225,9,0.52,0.8387,10,0.515,0.8306,7202,22
SPY190719C298,2019-07-18,2019-07-18 09:50:37,0.51,0.8225,56,0.5,0.8064,745,0.52,0.8387,2,0.505,0.8145,7209,0
SPY190719C298,2019-07-18,2019-07-18 09:50:37,0.51,0.8225,56,0.5,0.8064,649,0.52,0.8387,2,0.505,0.8145,7209,0
SPY190719C298,2019-07-18,2019-07-18 09:50:38,0.51,0.8225,172,0.5,0.8064,649,0.52,0.8387,2,0.505,0.8145,7209,0
SPY190719C298,2019-07-18,2019-07-18 09:50:38,0.51,0.8225,196,0.5,0.8064,649,0.52,0.8387,2,0.505,0.8145,7209,0
SPY190719C298,2019-07-18,2019-07-18 09:50:39,0.51,0.8225,196,0.5,0.8064,649,0.52,0.8387,2,0.505,0.8145,7209,0
SPY190719C298,2019-07-18,2019-07-18 09:50:40,0.51,0.8225,196,0.5,0.8064,649,0.52,0.8387,2,0.505,0.8145,7209,0
SPY190719C298,2019-07-18,2019-07-18 09:50:41,0.51,0.8225,196,0.5,0.8064,595,0.52,0.8387,2,0.505,0.8145,7209,0
SPY190719C298,2019-07-18,2019-07-18 09:50:41,0.51,0.8225,132,0.5,0.8064,639,0.52,0.8387,2,0.505,0.8145,7209,0
SPY190719C298,2019-07-18,2019-07-18 09:50:42,0.51,0.8225,351,0.5,0.8064,639,0.52,0.8387,2,0.505,0.8145,7209,0
SPY190719C298,2019-07-18,2019-07-18 09:50:43,0.51,0.8225,859,0.5,0.8064,28,0.51,0.8225,5,0.505,0.8145,7214,5
SPY190719C298,2019-07-18,2019-07-18 09:50:43,0.51,0.8225,700,0.49,0.7903,1317,0.52,0.8387,2,0.5,0.8064,7209,0
SPY190719C298,2019-07-18,2019-07-18 09:50:44,0.5,0.8064,125,0.49,0.7903,648,0.5,0.8064,3,0.495,0.7983,7217,3
SPY190719C298,2019-07-18,2019-07-18 09:50:44,0.51,0.8225,619,0.49,0.7903,753,0.51,0.8225,5,0.5,0.8064,7214,0
SPY190719C298,2019-07-18,2019-07-18 09:50:45,0.5,0.8064,233,0.49,0.7903,648,0.5,0.8064,3,0.495,0.7983,7217,0
SPY190719C298,2019-07-18,2019-07-18 09:50:46,0.5,0.8064,400,0.49,0.7903,374,0.5,0.8064,3,0.495,0.7983,7217,0
SPY190719C298,2019-07-18,2019-07-18 09:50:46,0.5,0.8064,240,0.49,0.7903,928,0.5,0.8064,3,0.495,0.7983,7217,0
SPY190719C298,2019-07-18,2019-07-18 09:50:47,0.5,0.8064,1034,0.49,0.7903,474,0.5,0.8064,2,0.495,0.7983,7219,2
SPY190719C298,2019-07-18,2019-07-18 09:50:48,0.5,0.8064,1164,0.49,0.7903,4,0.49,0.7903,3,0.495,0.7983,7222,3
SPY190719C298,2019-07-18,2019-07-18 09:50:48,0.5,0.8064,195,0.49,0.7903,4,0.49,0.7903,3,0.495,0.7983,7225,3
SPY190719C298,2019-07-18,2019-07-18 09:50:49,0.5,0.8064,519,0.49,0.7903,4,0.49,0.7903,3,0.495,0.7983,7225,0
SPY190719C298,2019-07-18,2019-07-18 09:50:49,0.49,0.7903,206,0.48,0.7741,443,0.49,0.7903,1,0.485,0.7822,7226,1
SPY190719C298,2019-07-18,2019-07-18 09:50:50,0.49,0.7903,633,0.48,0.7741,181,0.49,0.7903,1,0.485,0.7822,7226,0
SPY190719C298,2019-07-18,2019-07-18 09:50:50,0.49,0.7903,1190,0.48,0.7741,181,0.49,0.7903,1,0.485,0.7822,7226,0
SPY190719C298,2019-07-18,2019-07-18 09:50:51,0.49,0.7903,865,0.48,0.7741,158,0.49,0.7903,1,0.485,0.7822,7227,1
SPY190719C298,2019-07-18,2019-07-18 09:50:52,0.49,0.7903,1228,0.48,0.7741,5,0.49,0.7903,1,0.485,0.7822,7227,0
SPY190719C298,2019-07-18,2019-07-18 09:50:52,0.48,0.7741,1,0.48,0.7741,5,0.48,0.7741,4,0.48,0.7741,7237,10
SPY190719C298,2019-07-18,2019-07-18 09:50:53,0.49,0.7903,872,0.47,0.758,1255,0.48,0.7741,1,0.48,0.7741,7238,1
SPY190719C298,2019-07-18,2019-07-18 09:50:53,0.49,0.7903,1036,0.47,0.758,1575,0.48,0.7741,60,0.48,0.7741,7298,60
SPY190719C298,2019-07-18,2019-07-18 09:50:54,0.48,0.7741,57,0.47,0.758,1541,0.48,0.7741,60,0.475,0.7661,7298,0
SPY190719C298,2019-07-18,2019-07-18 09:50:55,0.48,0.7741,60,0.47,0.758,2025,0.48,0.7741,60,0.475,0.7661,7298,0
SPY190719C298,2019-07-18,2019-07-18 09:50:55,0.48,0.7741,57,0.47,0.758,1541,0.48,0.7741,60,0.475,0.7661,7298,0
SPY190719C298,2019-07-18,2019-07-18 09:50:56,0.49,0.7903,933,0.48,0.7741,591,0.48,0.7741,60,0.485,0.7822,7298,0
SPY190719C298,2019-07-18,2019-07-18 09:50:56,0.49,0.7903,1136,0.48,0.7741,4,0.48,0.7741,60,0.485,0.7822,7298,0
SPY190719C298,2019-07-18,2019-07-18 09:50:57,0.49,0.7903,329,0.48,0.7741,974,0.48,0.7741,60,0.485,0.7822,7298,0
SPY190719C298,2019-07-18,2019-07-18 09:50:57,0.49,0.7903,401,0.48,0.7741,848,0.48,0.7741,60,0.485,0.7822,7298,0
SPY190719C298,2019-07-18,2019-07-18 09:50:58,0.49,0.7903,329,0.48,0.7741,1018,0.48,0.7741,60,0.485,0.7822,7298,0
SPY190719C298,2019-07-18,2019-07-18 09:50:59,0.5,0.8064,205,0.49,0.7903,578,0.49,0.7903,60,0.495,0.7983,7440,142
SPY190719C298,2019-07-18,2019-07-18 09:50:59,0.49,0.7903,213,0.48,0.7741,854,0.48,0.7741,60,0.485,0.7822,7298,0
SPY190719C298,2019-07-18,2019-07-18 09:51:00,0.5,0.8064,670,0.48,0.7741,1064,0.49,0.7903,60,0.49,0.7903,7440,0
SPY190719C298,2019-07-18,2019-07-18 09:51:00,0.5,0.8064,277,0.48,0.7741,1478,0.49,0.7903,60,0.49,0.7903,7440,0
SPY190719C298,2019-07-18,2019-07-18 09:51:01,0.5,0.8064,943,0.48,0.7741,1060,0.49,0.7903,60,0.49,0.7903,7440,0
SPY190719C298,2019-07-18,2019-07-18 09:51:02,0.5,0.8064,588,0.49,0.7903,4,0.49,0.7903,60,0.495,0.7983,7440,0
SPY190719C298,2019-07-18,2019-07-18 09:51:02,0.5,0.8064,457,0.49,0.7903,64,0.49,0.7903,60,0.495,0.7983,7440,0
SPY190719C298,2019-07-18,2019-07-18 09:51:03,0.5,0.8064,192,0.49,0.7903,750,0.49,0.7903,60,0.495,0.7983,7440,0
SPY190719C298,2019-07-18,2019-07-18 09:51:03,0.5,0.8064,192,0.49,0.7903,591,0.49,0.7903,60,0.495,0.7983,7440,0
SPY190719C298,2019-07-18,2019-07-18 09:51:04,0.5,0.8064,192,0.49,0.7903,2101,0.49,0.7903,60,0.495,0.7983,7440,0
SPY190719C298,2019-07-18,2019-07-18 09:51:05,0.51,0.8225,205,0.5,0.8064,573,0.5,0.8064,2,0.505,0.8145,7443,3
SPY190719C298,2019-07-18,2019-07-18 09:51:05,0.51,0.8225,480,0.49,0.7903,804,0.5,0.8064,2,0.5,0.8064,7443,0
SPY190719C298,2019-07-18,2019-07-18 09:51:06,0.51,0.8225,515,0.5,0.8064,1,0.5,0.8064,2,0.505,0.8145,7443,0
