symbol,Date,quote_time,ask_price,norm_ask_price,ask_size,bid_price,norm_bid_price,bid_size,last_trade_price,norm_last_trade_price,last_trade_size,mark_price,norm_mark_price,volume,Volume
IWM191004C154,2019-10-01,2019-10-01 09:30:00,0.36,0.7826,5,0.3,0.6521,16,0.28,0.6086,5,0.33,0.7173,0,0
IWM191004C154,2019-10-01,2019-10-01 09:30:00,0.46,1.0,5,0.23,0.5,16,0.28,0.6086,5,0.345,0.75,0,0
IWM191004C154,2019-10-01,2019-10-01 09:30:01,0.36,0.7826,5,0.29,0.6304,16,0.28,0.6086,5,0.325,0.7065,0,0
IWM191004C154,2019-10-01,2019-10-01 09:30:02,0.38,0.826,45,0.32,0.6956,45,0.28,0.6086,5,0.35,0.7608,0,0
IWM191004C154,2019-10-01,2019-10-01 09:30:02,0.36,0.7826,5,0.29,0.6304,16,0.28,0.6086,5,0.325,0.7065,0,0
IWM191004C154,2019-10-01,2019-10-01 09:30:03,0.38,0.826,27,0.29,0.6304,27,0.28,0.6086,5,0.335,0.7282,0,0
IWM191004C154,2019-10-01,2019-10-01 09:30:04,0.38,0.826,27,0.29,0.6304,37,0.28,0.6086,5,0.335,0.7282,0,0
IWM191004C154,2019-10-01,2019-10-01 09:30:04,0.38,0.826,27,0.29,0.6304,27,0.28,0.6086,5,0.335,0.7282,0,0
IWM191004C154,2019-10-01,2019-10-01 09:30:05,0.36,0.7826,7,0.33,0.7173,45,0.28,0.6086,5,0.345,0.75,0,0
IWM191004C154,2019-10-01,2019-10-01 09:30:05,0.36,0.7826,158,0.31,0.6739,237,0.28,0.6086,5,0.335,0.7282,0,0
IWM191004C154,2019-10-01,2019-10-01 09:30:06,0.39,0.8478,27,0.29,0.6304,37,0.28,0.6086,5,0.34,0.7391,0,0
IWM191004C154,2019-10-01,2019-10-01 09:30:06,0.37,0.8043,186,0.34,0.7391,45,0.28,0.6086,5,0.355,0.7717,0,0
IWM191004C154,2019-10-01,2019-10-01 09:30:07,0.37,0.8043,186,0.34,0.7391,45,0.28,0.6086,5,0.355,0.7717,0,0
IWM191004C154,2019-10-01,2019-10-01 09:30:08,0.37,0.8043,186,0.34,0.7391,45,0.28,0.6086,5,0.355,0.7717,0,0
IWM191004C154,2019-10-01,2019-10-01 09:30:09,0.36,0.7826,139,0.31,0.6739,247,0.28,0.6086,5,0.335,0.7282,0,0
IWM191004C154,2019-10-01,2019-10-01 09:30:09,0.36,0.7826,139,0.32,0.6956,3,0.28,0.6086,5,0.34,0.7391,0,0
IWM191004C154,2019-10-01,2019-10-01 09:30:10,0.36,0.7826,10,0.31,0.6739,247,0.28,0.6086,5,0.335,0.7282,0,0
IWM191004C154,2019-10-01,2019-10-01 09:30:11,0.37,0.8043,134,0.31,0.6739,247,0.28,0.6086,5,0.34,0.7391,0,0
IWM191004C154,2019-10-01,2019-10-01 09:30:12,0.37,0.8043,33,0.31,0.6739,247,0.28,0.6086,5,0.34,0.7391,0,0
IWM191004C154,2019-10-01,2019-10-01 09:30:12,0.37,0.8043,134,0.31,0.6739,247,0.28,0.6086,5,0.34,0.7391,0,0
IWM191004C154,2019-10-01,2019-10-01 09:30:13,0.36,0.7826,10,0.31,0.6739,247,0.28,0.6086,5,0.335,0.7282,0,0
IWM191004C154,2019-10-01,2019-10-01 09:30:14,0.37,0.8043,10,0.35,0.7608,45,0.28,0.6086,5,0.36,0.7826,0,0
IWM191004C154,2019-10-01,2019-10-01 09:30:14,0.37,0.8043,10,0.31,0.6739,247,0.28,0.6086,5,0.34,0.7391,0,0
IWM191004C154,2019-10-01,2019-10-01 09:30:15,0.38,0.826,134,0.34,0.7391,45,0.28,0.6086,5,0.36,0.7826,0,0
IWM191004C154,2019-10-01,2019-10-01 09:30:15,0.38,0.826,150,0.35,0.7608,45,0.28,0.6086,5,0.365,0.7934,0,0
IWM191004C154,2019-10-01,2019-10-01 09:30:16,0.38,0.826,200,0.34,0.7391,414,0.28,0.6086,5,0.36,0.7826,0,0
IWM191004C154,2019-10-01,2019-10-01 09:30:16,0.38,0.826,582,0.34,0.7391,876,0.28,0.6086,5,0.36,0.7826,0,0
IWM191004C154,2019-10-01,2019-10-01 09:30:17,0.38,0.826,602,0.34,0.7391,1114,0.28,0.6086,5,0.36,0.7826,0,0
IWM191004C154,2019-10-01,2019-10-01 09:30:17,0.38,0.826,582,0.34,0.7391,1114,0.28,0.6086,5,0.36,0.7826,0,0
IWM191004C154,2019-10-01,2019-10-01 09:30:18,0.38,0.826,612,0.35,0.7608,45,0.28,0.6086,5,0.365,0.7934,0,0
IWM191004C154,2019-10-01,2019-10-01 09:30:18,0.38,0.826,582,0.34,0.7391,1114,0.28,0.6086,5,0.36,0.7826,0,0
IWM191004C154,2019-10-01,2019-10-01 09:30:19,0.38,0.826,612,0.35,0.7608,45,0.28,0.6086,5,0.365,0.7934,0,0
IWM191004C154,2019-10-01,2019-10-01 09:30:20,0.38,0.826,612,0.35,0.7608,45,0.28,0.6086,5,0.365,0.7934,0,0
IWM191004C154,2019-10-01,2019-10-01 09:30:21,0.38,0.826,414,0.35,0.7608,45,0.28,0.6086,5,0.365,0.7934,0,0
IWM191004C154,2019-10-01,2019-10-01 09:30:21,0.38,0.826,685,0.35,0.7608,45,0.28,0.6086,5,0.365,0.7934,0,0
IWM191004C154,2019-10-01,2019-10-01 09:30:22,0.38,0.826,685,0.35,0.7608,45,0.28,0.6086,5,0.365,0.7934,0,0
IWM191004C154,2019-10-01,2019-10-01 09:30:22,0.38,0.826,705,0.35,0.7608,45,0.28,0.6086,5,0.365,0.7934,0,0
IWM191004C154,2019-10-01,2019-10-01 09:30:23,0.38,0.826,705,0.35,0.7608,45,0.28,0.6086,5,0.365,0.7934,0,0
IWM191004C154,2019-10-01,2019-10-01 09:30:23,0.38,0.826,685,0.35,0.7608,45,0.28,0.6086,5,0.365,0.7934,0,0
IWM191004C154,2019-10-01,2019-10-01 09:30:24,0.38,0.826,685,0.35,0.7608,345,0.28,0.6086,5,0.365,0.7934,0,0
IWM191004C154,2019-10-01,2019-10-01 09:30:24,0.38,0.826,811,0.35,0.7608,66,0.28,0.6086,5,0.365,0.7934,0,0
IWM191004C154,2019-10-01,2019-10-01 09:30:25,0.38,0.826,811,0.35,0.7608,66,0.28,0.6086,5,0.365,0.7934,0,0
IWM191004C154,2019-10-01,2019-10-01 09:30:26,0.38,0.826,811,0.35,0.7608,66,0.28,0.6086,5,0.365,0.7934,0,0
IWM191004C154,2019-10-01,2019-10-01 09:30:26,0.38,0.826,950,0.35,0.7608,45,0.28,0.6086,5,0.365,0.7934,0,0
IWM191004C154,2019-10-01,2019-10-01 09:30:27,0.38,0.826,958,0.34,0.7391,703,0.28,0.6086,5,0.36,0.7826,0,0
IWM191004C154,2019-10-01,2019-10-01 09:30:27,0.38,0.826,958,0.34,0.7391,335,0.28,0.6086,5,0.36,0.7826,0,0
IWM191004C154,2019-10-01,2019-10-01 09:30:28,0.38,0.826,829,0.34,0.7391,901,0.28,0.6086,5,0.36,0.7826,0,0
IWM191004C154,2019-10-01,2019-10-01 09:30:28,0.38,0.826,829,0.34,0.7391,897,0.28,0.6086,5,0.36,0.7826,0,0
IWM191004C154,2019-10-01,2019-10-01 09:30:29,0.38,0.826,973,0.34,0.7391,1084,0.28,0.6086,5,0.36,0.7826,0,0
IWM191004C154,2019-10-01,2019-10-01 09:30:30,0.37,0.8043,650,0.33,0.7173,319,0.28,0.6086,5,0.35,0.7608,0,0
IWM191004C154,2019-10-01,2019-10-01 09:30:30,0.37,0.8043,883,0.33,0.7173,206,0.28,0.6086,5,0.35,0.7608,0,0
IWM191004C154,2019-10-01,2019-10-01 09:30:31,0.37,0.8043,827,0.34,0.7391,80,0.28,0.6086,5,0.355,0.7717,0,0
IWM191004C154,2019-10-01,2019-10-01 09:30:31,0.37,0.8043,298,0.35,0.7608,87,0.28,0.6086,5,0.36,0.7826,0,0
IWM191004C154,2019-10-01,2019-10-01 09:30:32,0.37,0.8043,288,0.35,0.7608,156,0.28,0.6086,5,0.36,0.7826,0,0
IWM191004C154,2019-10-01,2019-10-01 09:30:32,0.37,0.8043,288,0.35,0.7608,483,0.28,0.6086,5,0.36,0.7826,0,0
IWM191004C154,2019-10-01,2019-10-01 09:30:33,0.37,0.8043,288,0.35,0.7608,509,0.28,0.6086,5,0.36,0.7826,0,0
IWM191004C154,2019-10-01,2019-10-01 09:30:33,0.37,0.8043,288,0.35,0.7608,631,0.28,0.6086,5,0.36,0.7826,0,0
IWM191004C154,2019-10-01,2019-10-01 09:30:34,0.37,0.8043,288,0.35,0.7608,164,0.28,0.6086,5,0.36,0.7826,0,0
IWM191004C154,2019-10-01,2019-10-01 09:30:34,0.38,0.826,1,0.36,0.7826,81,0.28,0.6086,5,0.37,0.8043,0,0
IWM191004C154,2019-10-01,2019-10-01 09:30:35,0.39,0.8478,310,0.36,0.7826,208,0.28,0.6086,5,0.375,0.8152,0,0
IWM191004C154,2019-10-01,2019-10-01 09:30:35,0.39,0.8478,744,0.36,0.7826,895,0.28,0.6086,5,0.375,0.8152,0,0
IWM191004C154,2019-10-01,2019-10-01 09:30:36,0.39,0.8478,653,0.36,0.7826,1017,0.28,0.6086,5,0.375,0.8152,0,0
IWM191004C154,2019-10-01,2019-10-01 09:30:36,0.39,0.8478,754,0.36,0.7826,1017,0.28,0.6086,5,0.375,0.8152,0,0
IWM191004C154,2019-10-01,2019-10-01 09:30:37,0.39,0.8478,605,0.37,0.8043,20,0.28,0.6086,5,0.38,0.826,0,0
IWM191004C154,2019-10-01,2019-10-01 09:30:37,0.39,0.8478,375,0.37,0.8043,47,0.28,0.6086,5,0.38,0.826,0,0
IWM191004C154,2019-10-01,2019-10-01 09:30:38,0.39,0.8478,394,0.38,0.826,20,0.28,0.6086,5,0.385,0.8369,0,0
IWM191004C154,2019-10-01,2019-10-01 09:30:38,0.39,0.8478,374,0.37,0.8043,22,0.28,0.6086,5,0.38,0.826,0,0
IWM191004C154,2019-10-01,2019-10-01 09:30:39,0.39,0.8478,394,0.38,0.826,30,0.28,0.6086,5,0.385,0.8369,0,0
IWM191004C154,2019-10-01,2019-10-01 09:30:39,0.4,0.8695,99,0.38,0.826,34,0.28,0.6086,5,0.39,0.8478,0,0
IWM191004C154,2019-10-01,2019-10-01 09:30:40,0.4,0.8695,245,0.38,0.826,44,0.28,0.6086,5,0.39,0.8478,0,0
IWM191004C154,2019-10-01,2019-10-01 09:30:40,0.4,0.8695,10,0.38,0.826,105,0.28,0.6086,5,0.39,0.8478,0,0
IWM191004C154,2019-10-01,2019-10-01 09:30:41,0.41,0.8913,46,0.38,0.826,105,0.28,0.6086,5,0.395,0.8586,0,0
IWM191004C154,2019-10-01,2019-10-01 09:30:41,0.41,0.8913,224,0.39,0.8478,30,0.28,0.6086,5,0.4,0.8695,0,0
IWM191004C154,2019-10-01,2019-10-01 09:30:42,0.41,0.8913,150,0.39,0.8478,30,0.28,0.6086,5,0.4,0.8695,0,0
IWM191004C154,2019-10-01,2019-10-01 09:30:43,0.4,0.8695,503,0.36,0.7826,699,0.28,0.6086,5,0.38,0.826,0,0
IWM191004C154,2019-10-01,2019-10-01 09:30:43,0.4,0.8695,125,0.36,0.7826,166,0.28,0.6086,5,0.38,0.826,0,0
IWM191004C154,2019-10-01,2019-10-01 09:30:44,0.4,0.8695,802,0.36,0.7826,699,0.28,0.6086,5,0.38,0.826,0,0
IWM191004C154,2019-10-01,2019-10-01 09:30:44,0.4,0.8695,720,0.37,0.8043,106,0.28,0.6086,5,0.385,0.8369,0,0
IWM191004C154,2019-10-01,2019-10-01 09:30:45,0.4,0.8695,773,0.37,0.8043,80,0.28,0.6086,5,0.385,0.8369,0,0
IWM191004C154,2019-10-01,2019-10-01 09:30:46,0.4,0.8695,774,0.37,0.8043,30,0.28,0.6086,5,0.385,0.8369,0,0
IWM191004C154,2019-10-01,2019-10-01 09:30:47,0.39,0.8478,140,0.36,0.7826,412,0.28,0.6086,5,0.375,0.8152,0,0
IWM191004C154,2019-10-01,2019-10-01 09:30:47,0.39,0.8478,338,0.36,0.7826,623,0.28,0.6086,5,0.375,0.8152,0,0
IWM191004C154,2019-10-01,2019-10-01 09:30:48,0.39,0.8478,421,0.36,0.7826,870,0.28,0.6086,5,0.375,0.8152,0,0
IWM191004C154,2019-10-01,2019-10-01 09:30:48,0.39,0.8478,390,0.36,0.7826,1305,0.28,0.6086,5,0.375,0.8152,0,0
IWM191004C154,2019-10-01,2019-10-01 09:30:49,0.39,0.8478,464,0.36,0.7826,833,0.28,0.6086,5,0.375,0.8152,0,0
IWM191004C154,2019-10-01,2019-10-01 09:30:49,0.39,0.8478,520,0.36,0.7826,635,0.28,0.6086,5,0.375,0.8152,0,0
IWM191004C154,2019-10-01,2019-10-01 09:30:50,0.39,0.8478,527,0.36,0.7826,1314,0.28,0.6086,5,0.375,0.8152,0,0
IWM191004C154,2019-10-01,2019-10-01 09:30:50,0.39,0.8478,486,0.36,0.7826,1314,0.28,0.6086,5,0.375,0.8152,0,0
IWM191004C154,2019-10-01,2019-10-01 09:30:51,0.39,0.8478,496,0.36,0.7826,1314,0.28,0.6086,5,0.375,0.8152,0,0
IWM191004C154,2019-10-01,2019-10-01 09:30:51,0.39,0.8478,486,0.36,0.7826,1543,0.28,0.6086,5,0.375,0.8152,0,0
IWM191004C154,2019-10-01,2019-10-01 09:30:52,0.39,0.8478,486,0.36,0.7826,1543,0.28,0.6086,5,0.375,0.8152,0,0
IWM191004C154,2019-10-01,2019-10-01 09:30:52,0.39,0.8478,492,0.36,0.7826,1456,0.28,0.6086,5,0.375,0.8152,0,0
IWM191004C154,2019-10-01,2019-10-01 09:30:53,0.38,0.826,501,0.35,0.7608,835,0.28,0.6086,5,0.365,0.7934,0,0
IWM191004C154,2019-10-01,2019-10-01 09:30:53,0.38,0.826,231,0.35,0.7608,355,0.28,0.6086,5,0.365,0.7934,0,0
IWM191004C154,2019-10-01,2019-10-01 09:30:54,0.38,0.826,478,0.35,0.7608,1094,0.28,0.6086,5,0.365,0.7934,0,0
IWM191004C154,2019-10-01,2019-10-01 09:30:54,0.38,0.826,501,0.35,0.7608,915,0.28,0.6086,5,0.365,0.7934,0,0
IWM191004C154,2019-10-01,2019-10-01 09:30:55,0.37,0.8043,327,0.34,0.7391,349,0.28,0.6086,5,0.355,0.7717,0,0
IWM191004C154,2019-10-01,2019-10-01 09:30:55,0.37,0.8043,387,0.34,0.7391,472,0.28,0.6086,5,0.355,0.7717,0,0
IWM191004C154,2019-10-01,2019-10-01 09:30:56,0.37,0.8043,389,0.34,0.7391,365,0.28,0.6086,5,0.355,0.7717,0,0
IWM191004C154,2019-10-01,2019-10-01 09:30:57,0.37,0.8043,367,0.34,0.7391,587,0.28,0.6086,5,0.355,0.7717,0,0
IWM191004C154,2019-10-01,2019-10-01 09:30:57,0.37,0.8043,377,0.35,0.7608,20,0.28,0.6086,5,0.36,0.7826,0,0
IWM191004C154,2019-10-01,2019-10-01 09:30:58,0.37,0.8043,377,0.35,0.7608,20,0.28,0.6086,5,0.36,0.7826,0,0
IWM191004C154,2019-10-01,2019-10-01 09:30:58,0.37,0.8043,367,0.35,0.7608,39,0.28,0.6086,5,0.36,0.7826,0,0
IWM191004C154,2019-10-01,2019-10-01 09:30:59,0.37,0.8043,347,0.35,0.7608,20,0.28,0.6086,5,0.36,0.7826,0,0
IWM191004C154,2019-10-01,2019-10-01 09:30:59,0.37,0.8043,367,0.35,0.7608,103,0.28,0.6086,5,0.36,0.7826,0,0
IWM191004C154,2019-10-01,2019-10-01 09:31:00,0.37,0.8043,153,0.35,0.7608,534,0.28,0.6086,5,0.36,0.7826,0,0
IWM191004C154,2019-10-01,2019-10-01 09:31:00,0.37,0.8043,318,0.35,0.7608,249,0.28,0.6086,5,0.36,0.7826,0,0
IWM191004C154,2019-10-01,2019-10-01 09:31:01,0.38,0.826,20,0.35,0.7608,727,0.28,0.6086,5,0.365,0.7934,0,0
IWM191004C154,2019-10-01,2019-10-01 09:31:01,0.37,0.8043,264,0.35,0.7608,727,0.28,0.6086,5,0.36,0.7826,0,0
IWM191004C154,2019-10-01,2019-10-01 09:31:02,0.38,0.826,334,0.36,0.7826,82,0.28,0.6086,5,0.37,0.8043,0,0
IWM191004C154,2019-10-01,2019-10-01 09:31:02,0.38,0.826,234,0.36,0.7826,82,0.28,0.6086,5,0.37,0.8043,0,0
IWM191004C154,2019-10-01,2019-10-01 09:31:03,0.38,0.826,364,0.36,0.7826,82,0.28,0.6086,5,0.37,0.8043,0,0
IWM191004C154,2019-10-01,2019-10-01 09:31:03,0.38,0.826,416,0.35,0.7608,275,0.28,0.6086,5,0.365,0.7934,0,0
IWM191004C154,2019-10-01,2019-10-01 09:31:04,0.38,0.826,677,0.35,0.7608,173,0.28,0.6086,5,0.365,0.7934,0,0
IWM191004C154,2019-10-01,2019-10-01 09:31:04,0.38,0.826,437,0.35,0.7608,173,0.28,0.6086,5,0.365,0.7934,0,0
IWM191004C154,2019-10-01,2019-10-01 09:31:05,0.37,0.8043,329,0.35,0.7608,100,0.28,0.6086,5,0.36,0.7826,0,0
IWM191004C154,2019-10-01,2019-10-01 09:31:05,0.37,0.8043,419,0.35,0.7608,177,0.28,0.6086,5,0.36,0.7826,0,0
IWM191004C154,2019-10-01,2019-10-01 09:31:06,0.37,0.8043,434,0.35,0.7608,33,0.28,0.6086,5,0.36,0.7826,0,0
IWM191004C154,2019-10-01,2019-10-01 09:31:06,0.37,0.8043,409,0.35,0.7608,177,0.28,0.6086,5,0.36,0.7826,0,0
IWM191004C154,2019-10-01,2019-10-01 09:31:07,0.37,0.8043,434,0.35,0.7608,20,0.28,0.6086,5,0.36,0.7826,0,0
IWM191004C154,2019-10-01,2019-10-01 09:31:07,0.37,0.8043,424,0.35,0.7608,100,0.28,0.6086,5,0.36,0.7826,0,0
IWM191004C154,2019-10-01,2019-10-01 09:31:08,0.37,0.8043,70,0.35,0.7608,86,0.28,0.6086,5,0.36,0.7826,0,0
IWM191004C154,2019-10-01,2019-10-01 09:31:09,0.37,0.8043,317,0.35,0.7608,581,0.28,0.6086,5,0.36,0.7826,0,0
IWM191004C154,2019-10-01,2019-10-01 09:31:09,0.37,0.8043,317,0.35,0.7608,321,0.28,0.6086,5,0.36,0.7826,0,0
IWM191004C154,2019-10-01,2019-10-01 09:31:10,0.38,0.826,410,0.35,0.7608,581,0.28,0.6086,5,0.365,0.7934,0,0
IWM191004C154,2019-10-01,2019-10-01 09:31:10,0.38,0.826,368,0.35,0.7608,581,0.28,0.6086,5,0.365,0.7934,0,0
IWM191004C154,2019-10-01,2019-10-01 09:31:11,0.38,0.826,638,0.36,0.7826,20,0.28,0.6086,5,0.37,0.8043,0,0
IWM191004C154,2019-10-01,2019-10-01 09:31:11,0.38,0.826,665,0.36,0.7826,26,0.28,0.6086,5,0.37,0.8043,0,0
IWM191004C154,2019-10-01,2019-10-01 09:31:12,0.38,0.826,665,0.35,0.7608,122,0.28,0.6086,5,0.365,0.7934,0,0
IWM191004C154,2019-10-01,2019-10-01 09:31:13,0.38,0.826,665,0.35,0.7608,369,0.28,0.6086,5,0.365,0.7934,0,0
IWM191004C154,2019-10-01,2019-10-01 09:31:13,0.38,0.826,398,0.35,0.7608,369,0.28,0.6086,5,0.365,0.7934,0,0
IWM191004C154,2019-10-01,2019-10-01 09:31:14,0.38,0.826,617,0.35,0.7608,369,0.28,0.6086,5,0.365,0.7934,0,0
IWM191004C154,2019-10-01,2019-10-01 09:31:14,0.38,0.826,640,0.36,0.7826,20,0.28,0.6086,5,0.37,0.8043,0,0
IWM191004C154,2019-10-01,2019-10-01 09:31:15,0.38,0.826,640,0.35,0.7608,270,0.28,0.6086,5,0.365,0.7934,0,0
IWM191004C154,2019-10-01,2019-10-01 09:31:15,0.38,0.826,583,0.35,0.7608,606,0.28,0.6086,5,0.365,0.7934,0,0
IWM191004C154,2019-10-01,2019-10-01 09:31:16,0.37,0.8043,245,0.35,0.7608,196,0.28,0.6086,5,0.36,0.7826,0,0
IWM191004C154,2019-10-01,2019-10-01 09:31:16,0.37,0.8043,338,0.35,0.7608,286,0.28,0.6086,5,0.36,0.7826,0,0
IWM191004C154,2019-10-01,2019-10-01 09:31:17,0.37,0.8043,493,0.35,0.7608,196,0.28,0.6086,5,0.36,0.7826,0,0
IWM191004C154,2019-10-01,2019-10-01 09:31:18,0.37,0.8043,493,0.35,0.7608,196,0.28,0.6086,5,0.36,0.7826,0,0
IWM191004C154,2019-10-01,2019-10-01 09:31:19,0.37,0.8043,511,0.34,0.7391,256,0.28,0.6086,5,0.355,0.7717,0,0
IWM191004C154,2019-10-01,2019-10-01 09:31:19,0.37,0.8043,543,0.35,0.7608,10,0.28,0.6086,5,0.36,0.7826,0,0
IWM191004C154,2019-10-01,2019-10-01 09:31:20,0.37,0.8043,496,0.35,0.7608,66,0.28,0.6086,5,0.36,0.7826,0,0
IWM191004C154,2019-10-01,2019-10-01 09:31:20,0.37,0.8043,474,0.35,0.7608,107,0.28,0.6086,5,0.36,0.7826,0,0
IWM191004C154,2019-10-01,2019-10-01 09:31:21,0.37,0.8043,474,0.35,0.7608,97,0.28,0.6086,5,0.36,0.7826,0,0
IWM191004C154,2019-10-01,2019-10-01 09:31:21,0.37,0.8043,474,0.35,0.7608,107,0.28,0.6086,5,0.36,0.7826,0,0
IWM191004C154,2019-10-01,2019-10-01 09:31:22,0.38,0.826,390,0.36,0.7826,20,0.28,0.6086,5,0.37,0.8043,0,0
IWM191004C154,2019-10-01,2019-10-01 09:31:22,0.37,0.8043,474,0.35,0.7608,175,0.28,0.6086,5,0.36,0.7826,0,0
IWM191004C154,2019-10-01,2019-10-01 09:31:23,0.38,0.826,664,0.36,0.7826,1,0.28,0.6086,5,0.37,0.8043,0,0
IWM191004C154,2019-10-01,2019-10-01 09:31:23,0.38,0.826,533,0.36,0.7826,1,0.28,0.6086,5,0.37,0.8043,0,0
IWM191004C154,2019-10-01,2019-10-01 09:31:24,0.38,0.826,654,0.35,0.7608,685,0.28,0.6086,5,0.365,0.7934,0,0
IWM191004C154,2019-10-01,2019-10-01 09:31:24,0.38,0.826,674,0.35,0.7608,332,0.28,0.6086,5,0.365,0.7934,0,0
IWM191004C154,2019-10-01,2019-10-01 09:31:25,0.38,0.826,654,0.35,0.7608,685,0.28,0.6086,5,0.365,0.7934,0,0
IWM191004C154,2019-10-01,2019-10-01 09:31:25,0.37,0.8043,633,0.35,0.7608,22,0.28,0.6086,5,0.36,0.7826,0,0
IWM191004C154,2019-10-01,2019-10-01 09:31:26,0.36,0.7826,205,0.34,0.7391,45,0.28,0.6086,5,0.35,0.7608,0,0
IWM191004C154,2019-10-01,2019-10-01 09:31:26,0.37,0.8043,693,0.34,0.7391,801,0.28,0.6086,5,0.355,0.7717,0,0
IWM191004C154,2019-10-01,2019-10-01 09:31:27,0.36,0.7826,20,0.34,0.7391,45,0.28,0.6086,5,0.35,0.7608,0,0
IWM191004C154,2019-10-01,2019-10-01 09:31:28,0.36,0.7826,121,0.35,0.7608,20,0.28,0.6086,5,0.355,0.7717,0,0
IWM191004C154,2019-10-01,2019-10-01 09:31:28,0.37,0.8043,428,0.35,0.7608,30,0.28,0.6086,5,0.36,0.7826,0,0
IWM191004C154,2019-10-01,2019-10-01 09:31:29,0.37,0.8043,566,0.34,0.7391,741,0.28,0.6086,5,0.355,0.7717,0,0
IWM191004C154,2019-10-01,2019-10-01 09:31:29,0.37,0.8043,536,0.34,0.7391,741,0.28,0.6086,5,0.355,0.7717,0,0
IWM191004C154,2019-10-01,2019-10-01 09:31:30,0.37,0.8043,518,0.35,0.7608,21,0.28,0.6086,5,0.36,0.7826,0,0
IWM191004C154,2019-10-01,2019-10-01 09:31:30,0.37,0.8043,488,0.35,0.7608,33,0.28,0.6086,5,0.36,0.7826,0,0
IWM191004C154,2019-10-01,2019-10-01 09:31:31,0.37,0.8043,557,0.34,0.7391,496,0.28,0.6086,5,0.355,0.7717,0,0
IWM191004C154,2019-10-01,2019-10-01 09:31:32,0.37,0.8043,567,0.34,0.7391,496,0.28,0.6086,5,0.355,0.7717,0,0
IWM191004C154,2019-10-01,2019-10-01 09:31:32,0.37,0.8043,761,0.34,0.7391,1051,0.28,0.6086,5,0.355,0.7717,0,0
IWM191004C154,2019-10-01,2019-10-01 09:31:33,0.37,0.8043,771,0.34,0.7391,907,0.28,0.6086,5,0.355,0.7717,0,0
IWM191004C154,2019-10-01,2019-10-01 09:31:33,0.37,0.8043,761,0.34,0.7391,892,0.28,0.6086,5,0.355,0.7717,0,0
IWM191004C154,2019-10-01,2019-10-01 09:31:34,0.37,0.8043,785,0.34,0.7391,892,0.28,0.6086,5,0.355,0.7717,0,0
IWM191004C154,2019-10-01,2019-10-01 09:31:34,0.37,0.8043,815,0.34,0.7391,892,0.28,0.6086,5,0.355,0.7717,0,0
IWM191004C154,2019-10-01,2019-10-01 09:31:35,0.36,0.7826,564,0.34,0.7391,20,0.28,0.6086,5,0.35,0.7608,0,0
IWM191004C154,2019-10-01,2019-10-01 09:31:35,0.36,0.7826,628,0.33,0.7173,98,0.28,0.6086,5,0.345,0.75,0,0
IWM191004C154,2019-10-01,2019-10-01 09:31:36,0.36,0.7826,671,0.33,0.7173,191,0.28,0.6086,5,0.345,0.75,0,0
IWM191004C154,2019-10-01,2019-10-01 09:31:36,0.36,0.7826,671,0.33,0.7173,460,0.28,0.6086,5,0.345,0.75,0,0
IWM191004C154,2019-10-01,2019-10-01 09:31:37,0.36,0.7826,671,0.34,0.7391,20,0.28,0.6086,5,0.35,0.7608,0,0
IWM191004C154,2019-10-01,2019-10-01 09:31:37,0.36,0.7826,539,0.34,0.7391,20,0.28,0.6086,5,0.35,0.7608,0,0
IWM191004C154,2019-10-01,2019-10-01 09:31:38,0.36,0.7826,577,0.34,0.7391,43,0.28,0.6086,5,0.35,0.7608,0,0
IWM191004C154,2019-10-01,2019-10-01 09:31:39,0.36,0.7826,577,0.33,0.7173,250,0.28,0.6086,5,0.345,0.75,0,0
IWM191004C154,2019-10-01,2019-10-01 09:31:39,0.36,0.7826,412,0.33,0.7173,375,0.28,0.6086,5,0.345,0.75,0,0
IWM191004C154,2019-10-01,2019-10-01 09:31:40,0.36,0.7826,593,0.34,0.7391,30,0.28,0.6086,5,0.35,0.7608,0,0
IWM191004C154,2019-10-01,2019-10-01 09:31:40,0.36,0.7826,605,0.34,0.7391,335,0.28,0.6086,5,0.35,0.7608,0,0
IWM191004C154,2019-10-01,2019-10-01 09:31:41,0.37,0.8043,489,0.35,0.7608,23,0.28,0.6086,5,0.36,0.7826,0,0
IWM191004C154,2019-10-01,2019-10-01 09:31:41,0.38,0.826,215,0.35,0.7608,53,0.28,0.6086,5,0.365,0.7934,0,0
IWM191004C154,2019-10-01,2019-10-01 09:31:42,0.38,0.826,140,0.36,0.7826,30,0.28,0.6086,5,0.37,0.8043,0,0
IWM191004C154,2019-10-01,2019-10-01 09:31:42,0.38,0.826,235,0.36,0.7826,30,0.28,0.6086,5,0.37,0.8043,0,0
IWM191004C154,2019-10-01,2019-10-01 09:31:43,0.38,0.826,235,0.36,0.7826,30,0.28,0.6086,5,0.37,0.8043,0,0
IWM191004C154,2019-10-01,2019-10-01 09:31:44,0.38,0.826,216,0.36,0.7826,49,0.28,0.6086,5,0.37,0.8043,0,0
IWM191004C154,2019-10-01,2019-10-01 09:31:44,0.38,0.826,243,0.36,0.7826,52,0.28,0.6086,5,0.37,0.8043,0,0
IWM191004C154,2019-10-01,2019-10-01 09:31:45,0.38,0.826,818,0.36,0.7826,3,0.28,0.6086,5,0.37,0.8043,0,0
IWM191004C154,2019-10-01,2019-10-01 09:31:45,0.38,0.826,623,0.35,0.7608,311,0.28,0.6086,5,0.365,0.7934,0,0
IWM191004C154,2019-10-01,2019-10-01 09:31:46,0.38,0.826,600,0.36,0.7826,20,0.28,0.6086,5,0.37,0.8043,0,0
IWM191004C154,2019-10-01,2019-10-01 09:31:46,0.38,0.826,481,0.35,0.7608,333,0.28,0.6086,5,0.365,0.7934,0,0
IWM191004C154,2019-10-01,2019-10-01 09:31:47,0.38,0.826,100,0.36,0.7826,75,0.28,0.6086,5,0.37,0.8043,0,0
IWM191004C154,2019-10-01,2019-10-01 09:31:47,0.38,0.826,98,0.36,0.7826,23,0.28,0.6086,5,0.37,0.8043,0,0
IWM191004C154,2019-10-01,2019-10-01 09:31:48,0.38,0.826,49,0.36,0.7826,75,0.28,0.6086,5,0.37,0.8043,0,0
IWM191004C154,2019-10-01,2019-10-01 09:31:48,0.38,0.826,49,0.36,0.7826,335,0.28,0.6086,5,0.37,0.8043,0,0
IWM191004C154,2019-10-01,2019-10-01 09:31:49,0.38,0.826,49,0.36,0.7826,335,0.28,0.6086,5,0.37,0.8043,0,0
IWM191004C154,2019-10-01,2019-10-01 09:31:49,0.39,0.8478,260,0.36,0.7826,584,0.28,0.6086,5,0.375,0.8152,0,0
IWM191004C154,2019-10-01,2019-10-01 09:31:50,0.38,0.826,42,0.36,0.7826,486,0.28,0.6086,5,0.37,0.8043,0,0
IWM191004C154,2019-10-01,2019-10-01 09:31:50,0.38,0.826,47,0.36,0.7826,640,0.28,0.6086,5,0.37,0.8043,0,0
IWM191004C154,2019-10-01,2019-10-01 09:31:51,0.39,0.8478,213,0.36,0.7826,1059,0.28,0.6086,5,0.375,0.8152,0,0
IWM191004C154,2019-10-01,2019-10-01 09:31:51,0.39,0.8478,203,0.36,0.7826,850,0.28,0.6086,5,0.375,0.8152,0,0
IWM191004C154,2019-10-01,2019-10-01 09:31:52,0.39,0.8478,389,0.36,0.7826,1044,0.28,0.6086,5,0.375,0.8152,0,0
IWM191004C154,2019-10-01,2019-10-01 09:31:52,0.39,0.8478,637,0.36,0.7826,1043,0.28,0.6086,5,0.375,0.8152,0,0
IWM191004C154,2019-10-01,2019-10-01 09:31:53,0.38,0.826,37,0.36,0.7826,1006,0.28,0.6086,5,0.37,0.8043,0,0
IWM191004C154,2019-10-01,2019-10-01 09:31:53,0.38,0.826,37,0.36,0.7826,1043,0.28,0.6086,5,0.37,0.8043,0,0
IWM191004C154,2019-10-01,2019-10-01 09:31:54,0.38,0.826,22,0.36,0.7826,991,0.28,0.6086,5,0.37,0.8043,0,0
IWM191004C154,2019-10-01,2019-10-01 09:31:54,0.38,0.826,37,0.36,0.7826,1006,0.28,0.6086,5,0.37,0.8043,0,0
IWM191004C154,2019-10-01,2019-10-01 09:31:55,0.38,0.826,300,0.36,0.7826,853,0.28,0.6086,5,0.37,0.8043,0,0
IWM191004C154,2019-10-01,2019-10-01 09:31:55,0.38,0.826,22,0.36,0.7826,1113,0.28,0.6086,5,0.37,0.8043,0,0
IWM191004C154,2019-10-01,2019-10-01 09:31:56,0.38,0.826,74,0.36,0.7826,1019,0.28,0.6086,5,0.37,0.8043,0,0
IWM191004C154,2019-10-01,2019-10-01 09:31:56,0.38,0.826,524,0.36,0.7826,1019,0.28,0.6086,5,0.37,0.8043,0,0
IWM191004C154,2019-10-01,2019-10-01 09:31:57,0.38,0.826,395,0.36,0.7826,1152,0.28,0.6086,5,0.37,0.8043,0,0
IWM191004C154,2019-10-01,2019-10-01 09:31:57,0.38,0.826,395,0.37,0.8043,9,0.28,0.6086,5,0.375,0.8152,0,0
IWM191004C154,2019-10-01,2019-10-01 09:31:58,0.38,0.826,413,0.37,0.8043,9,0.28,0.6086,5,0.375,0.8152,0,0
IWM191004C154,2019-10-01,2019-10-01 09:31:59,0.38,0.826,379,0.37,0.8043,9,0.28,0.6086,5,0.375,0.8152,0,0
IWM191004C154,2019-10-01,2019-10-01 09:31:59,0.38,0.826,415,0.37,0.8043,9,0.28,0.6086,5,0.375,0.8152,0,0
IWM191004C154,2019-10-01,2019-10-01 09:32:00,0.38,0.826,415,0.37,0.8043,9,0.28,0.6086,5,0.375,0.8152,0,0
IWM191004C154,2019-10-01,2019-10-01 09:32:01,0.38,0.826,415,0.37,0.8043,9,0.28,0.6086,5,0.375,0.8152,0,0
IWM191004C154,2019-10-01,2019-10-01 09:32:01,0.38,0.826,415,0.36,0.7826,50,0.28,0.6086,5,0.37,0.8043,0,0
IWM191004C154,2019-10-01,2019-10-01 09:32:02,0.38,0.826,515,0.36,0.7826,83,0.28,0.6086,5,0.37,0.8043,0,0
IWM191004C154,2019-10-01,2019-10-01 09:32:02,0.38,0.826,570,0.36,0.7826,191,0.28,0.6086,5,0.37,0.8043,0,0
IWM191004C154,2019-10-01,2019-10-01 09:32:03,0.38,0.826,491,0.36,0.7826,191,0.28,0.6086,5,0.37,0.8043,0,0
IWM191004C154,2019-10-01,2019-10-01 09:32:03,0.38,0.826,491,0.37,0.8043,12,0.28,0.6086,5,0.375,0.8152,0,0
IWM191004C154,2019-10-01,2019-10-01 09:32:04,0.38,0.826,87,0.37,0.8043,6,0.28,0.6086,5,0.375,0.8152,0,0
IWM191004C154,2019-10-01,2019-10-01 09:32:04,0.38,0.826,488,0.37,0.8043,6,0.28,0.6086,5,0.375,0.8152,0,0
IWM191004C154,2019-10-01,2019-10-01 09:32:05,0.39,0.8478,762,0.37,0.8043,69,0.28,0.6086,5,0.38,0.826,0,0
IWM191004C154,2019-10-01,2019-10-01 09:32:05,0.39,0.8478,594,0.37,0.8043,69,0.28,0.6086,5,0.38,0.826,0,0
IWM191004C154,2019-10-01,2019-10-01 09:32:06,0.39,0.8478,485,0.38,0.826,5,0.28,0.6086,5,0.385,0.8369,0,0
IWM191004C154,2019-10-01,2019-10-01 09:32:06,0.39,0.8478,762,0.37,0.8043,114,0.28,0.6086,5,0.38,0.826,0,0
IWM191004C154,2019-10-01,2019-10-01 09:32:07,0.39,0.8478,485,0.38,0.826,5,0.28,0.6086,5,0.385,0.8369,0,0
IWM191004C154,2019-10-01,2019-10-01 09:32:07,0.39,0.8478,433,0.38,0.826,10,0.28,0.6086,5,0.385,0.8369,0,0
IWM191004C154,2019-10-01,2019-10-01 09:32:08,0.39,0.8478,485,0.38,0.826,20,0.28,0.6086,5,0.385,0.8369,0,0
IWM191004C154,2019-10-01,2019-10-01 09:32:08,0.39,0.8478,397,0.38,0.826,83,0.28,0.6086,5,0.385,0.8369,0,0
IWM191004C154,2019-10-01,2019-10-01 09:32:09,0.4,0.8695,77,0.39,0.8478,24,0.28,0.6086,5,0.395,0.8586,0,0
IWM191004C154,2019-10-01,2019-10-01 09:32:09,0.4,0.8695,227,0.38,0.826,540,0.28,0.6086,5,0.39,0.8478,0,0
IWM191004C154,2019-10-01,2019-10-01 09:32:10,0.4,0.8695,330,0.39,0.8478,34,0.28,0.6086,5,0.395,0.8586,0,0
IWM191004C154,2019-10-01,2019-10-01 09:32:10,0.4,0.8695,340,0.39,0.8478,24,0.28,0.6086,5,0.395,0.8586,0,0
IWM191004C154,2019-10-01,2019-10-01 09:32:11,0.4,0.8695,340,0.39,0.8478,24,0.28,0.6086,5,0.395,0.8586,0,0
IWM191004C154,2019-10-01,2019-10-01 09:32:11,0.4,0.8695,340,0.39,0.8478,79,0.28,0.6086,5,0.395,0.8586,0,0
IWM191004C154,2019-10-01,2019-10-01 09:32:12,0.4,0.8695,340,0.39,0.8478,129,0.28,0.6086,5,0.395,0.8586,0,0
IWM191004C154,2019-10-01,2019-10-01 09:32:12,0.4,0.8695,40,0.39,0.8478,4,0.4,0.8695,1,0.395,0.8586,1,1
IWM191004C154,2019-10-01,2019-10-01 09:32:13,0.4,0.8695,444,0.38,0.826,387,0.4,0.8695,1,0.39,0.8478,1,0
IWM191004C154,2019-10-01,2019-10-01 09:32:13,0.4,0.8695,10,0.39,0.8478,236,0.4,0.8695,1,0.395,0.8586,1,0
IWM191004C154,2019-10-01,2019-10-01 09:32:14,0.41,0.8913,231,0.39,0.8478,303,0.4,0.8695,1,0.4,0.8695,1,0
IWM191004C154,2019-10-01,2019-10-01 09:32:14,0.4,0.8695,10,0.39,0.8478,310,0.4,0.8695,1,0.395,0.8586,1,0
IWM191004C154,2019-10-01,2019-10-01 09:32:15,0.41,0.8913,422,0.4,0.8695,52,0.4,0.8695,1,0.405,0.8804,1,0
IWM191004C154,2019-10-01,2019-10-01 09:32:15,0.41,0.8913,51,0.39,0.8478,618,0.4,0.8695,1,0.4,0.8695,1,0
IWM191004C154,2019-10-01,2019-10-01 09:32:16,0.41,0.8913,236,0.4,0.8695,107,0.4,0.8695,1,0.405,0.8804,1,0
IWM191004C154,2019-10-01,2019-10-01 09:32:16,0.41,0.8913,172,0.4,0.8695,52,0.4,0.8695,1,0.405,0.8804,1,0
IWM191004C154,2019-10-01,2019-10-01 09:32:17,0.41,0.8913,221,0.4,0.8695,150,0.4,0.8695,1,0.405,0.8804,1,0
IWM191004C154,2019-10-01,2019-10-01 09:32:18,0.41,0.8913,241,0.4,0.8695,126,0.4,0.8695,1,0.405,0.8804,1,0
IWM191004C154,2019-10-01,2019-10-01 09:32:18,0.41,0.8913,241,0.4,0.8695,114,0.4,0.8695,1,0.405,0.8804,1,0
IWM191004C154,2019-10-01,2019-10-01 09:32:19,0.41,0.8913,138,0.4,0.8695,306,0.4,0.8695,1,0.405,0.8804,1,0
IWM191004C154,2019-10-01,2019-10-01 09:32:20,0.42,0.913,55,0.4,0.8695,306,0.41,0.8913,10,0.41,0.8913,11,10
IWM191004C154,2019-10-01,2019-10-01 09:32:20,0.42,0.913,108,0.4,0.8695,624,0.41,0.8913,10,0.41,0.8913,11,0
IWM191004C154,2019-10-01,2019-10-01 09:32:21,0.42,0.913,108,0.4,0.8695,931,0.41,0.8913,10,0.41,0.8913,11,0
IWM191004C154,2019-10-01,2019-10-01 09:32:21,0.43,0.9347,25,0.41,0.8913,52,0.41,0.8913,10,0.42,0.913,11,0
IWM191004C154,2019-10-01,2019-10-01 09:32:22,0.42,0.913,11,0.41,0.8913,92,0.41,0.8913,10,0.415,0.9021,11,0
IWM191004C154,2019-10-01,2019-10-01 09:32:22,0.42,0.913,21,0.4,0.8695,701,0.41,0.8913,10,0.41,0.8913,11,0
IWM191004C154,2019-10-01,2019-10-01 09:32:23,0.42,0.913,21,0.4,0.8695,916,0.41,0.8913,10,0.41,0.8913,11,0
IWM191004C154,2019-10-01,2019-10-01 09:32:24,0.42,0.913,2,0.41,0.8913,484,0.41,0.8913,10,0.415,0.9021,11,0
IWM191004C154,2019-10-01,2019-10-01 09:32:24,0.42,0.913,20,0.4,0.8695,1024,0.41,0.8913,10,0.41,0.8913,11,0
IWM191004C154,2019-10-01,2019-10-01 09:32:25,0.42,0.913,10,0.41,0.8913,40,0.41,0.8913,10,0.415,0.9021,11,0
IWM191004C154,2019-10-01,2019-10-01 09:32:25,0.42,0.913,20,0.41,0.8913,15,0.41,0.8913,10,0.415,0.9021,11,0
IWM191004C154,2019-10-01,2019-10-01 09:32:26,0.43,0.9347,24,0.41,0.8913,135,0.41,0.8913,10,0.42,0.913,11,0
IWM191004C154,2019-10-01,2019-10-01 09:32:26,0.42,0.913,1,0.41,0.8913,316,0.41,0.8913,10,0.415,0.9021,11,0
IWM191004C154,2019-10-01,2019-10-01 09:32:27,0.43,0.9347,30,0.41,0.8913,885,0.41,0.8913,10,0.42,0.913,11,0
IWM191004C154,2019-10-01,2019-10-01 09:32:27,0.43,0.9347,20,0.41,0.8913,333,0.41,0.8913,10,0.42,0.913,11,0
IWM191004C154,2019-10-01,2019-10-01 09:32:28,0.43,0.9347,40,0.41,0.8913,573,0.41,0.8913,10,0.42,0.913,11,0
IWM191004C154,2019-10-01,2019-10-01 09:32:28,0.43,0.9347,288,0.41,0.8913,553,0.41,0.8913,10,0.42,0.913,11,0
IWM191004C154,2019-10-01,2019-10-01 09:32:29,0.43,0.9347,2,0.41,0.8913,315,0.41,0.8913,10,0.42,0.913,11,0
IWM191004C154,2019-10-01,2019-10-01 09:32:29,0.43,0.9347,20,0.41,0.8913,553,0.41,0.8913,10,0.42,0.913,11,0
IWM191004C154,2019-10-01,2019-10-01 09:32:30,0.43,0.9347,10,0.41,0.8913,677,0.41,0.8913,10,0.42,0.913,11,0
IWM191004C154,2019-10-01,2019-10-01 09:32:30,0.43,0.9347,10,0.41,0.8913,612,0.41,0.8913,10,0.42,0.913,11,0
IWM191004C154,2019-10-01,2019-10-01 09:32:31,0.43,0.9347,10,0.42,0.913,86,0.41,0.8913,10,0.425,0.9239,11,0
IWM191004C154,2019-10-01,2019-10-01 09:32:31,0.44,0.9565,286,0.42,0.913,169,0.41,0.8913,10,0.43,0.9347,11,0
IWM191004C154,2019-10-01,2019-10-01 09:32:32,0.44,0.9565,438,0.42,0.913,348,0.41,0.8913,10,0.43,0.9347,11,0
IWM191004C154,2019-10-01,2019-10-01 09:32:33,0.44,0.9565,472,0.42,0.913,495,0.41,0.8913,10,0.43,0.9347,11,0
IWM191004C154,2019-10-01,2019-10-01 09:32:33,0.44,0.9565,442,0.42,0.913,402,0.41,0.8913,10,0.43,0.9347,11,0
IWM191004C154,2019-10-01,2019-10-01 09:32:34,0.44,0.9565,472,0.42,0.913,588,0.41,0.8913,10,0.43,0.9347,11,0
IWM191004C154,2019-10-01,2019-10-01 09:32:34,0.44,0.9565,472,0.42,0.913,440,0.41,0.8913,10,0.43,0.9347,11,0
IWM191004C154,2019-10-01,2019-10-01 09:32:35,0.44,0.9565,711,0.41,0.8913,558,0.41,0.8913,10,0.425,0.9239,11,0
IWM191004C154,2019-10-01,2019-10-01 09:32:35,0.44,0.9565,979,0.42,0.913,242,0.41,0.8913,10,0.43,0.9347,11,0
IWM191004C154,2019-10-01,2019-10-01 09:32:36,0.43,0.9347,463,0.41,0.8913,410,0.41,0.8913,10,0.42,0.913,11,0
IWM191004C154,2019-10-01,2019-10-01 09:32:37,0.43,0.9347,483,0.41,0.8913,410,0.41,0.8913,10,0.42,0.913,11,0
IWM191004C154,2019-10-01,2019-10-01 09:32:37,0.43,0.9347,453,0.41,0.8913,410,0.41,0.8913,10,0.42,0.913,11,0
IWM191004C154,2019-10-01,2019-10-01 09:32:38,0.43,0.9347,422,0.41,0.8913,711,0.41,0.8913,10,0.42,0.913,11,0
IWM191004C154,2019-10-01,2019-10-01 09:32:38,0.43,0.9347,422,0.41,0.8913,522,0.41,0.8913,10,0.42,0.913,11,0
IWM191004C154,2019-10-01,2019-10-01 09:32:39,0.43,0.9347,263,0.41,0.8913,459,0.41,0.8913,10,0.42,0.913,11,0
IWM191004C154,2019-10-01,2019-10-01 09:32:39,0.43,0.9347,417,0.41,0.8913,711,0.41,0.8913,10,0.42,0.913,11,0
IWM191004C154,2019-10-01,2019-10-01 09:32:40,0.43,0.9347,427,0.41,0.8913,631,0.41,0.8913,10,0.42,0.913,11,0
IWM191004C154,2019-10-01,2019-10-01 09:32:40,0.43,0.9347,427,0.41,0.8913,580,0.41,0.8913,10,0.42,0.913,11,0
IWM191004C154,2019-10-01,2019-10-01 09:32:41,0.43,0.9347,211,0.41,0.8913,238,0.41,0.8913,10,0.42,0.913,11,0
IWM191004C154,2019-10-01,2019-10-01 09:32:41,0.43,0.9347,406,0.41,0.8913,468,0.41,0.8913,10,0.42,0.913,11,0
IWM191004C154,2019-10-01,2019-10-01 09:32:42,0.43,0.9347,211,0.41,0.8913,668,0.41,0.8913,10,0.42,0.913,11,0
IWM191004C154,2019-10-01,2019-10-01 09:32:42,0.43,0.9347,339,0.41,0.8913,441,0.41,0.8913,10,0.42,0.913,11,0
IWM191004C154,2019-10-01,2019-10-01 09:32:43,0.42,0.913,224,0.41,0.8913,607,0.41,0.8913,10,0.415,0.9021,11,0
IWM191004C154,2019-10-01,2019-10-01 09:32:43,0.43,0.9347,413,0.41,0.8913,607,0.41,0.8913,10,0.42,0.913,11,0
IWM191004C154,2019-10-01,2019-10-01 09:32:44,0.42,0.913,261,0.41,0.8913,15,0.41,0.8913,10,0.415,0.9021,11,0
IWM191004C154,2019-10-01,2019-10-01 09:32:44,0.42,0.913,343,0.41,0.8913,607,0.41,0.8913,10,0.415,0.9021,11,0
IWM191004C154,2019-10-01,2019-10-01 09:32:45,0.42,0.913,292,0.4,0.8695,357,0.41,0.8913,10,0.41,0.8913,11,0
IWM191004C154,2019-10-01,2019-10-01 09:32:45,0.42,0.913,416,0.41,0.8913,98,0.41,0.8913,10,0.415,0.9021,11,0
IWM191004C154,2019-10-01,2019-10-01 09:32:46,0.43,0.9347,450,0.41,0.8913,450,0.41,0.8913,10,0.42,0.913,11,0
IWM191004C154,2019-10-01,2019-10-01 09:32:46,0.43,0.9347,50,0.41,0.8913,390,0.41,0.8913,10,0.42,0.913,11,0
IWM191004C154,2019-10-01,2019-10-01 09:32:47,0.43,0.9347,477,0.41,0.8913,450,0.41,0.8913,10,0.42,0.913,11,0
IWM191004C154,2019-10-01,2019-10-01 09:32:47,0.44,0.9565,159,0.41,0.8913,209,0.41,0.8913,10,0.425,0.9239,11,0
IWM191004C154,2019-10-01,2019-10-01 09:32:48,0.43,0.9347,202,0.41,0.8913,156,0.41,0.8913,10,0.42,0.913,11,0
IWM191004C154,2019-10-01,2019-10-01 09:32:48,0.43,0.9347,295,0.41,0.8913,250,0.41,0.8913,10,0.42,0.913,11,0
IWM191004C154,2019-10-01,2019-10-01 09:32:49,0.43,0.9347,333,0.42,0.913,14,0.41,0.8913,10,0.425,0.9239,11,0
IWM191004C154,2019-10-01,2019-10-01 09:32:49,0.43,0.9347,20,0.41,0.8913,635,0.41,0.8913,10,0.42,0.913,11,0
IWM191004C154,2019-10-01,2019-10-01 09:32:50,0.43,0.9347,10,0.42,0.913,106,0.41,0.8913,10,0.425,0.9239,11,0
IWM191004C154,2019-10-01,2019-10-01 09:32:50,0.43,0.9347,357,0.42,0.913,14,0.41,0.8913,10,0.425,0.9239,11,0
IWM191004C154,2019-10-01,2019-10-01 09:32:51,0.44,0.9565,401,0.42,0.913,393,0.41,0.8913,10,0.43,0.9347,11,0
IWM191004C154,2019-10-01,2019-10-01 09:32:51,0.44,0.9565,320,0.42,0.913,294,0.41,0.8913,10,0.43,0.9347,11,0
IWM191004C154,2019-10-01,2019-10-01 09:32:52,0.44,0.9565,538,0.42,0.913,380,0.41,0.8913,10,0.43,0.9347,11,0
IWM191004C154,2019-10-01,2019-10-01 09:32:53,0.44,0.9565,865,0.41,0.8913,410,0.41,0.8913,10,0.425,0.9239,11,0
IWM191004C154,2019-10-01,2019-10-01 09:32:53,0.44,0.9565,530,0.41,0.8913,177,0.41,0.8913,10,0.425,0.9239,11,0
IWM191004C154,2019-10-01,2019-10-01 09:32:54,0.43,0.9347,303,0.41,0.8913,896,0.41,0.8913,10,0.42,0.913,11,0
IWM191004C154,2019-10-01,2019-10-01 09:32:54,0.43,0.9347,20,0.41,0.8913,896,0.41,0.8913,10,0.42,0.913,11,0
IWM191004C154,2019-10-01,2019-10-01 09:32:55,0.43,0.9347,475,0.41,0.8913,126,0.41,0.8913,10,0.42,0.913,11,0
IWM191004C154,2019-10-01,2019-10-01 09:32:55,0.43,0.9347,916,0.4,0.8695,862,0.41,0.8913,10,0.415,0.9021,11,0
IWM191004C154,2019-10-01,2019-10-01 09:32:56,0.41,0.8913,10,0.4,0.8695,130,0.41,0.8913,10,0.405,0.8804,11,0
IWM191004C154,2019-10-01,2019-10-01 09:32:56,0.42,0.913,288,0.4,0.8695,281,0.41,0.8913,10,0.41,0.8913,11,0
IWM191004C154,2019-10-01,2019-10-01 09:32:57,0.42,0.913,420,0.4,0.8695,714,0.41,0.8913,10,0.41,0.8913,11,0
IWM191004C154,2019-10-01,2019-10-01 09:32:57,0.42,0.913,459,0.4,0.8695,703,0.41,0.8913,10,0.41,0.8913,11,0
IWM191004C154,2019-10-01,2019-10-01 09:32:58,0.42,0.913,455,0.4,0.8695,995,0.41,0.8913,10,0.41,0.8913,11,0
IWM191004C154,2019-10-01,2019-10-01 09:32:58,0.42,0.913,474,0.4,0.8695,889,0.41,0.8913,10,0.41,0.8913,11,0
IWM191004C154,2019-10-01,2019-10-01 09:32:59,0.42,0.913,689,0.4,0.8695,30,0.41,0.8913,10,0.41,0.8913,11,0
IWM191004C154,2019-10-01,2019-10-01 09:32:59,0.42,0.913,474,0.4,0.8695,704,0.41,0.8913,10,0.41,0.8913,11,0
IWM191004C154,2019-10-01,2019-10-01 09:33:00,0.41,0.8913,6,0.39,0.8478,93,0.42,0.913,1,0.4,0.8695,12,0
IWM191004C154,2019-10-01,2019-10-01 09:33:00,0.42,0.913,761,0.4,0.8695,28,0.42,0.913,1,0.41,0.8913,12,1
IWM191004C154,2019-10-01,2019-10-01 09:33:01,0.41,0.8913,441,0.39,0.8478,347,0.42,0.913,1,0.4,0.8695,12,0
IWM191004C154,2019-10-01,2019-10-01 09:33:01,0.41,0.8913,301,0.39,0.8478,384,0.42,0.913,1,0.4,0.8695,12,0
IWM191004C154,2019-10-01,2019-10-01 09:33:02,0.41,0.8913,301,0.39,0.8478,169,0.42,0.913,1,0.4,0.8695,12,0
IWM191004C154,2019-10-01,2019-10-01 09:33:02,0.41,0.8913,301,0.39,0.8478,60,0.42,0.913,1,0.4,0.8695,12,0
IWM191004C154,2019-10-01,2019-10-01 09:33:03,0.41,0.8913,619,0.39,0.8478,12,0.42,0.913,1,0.4,0.8695,12,0
IWM191004C154,2019-10-01,2019-10-01 09:33:03,0.41,0.8913,619,0.39,0.8478,57,0.42,0.913,1,0.4,0.8695,12,0
IWM191004C154,2019-10-01,2019-10-01 09:33:04,0.4,0.8695,30,0.38,0.826,378,0.42,0.913,1,0.39,0.8478,12,0
IWM191004C154,2019-10-01,2019-10-01 09:33:04,0.4,0.8695,1,0.38,0.826,252,0.42,0.913,1,0.39,0.8478,12,0
IWM191004C154,2019-10-01,2019-10-01 09:33:05,0.4,0.8695,295,0.38,0.826,378,0.42,0.913,1,0.39,0.8478,12,0
IWM191004C154,2019-10-01,2019-10-01 09:33:05,0.4,0.8695,80,0.38,0.826,236,0.42,0.913,1,0.39,0.8478,12,0
IWM191004C154,2019-10-01,2019-10-01 09:33:06,0.4,0.8695,80,0.38,0.826,236,0.42,0.913,1,0.39,0.8478,12,0
IWM191004C154,2019-10-01,2019-10-01 09:33:06,0.4,0.8695,334,0.38,0.826,264,0.42,0.913,1,0.39,0.8478,12,0
IWM191004C154,2019-10-01,2019-10-01 09:33:07,0.4,0.8695,241,0.38,0.826,591,0.42,0.913,1,0.39,0.8478,12,0
IWM191004C154,2019-10-01,2019-10-01 09:33:07,0.4,0.8695,352,0.38,0.826,641,0.42,0.913,1,0.39,0.8478,12,0
IWM191004C154,2019-10-01,2019-10-01 09:33:08,0.4,0.8695,348,0.38,0.826,1016,0.42,0.913,1,0.39,0.8478,12,0
IWM191004C154,2019-10-01,2019-10-01 09:33:09,0.4,0.8695,492,0.38,0.826,614,0.42,0.913,1,0.39,0.8478,12,0
IWM191004C154,2019-10-01,2019-10-01 09:33:09,0.4,0.8695,348,0.38,0.826,1016,0.42,0.913,1,0.39,0.8478,12,0
IWM191004C154,2019-10-01,2019-10-01 09:33:10,0.4,0.8695,312,0.38,0.826,614,0.42,0.913,1,0.39,0.8478,12,0
IWM191004C154,2019-10-01,2019-10-01 09:33:10,0.4,0.8695,598,0.38,0.826,614,0.42,0.913,1,0.39,0.8478,12,0
IWM191004C154,2019-10-01,2019-10-01 09:33:11,0.4,0.8695,731,0.38,0.826,28,0.42,0.913,1,0.39,0.8478,12,0
IWM191004C154,2019-10-01,2019-10-01 09:33:11,0.4,0.8695,763,0.37,0.8043,472,0.42,0.913,1,0.385,0.8369,12,0
IWM191004C154,2019-10-01,2019-10-01 09:33:12,0.4,0.8695,664,0.38,0.826,72,0.42,0.913,1,0.39,0.8478,12,0
IWM191004C154,2019-10-01,2019-10-01 09:33:12,0.4,0.8695,684,0.38,0.826,28,0.42,0.913,1,0.39,0.8478,12,0
IWM191004C154,2019-10-01,2019-10-01 09:33:13,0.4,0.8695,516,0.39,0.8478,8,0.42,0.913,1,0.395,0.8586,12,0
IWM191004C154,2019-10-01,2019-10-01 09:33:13,0.4,0.8695,582,0.39,0.8478,8,0.42,0.913,1,0.395,0.8586,12,0
IWM191004C154,2019-10-01,2019-10-01 09:33:14,0.4,0.8695,20,0.38,0.826,63,0.42,0.913,1,0.39,0.8478,12,0
IWM191004C154,2019-10-01,2019-10-01 09:33:14,0.4,0.8695,274,0.38,0.826,63,0.42,0.913,1,0.39,0.8478,12,0
IWM191004C154,2019-10-01,2019-10-01 09:33:15,0.4,0.8695,302,0.38,0.826,63,0.42,0.913,1,0.39,0.8478,12,0
IWM191004C154,2019-10-01,2019-10-01 09:33:15,0.4,0.8695,322,0.38,0.826,63,0.42,0.913,1,0.39,0.8478,12,0
IWM191004C154,2019-10-01,2019-10-01 09:33:16,0.4,0.8695,93,0.38,0.826,63,0.42,0.913,1,0.39,0.8478,12,0
IWM191004C154,2019-10-01,2019-10-01 09:33:16,0.4,0.8695,386,0.38,0.826,364,0.42,0.913,1,0.39,0.8478,12,0
IWM191004C154,2019-10-01,2019-10-01 09:33:17,0.4,0.8695,386,0.38,0.826,423,0.42,0.913,1,0.39,0.8478,12,0
IWM191004C154,2019-10-01,2019-10-01 09:33:17,0.4,0.8695,369,0.38,0.826,718,0.42,0.913,1,0.39,0.8478,12,0
IWM191004C154,2019-10-01,2019-10-01 09:33:18,0.4,0.8695,20,0.38,0.826,1340,0.42,0.913,1,0.39,0.8478,12,0
IWM191004C154,2019-10-01,2019-10-01 09:33:18,0.4,0.8695,179,0.38,0.826,1424,0.42,0.913,1,0.39,0.8478,12,0
IWM191004C154,2019-10-01,2019-10-01 09:33:19,0.4,0.8695,20,0.39,0.8478,357,0.42,0.913,1,0.395,0.8586,12,0
IWM191004C154,2019-10-01,2019-10-01 09:33:19,0.4,0.8695,20,0.38,0.826,1340,0.42,0.913,1,0.39,0.8478,12,0
IWM191004C154,2019-10-01,2019-10-01 09:33:20,0.41,0.8913,41,0.39,0.8478,224,0.42,0.913,1,0.4,0.8695,12,0
IWM191004C154,2019-10-01,2019-10-01 09:33:20,0.41,0.8913,419,0.39,0.8478,616,0.42,0.913,1,0.4,0.8695,12,0
IWM191004C154,2019-10-01,2019-10-01 09:33:21,0.41,0.8913,233,0.39,0.8478,569,0.42,0.913,1,0.4,0.8695,12,0
IWM191004C154,2019-10-01,2019-10-01 09:33:21,0.41,0.8913,17,0.39,0.8478,569,0.42,0.913,1,0.4,0.8695,12,0
IWM191004C154,2019-10-01,2019-10-01 09:33:22,0.41,0.8913,49,0.39,0.8478,318,0.42,0.913,1,0.4,0.8695,12,0
IWM191004C154,2019-10-01,2019-10-01 09:33:22,0.41,0.8913,20,0.39,0.8478,318,0.42,0.913,1,0.4,0.8695,12,0
IWM191004C154,2019-10-01,2019-10-01 09:33:23,0.41,0.8913,172,0.39,0.8478,276,0.42,0.913,1,0.4,0.8695,12,0
IWM191004C154,2019-10-01,2019-10-01 09:33:23,0.41,0.8913,297,0.39,0.8478,108,0.42,0.913,1,0.4,0.8695,12,0
IWM191004C154,2019-10-01,2019-10-01 09:33:24,0.41,0.8913,20,0.39,0.8478,523,0.42,0.913,1,0.4,0.8695,12,0
IWM191004C154,2019-10-01,2019-10-01 09:33:24,0.41,0.8913,42,0.39,0.8478,523,0.42,0.913,1,0.4,0.8695,12,0
IWM191004C154,2019-10-01,2019-10-01 09:33:25,0.41,0.8913,162,0.4,0.8695,28,0.42,0.913,1,0.405,0.8804,12,0
IWM191004C154,2019-10-01,2019-10-01 09:33:26,0.41,0.8913,131,0.39,0.8478,12,0.42,0.913,1,0.4,0.8695,12,0
IWM191004C154,2019-10-01,2019-10-01 09:33:26,0.41,0.8913,19,0.4,0.8695,63,0.42,0.913,1,0.405,0.8804,12,0
IWM191004C154,2019-10-01,2019-10-01 09:33:27,0.41,0.8913,582,0.39,0.8478,50,0.42,0.913,1,0.4,0.8695,12,0
IWM191004C154,2019-10-01,2019-10-01 09:33:27,0.41,0.8913,317,0.39,0.8478,54,0.42,0.913,1,0.4,0.8695,12,0
IWM191004C154,2019-10-01,2019-10-01 09:33:28,0.41,0.8913,477,0.39,0.8478,61,0.42,0.913,1,0.4,0.8695,12,0
IWM191004C154,2019-10-01,2019-10-01 09:33:28,0.41,0.8913,699,0.39,0.8478,45,0.42,0.913,1,0.4,0.8695,12,0
IWM191004C154,2019-10-01,2019-10-01 09:33:29,0.41,0.8913,20,0.39,0.8478,57,0.42,0.913,1,0.4,0.8695,12,0
IWM191004C154,2019-10-01,2019-10-01 09:33:29,0.41,0.8913,283,0.39,0.8478,189,0.42,0.913,1,0.4,0.8695,12,0
IWM191004C154,2019-10-01,2019-10-01 09:33:30,0.41,0.8913,20,0.4,0.8695,60,0.42,0.913,1,0.405,0.8804,12,0
IWM191004C154,2019-10-01,2019-10-01 09:33:30,0.42,0.913,279,0.4,0.8695,13,0.42,0.913,1,0.41,0.8913,12,0
IWM191004C154,2019-10-01,2019-10-01 09:33:31,0.41,0.8913,10,0.4,0.8695,13,0.42,0.913,1,0.405,0.8804,12,0
IWM191004C154,2019-10-01,2019-10-01 09:33:31,0.42,0.913,41,0.4,0.8695,30,0.42,0.913,1,0.41,0.8913,12,0
IWM191004C154,2019-10-01,2019-10-01 09:33:32,0.42,0.913,295,0.4,0.8695,106,0.42,0.913,1,0.41,0.8913,12,0
IWM191004C154,2019-10-01,2019-10-01 09:33:32,0.42,0.913,352,0.4,0.8695,30,0.42,0.913,1,0.41,0.8913,12,0
IWM191004C154,2019-10-01,2019-10-01 09:33:33,0.41,0.8913,15,0.4,0.8695,51,0.42,0.913,1,0.405,0.8804,12,0
IWM191004C154,2019-10-01,2019-10-01 09:33:33,0.42,0.913,489,0.4,0.8695,537,0.42,0.913,1,0.41,0.8913,12,0
IWM191004C154,2019-10-01,2019-10-01 09:33:34,0.41,0.8913,20,0.4,0.8695,10,0.42,0.913,1,0.405,0.8804,12,0
IWM191004C154,2019-10-01,2019-10-01 09:33:34,0.41,0.8913,20,0.4,0.8695,30,0.42,0.913,1,0.405,0.8804,12,0
IWM191004C154,2019-10-01,2019-10-01 09:33:35,0.41,0.8913,20,0.4,0.8695,30,0.42,0.913,1,0.405,0.8804,12,0
IWM191004C154,2019-10-01,2019-10-01 09:33:35,0.41,0.8913,20,0.4,0.8695,60,0.42,0.913,1,0.405,0.8804,12,0
IWM191004C154,2019-10-01,2019-10-01 09:33:36,0.41,0.8913,261,0.39,0.8478,270,0.42,0.913,1,0.4,0.8695,12,0
IWM191004C154,2019-10-01,2019-10-01 09:33:36,0.41,0.8913,261,0.39,0.8478,60,0.42,0.913,1,0.4,0.8695,12,0
IWM191004C154,2019-10-01,2019-10-01 09:33:37,0.4,0.8695,37,0.38,0.826,557,0.42,0.913,1,0.39,0.8478,12,0
IWM191004C154,2019-10-01,2019-10-01 09:33:37,0.41,0.8913,328,0.39,0.8478,174,0.42,0.913,1,0.4,0.8695,12,0
IWM191004C154,2019-10-01,2019-10-01 09:33:38,0.41,0.8913,324,0.39,0.8478,57,0.42,0.913,1,0.4,0.8695,12,0
IWM191004C154,2019-10-01,2019-10-01 09:33:38,0.41,0.8913,324,0.39,0.8478,20,0.42,0.913,1,0.4,0.8695,12,0
IWM191004C154,2019-10-01,2019-10-01 09:33:39,0.41,0.8913,534,0.39,0.8478,153,0.39,0.8478,16,0.4,0.8695,28,16
IWM191004C154,2019-10-01,2019-10-01 09:33:39,0.41,0.8913,463,0.39,0.8478,294,0.39,0.8478,16,0.4,0.8695,28,0
IWM191004C154,2019-10-01,2019-10-01 09:33:40,0.41,0.8913,463,0.39,0.8478,309,0.39,0.8478,16,0.4,0.8695,28,0
IWM191004C154,2019-10-01,2019-10-01 09:33:40,0.41,0.8913,510,0.38,0.826,103,0.39,0.8478,16,0.395,0.8586,28,0
IWM191004C154,2019-10-01,2019-10-01 09:33:41,0.41,0.8913,510,0.39,0.8478,71,0.39,0.8478,16,0.4,0.8695,28,0
IWM191004C154,2019-10-01,2019-10-01 09:33:41,0.41,0.8913,557,0.38,0.826,357,0.39,0.8478,16,0.395,0.8586,28,0
IWM191004C154,2019-10-01,2019-10-01 09:33:42,0.41,0.8913,439,0.39,0.8478,422,0.39,0.8478,16,0.4,0.8695,28,0
IWM191004C154,2019-10-01,2019-10-01 09:33:42,0.41,0.8913,419,0.39,0.8478,252,0.39,0.8478,16,0.4,0.8695,28,0
IWM191004C154,2019-10-01,2019-10-01 09:33:43,0.41,0.8913,439,0.39,0.8478,531,0.39,0.8478,16,0.4,0.8695,28,0
IWM191004C154,2019-10-01,2019-10-01 09:33:43,0.41,0.8913,439,0.39,0.8478,287,0.39,0.8478,16,0.4,0.8695,28,0
IWM191004C154,2019-10-01,2019-10-01 09:33:44,0.41,0.8913,439,0.39,0.8478,506,0.39,0.8478,16,0.4,0.8695,28,0
IWM191004C154,2019-10-01,2019-10-01 09:33:45,0.41,0.8913,439,0.39,0.8478,521,0.39,0.8478,16,0.4,0.8695,28,0
IWM191004C154,2019-10-01,2019-10-01 09:33:45,0.41,0.8913,401,0.39,0.8478,521,0.39,0.8478,16,0.4,0.8695,28,0
IWM191004C154,2019-10-01,2019-10-01 09:33:46,0.41,0.8913,401,0.39,0.8478,506,0.39,0.8478,16,0.4,0.8695,28,0
IWM191004C154,2019-10-01,2019-10-01 09:33:46,0.41,0.8913,501,0.39,0.8478,506,0.39,0.8478,16,0.4,0.8695,28,0
IWM191004C154,2019-10-01,2019-10-01 09:33:47,0.41,0.8913,501,0.39,0.8478,630,0.39,0.8478,16,0.4,0.8695,28,0
IWM191004C154,2019-10-01,2019-10-01 09:33:47,0.4,0.8695,408,0.38,0.826,120,0.39,0.8478,16,0.39,0.8478,28,0
IWM191004C154,2019-10-01,2019-10-01 09:33:48,0.4,0.8695,35,0.38,0.826,41,0.39,0.8478,16,0.39,0.8478,28,0
IWM191004C154,2019-10-01,2019-10-01 09:33:48,0.4,0.8695,101,0.38,0.826,120,0.39,0.8478,16,0.39,0.8478,28,0
IWM191004C154,2019-10-01,2019-10-01 09:33:49,0.4,0.8695,381,0.38,0.826,110,0.39,0.8478,16,0.39,0.8478,28,0
IWM191004C154,2019-10-01,2019-10-01 09:33:49,0.4,0.8695,35,0.38,0.826,440,0.39,0.8478,16,0.39,0.8478,28,0
IWM191004C154,2019-10-01,2019-10-01 09:33:50,0.4,0.8695,20,0.39,0.8478,20,0.39,0.8478,16,0.395,0.8586,28,0
IWM191004C154,2019-10-01,2019-10-01 09:33:50,0.4,0.8695,227,0.38,0.826,440,0.39,0.8478,16,0.39,0.8478,28,0
IWM191004C154,2019-10-01,2019-10-01 09:33:51,0.41,0.8913,40,0.39,0.8478,137,0.39,0.8478,16,0.4,0.8695,28,0
IWM191004C154,2019-10-01,2019-10-01 09:33:51,0.41,0.8913,387,0.39,0.8478,445,0.39,0.8478,16,0.4,0.8695,28,0
IWM191004C154,2019-10-01,2019-10-01 09:33:52,0.41,0.8913,445,0.39,0.8478,163,0.39,0.8478,16,0.4,0.8695,28,0
IWM191004C154,2019-10-01,2019-10-01 09:33:52,0.41,0.8913,401,0.39,0.8478,96,0.39,0.8478,16,0.4,0.8695,28,0
IWM191004C154,2019-10-01,2019-10-01 09:33:53,0.41,0.8913,552,0.39,0.8478,163,0.39,0.8478,16,0.4,0.8695,28,0
IWM191004C154,2019-10-01,2019-10-01 09:33:53,0.4,0.8695,164,0.39,0.8478,7,0.39,0.8478,16,0.395,0.8586,28,0
IWM191004C154,2019-10-01,2019-10-01 09:33:54,0.4,0.8695,302,0.38,0.826,679,0.39,0.8478,16,0.39,0.8478,28,0
IWM191004C154,2019-10-01,2019-10-01 09:33:54,0.4,0.8695,312,0.38,0.826,248,0.39,0.8478,16,0.39,0.8478,28,0
IWM191004C154,2019-10-01,2019-10-01 09:33:55,0.4,0.8695,46,0.39,0.8478,30,0.39,0.8478,16,0.395,0.8586,28,0
IWM191004C154,2019-10-01,2019-10-01 09:33:55,0.4,0.8695,319,0.38,0.826,225,0.39,0.8478,16,0.39,0.8478,28,0
IWM191004C154,2019-10-01,2019-10-01 09:33:56,0.4,0.8695,261,0.38,0.826,734,0.39,0.8478,16,0.39,0.8478,28,0
IWM191004C154,2019-10-01,2019-10-01 09:33:56,0.4,0.8695,285,0.38,0.826,734,0.39,0.8478,16,0.39,0.8478,28,0
IWM191004C154,2019-10-01,2019-10-01 09:33:57,0.4,0.8695,32,0.38,0.826,659,0.39,0.8478,16,0.39,0.8478,28,0
IWM191004C154,2019-10-01,2019-10-01 09:33:57,0.4,0.8695,261,0.38,0.826,659,0.39,0.8478,16,0.39,0.8478,28,0
IWM191004C154,2019-10-01,2019-10-01 09:33:58,0.4,0.8695,42,0.39,0.8478,51,0.39,0.8478,16,0.395,0.8586,28,0
IWM191004C154,2019-10-01,2019-10-01 09:33:58,0.4,0.8695,47,0.39,0.8478,45,0.39,0.8478,16,0.395,0.8586,28,0
IWM191004C154,2019-10-01,2019-10-01 09:33:59,0.43,0.9347,7,0.4,0.8695,20,0.4,0.8695,20,0.415,0.9021,48,0
IWM191004C154,2019-10-01,2019-10-01 09:33:59,0.4,0.8695,18,0.4,0.8695,1,0.4,0.8695,20,0.4,0.8695,48,20
IWM191004C154,2019-10-01,2019-10-01 09:34:00,0.45,0.9782,20,0.43,0.9347,30,0.4,0.8695,20,0.44,0.9565,48,0
IWM191004C154,2019-10-01,2019-10-01 09:34:00,0.45,0.9782,127,0.41,0.8913,20,0.4,0.8695,20,0.43,0.9347,48,0
IWM191004C154,2019-10-01,2019-10-01 09:34:01,0.44,0.9565,20,0.42,0.913,39,0.4,0.8695,20,0.43,0.9347,48,0
IWM191004C154,2019-10-01,2019-10-01 09:34:01,0.44,0.9565,26,0.42,0.913,39,0.4,0.8695,20,0.43,0.9347,48,0
IWM191004C154,2019-10-01,2019-10-01 09:34:02,0.45,0.9782,50,0.42,0.913,90,0.4,0.8695,20,0.435,0.9456,48,0
IWM191004C154,2019-10-01,2019-10-01 09:34:02,0.45,0.9782,126,0.42,0.913,90,0.4,0.8695,20,0.435,0.9456,48,0
IWM191004C154,2019-10-01,2019-10-01 09:34:03,0.45,0.9782,50,0.44,0.9565,6,0.4,0.8695,20,0.445,0.9673,48,0
IWM191004C154,2019-10-01,2019-10-01 09:34:04,0.44,0.9565,22,0.43,0.9347,10,0.4,0.8695,20,0.435,0.9456,48,0
IWM191004C154,2019-10-01,2019-10-01 09:34:04,0.45,0.9782,29,0.43,0.9347,210,0.4,0.8695,20,0.44,0.9565,48,0
IWM191004C154,2019-10-01,2019-10-01 09:34:05,0.45,0.9782,42,0.43,0.9347,468,0.4,0.8695,20,0.44,0.9565,48,0
IWM191004C154,2019-10-01,2019-10-01 09:34:05,0.45,0.9782,63,0.43,0.9347,574,0.4,0.8695,20,0.44,0.9565,48,0
IWM191004C154,2019-10-01,2019-10-01 09:34:06,0.45,0.9782,10,0.44,0.9565,60,0.4,0.8695,20,0.445,0.9673,48,0
IWM191004C154,2019-10-01,2019-10-01 09:34:06,0.45,0.9782,63,0.43,0.9347,366,0.4,0.8695,20,0.44,0.9565,48,0
IWM191004C154,2019-10-01,2019-10-01 09:34:07,0.45,0.9782,20,0.44,0.9565,12,0.4,0.8695,20,0.445,0.9673,48,0
IWM191004C154,2019-10-01,2019-10-01 09:34:07,0.45,0.9782,287,0.44,0.9565,12,0.4,0.8695,20,0.445,0.9673,48,0
IWM191004C154,2019-10-01,2019-10-01 09:34:08,0.45,0.9782,20,0.44,0.9565,12,0.4,0.8695,20,0.445,0.9673,48,0
IWM191004C154,2019-10-01,2019-10-01 09:34:08,0.45,0.9782,20,0.44,0.9565,394,0.4,0.8695,20,0.445,0.9673,48,0
IWM191004C154,2019-10-01,2019-10-01 09:34:09,0.47,1.0217,302,0.45,0.9782,30,0.45,0.9782,1,0.46,1.0,49,1
IWM191004C154,2019-10-01,2019-10-01 09:34:09,0.45,0.9782,20,0.44,0.9565,683,0.4,0.8695,20,0.445,0.9673,48,0
IWM191004C154,2019-10-01,2019-10-01 09:34:10,0.47,1.0217,485,0.45,0.9782,12,0.45,0.9782,1,0.46,1.0,49,0
IWM191004C154,2019-10-01,2019-10-01 09:34:10,0.47,1.0217,485,0.45,0.9782,16,0.45,0.9782,1,0.46,1.0,49,0
IWM191004C154,2019-10-01,2019-10-01 09:34:11,0.46,1.0,30,0.45,0.9782,10,0.45,0.9782,1,0.455,0.9891,49,0
IWM191004C154,2019-10-01,2019-10-01 09:34:11,0.46,1.0,10,0.45,0.9782,12,0.45,0.9782,1,0.455,0.9891,49,0
IWM191004C154,2019-10-01,2019-10-01 09:34:12,0.47,1.0217,153,0.45,0.9782,30,0.45,0.9782,1,0.46,1.0,49,0
IWM191004C154,2019-10-01,2019-10-01 09:34:12,0.46,1.0,6,0.45,0.9782,10,0.45,0.9782,1,0.455,0.9891,49,0
IWM191004C154,2019-10-01,2019-10-01 09:34:13,0.47,1.0217,346,0.45,0.9782,54,0.45,0.9782,1,0.46,1.0,49,0
IWM191004C154,2019-10-01,2019-10-01 09:34:13,0.47,1.0217,479,0.45,0.9782,143,0.45,0.9782,1,0.46,1.0,49,0
IWM191004C154,2019-10-01,2019-10-01 09:34:14,0.47,1.0217,469,0.45,0.9782,208,0.45,0.9782,1,0.46,1.0,49,0
IWM191004C154,2019-10-01,2019-10-01 09:34:14,0.47,1.0217,311,0.45,0.9782,165,0.45,0.9782,1,0.46,1.0,49,0
IWM191004C154,2019-10-01,2019-10-01 09:34:15,0.47,1.0217,377,0.45,0.9782,421,0.45,0.9782,1,0.46,1.0,49,0
IWM191004C154,2019-10-01,2019-10-01 09:34:15,0.47,1.0217,377,0.45,0.9782,308,0.45,0.9782,1,0.46,1.0,49,0
IWM191004C154,2019-10-01,2019-10-01 09:34:16,0.47,1.0217,168,0.45,0.9782,39,0.45,0.9782,1,0.46,1.0,49,0
IWM191004C154,2019-10-01,2019-10-01 09:34:16,0.47,1.0217,280,0.45,0.9782,268,0.45,0.9782,1,0.46,1.0,49,0
IWM191004C154,2019-10-01,2019-10-01 09:34:17,0.47,1.0217,290,0.45,0.9782,160,0.45,0.9782,1,0.46,1.0,49,0
IWM191004C154,2019-10-01,2019-10-01 09:34:17,0.47,1.0217,292,0.45,0.9782,225,0.45,0.9782,1,0.46,1.0,49,0
IWM191004C154,2019-10-01,2019-10-01 09:34:18,0.47,1.0217,187,0.45,0.9782,245,0.45,0.9782,1,0.46,1.0,49,0
IWM191004C154,2019-10-01,2019-10-01 09:34:18,0.47,1.0217,316,0.45,0.9782,480,0.45,0.9782,1,0.46,1.0,49,0
IWM191004C154,2019-10-01,2019-10-01 09:34:19,0.47,1.0217,294,0.45,0.9782,480,0.45,0.9782,1,0.46,1.0,49,0
IWM191004C154,2019-10-01,2019-10-01 09:34:19,0.47,1.0217,286,0.45,0.9782,664,0.45,0.9782,1,0.46,1.0,49,0
IWM191004C154,2019-10-01,2019-10-01 09:34:20,0.47,1.0217,286,0.45,0.9782,762,0.45,0.9782,1,0.46,1.0,49,0
IWM191004C154,2019-10-01,2019-10-01 09:34:20,0.47,1.0217,168,0.45,0.9782,762,0.45,0.9782,1,0.46,1.0,49,0
IWM191004C154,2019-10-01,2019-10-01 09:34:21,0.47,1.0217,30,0.46,1.0,20,0.45,0.9782,1,0.465,1.0108,49,0
IWM191004C154,2019-10-01,2019-10-01 09:34:21,0.47,1.0217,41,0.46,1.0,20,0.45,0.9782,1,0.465,1.0108,49,0
IWM191004C154,2019-10-01,2019-10-01 09:34:22,0.47,1.0217,48,0.46,1.0,26,0.45,0.9782,1,0.465,1.0108,49,0
IWM191004C154,2019-10-01,2019-10-01 09:34:23,0.47,1.0217,43,0.46,1.0,26,0.45,0.9782,1,0.465,1.0108,49,0
IWM191004C154,2019-10-01,2019-10-01 09:34:23,0.47,1.0217,197,0.45,0.9782,212,0.45,0.9782,1,0.46,1.0,49,0
IWM191004C154,2019-10-01,2019-10-01 09:34:24,0.47,1.0217,383,0.45,0.9782,275,0.45,0.9782,1,0.46,1.0,49,0
IWM191004C154,2019-10-01,2019-10-01 09:34:24,0.47,1.0217,411,0.45,0.9782,146,0.45,0.9782,1,0.46,1.0,49,0
IWM191004C154,2019-10-01,2019-10-01 09:34:25,0.47,1.0217,388,0.45,0.9782,312,0.45,0.9782,1,0.46,1.0,49,0
IWM191004C154,2019-10-01,2019-10-01 09:34:25,0.47,1.0217,368,0.45,0.9782,517,0.45,0.9782,1,0.46,1.0,49,0
IWM191004C154,2019-10-01,2019-10-01 09:34:26,0.47,1.0217,388,0.45,0.9782,517,0.45,0.9782,1,0.46,1.0,49,0
IWM191004C154,2019-10-01,2019-10-01 09:34:26,0.47,1.0217,377,0.45,0.9782,517,0.45,0.9782,1,0.46,1.0,49,0
IWM191004C154,2019-10-01,2019-10-01 09:34:27,0.47,1.0217,268,0.45,0.9782,601,0.45,0.9782,1,0.46,1.0,49,0
IWM191004C154,2019-10-01,2019-10-01 09:34:27,0.47,1.0217,268,0.45,0.9782,499,0.45,0.9782,1,0.46,1.0,49,0
IWM191004C154,2019-10-01,2019-10-01 09:34:28,0.47,1.0217,35,0.45,0.9782,780,0.45,0.9782,1,0.46,1.0,49,0
IWM191004C154,2019-10-01,2019-10-01 09:34:28,0.47,1.0217,35,0.45,0.9782,688,0.45,0.9782,1,0.46,1.0,49,0
IWM191004C154,2019-10-01,2019-10-01 09:34:29,0.48,1.0434,239,0.46,1.0,362,0.45,0.9782,1,0.47,1.0217,49,0
IWM191004C154,2019-10-01,2019-10-01 09:34:29,0.47,1.0217,262,0.45,0.9782,783,0.45,0.9782,1,0.46,1.0,49,0
IWM191004C154,2019-10-01,2019-10-01 09:34:30,0.48,1.0434,373,0.46,1.0,314,0.45,0.9782,1,0.47,1.0217,49,0
IWM191004C154,2019-10-01,2019-10-01 09:34:30,0.48,1.0434,373,0.46,1.0,362,0.45,0.9782,1,0.47,1.0217,49,0
IWM191004C154,2019-10-01,2019-10-01 09:34:31,0.48,1.0434,342,0.46,1.0,341,0.45,0.9782,1,0.47,1.0217,49,0
IWM191004C154,2019-10-01,2019-10-01 09:34:31,0.48,1.0434,352,0.46,1.0,716,0.45,0.9782,1,0.47,1.0217,49,0
IWM191004C154,2019-10-01,2019-10-01 09:34:32,0.48,1.0434,352,0.46,1.0,716,0.45,0.9782,1,0.47,1.0217,49,0
IWM191004C154,2019-10-01,2019-10-01 09:34:32,0.48,1.0434,332,0.46,1.0,748,0.45,0.9782,1,0.47,1.0217,49,0
IWM191004C154,2019-10-01,2019-10-01 09:34:33,0.48,1.0434,299,0.47,1.0217,7,0.45,0.9782,1,0.475,1.0326,49,0
IWM191004C154,2019-10-01,2019-10-01 09:34:33,0.48,1.0434,279,0.47,1.0217,7,0.45,0.9782,1,0.475,1.0326,49,0
IWM191004C154,2019-10-01,2019-10-01 09:34:34,0.48,1.0434,160,0.47,1.0217,7,0.45,0.9782,1,0.475,1.0326,49,0
IWM191004C154,2019-10-01,2019-10-01 09:34:34,0.48,1.0434,10,0.47,1.0217,27,0.45,0.9782,1,0.475,1.0326,49,0
IWM191004C154,2019-10-01,2019-10-01 09:34:35,0.49,1.0652,439,0.47,1.0217,27,0.45,0.9782,1,0.48,1.0434,49,0
IWM191004C154,2019-10-01,2019-10-01 09:34:35,0.48,1.0434,10,0.47,1.0217,27,0.45,0.9782,1,0.475,1.0326,49,0
IWM191004C154,2019-10-01,2019-10-01 09:34:36,0.49,1.0652,439,0.47,1.0217,27,0.45,0.9782,1,0.48,1.0434,49,0
IWM191004C154,2019-10-01,2019-10-01 09:34:36,0.49,1.0652,576,0.47,1.0217,27,0.45,0.9782,1,0.48,1.0434,49,0
IWM191004C154,2019-10-01,2019-10-01 09:34:37,0.48,1.0434,9,0.46,1.0,286,0.45,0.9782,1,0.47,1.0217,49,0
IWM191004C154,2019-10-01,2019-10-01 09:34:37,0.48,1.0434,30,0.46,1.0,429,0.45,0.9782,1,0.47,1.0217,49,0
IWM191004C154,2019-10-01,2019-10-01 09:34:38,0.48,1.0434,358,0.46,1.0,875,0.45,0.9782,1,0.47,1.0217,49,0
IWM191004C154,2019-10-01,2019-10-01 09:34:38,0.48,1.0434,358,0.46,1.0,740,0.45,0.9782,1,0.47,1.0217,49,0
IWM191004C154,2019-10-01,2019-10-01 09:34:39,0.48,1.0434,358,0.46,1.0,740,0.45,0.9782,1,0.47,1.0217,49,0
IWM191004C154,2019-10-01,2019-10-01 09:34:40,0.48,1.0434,358,0.46,1.0,875,0.45,0.9782,1,0.47,1.0217,49,0
IWM191004C154,2019-10-01,2019-10-01 09:34:40,0.48,1.0434,358,0.46,1.0,740,0.45,0.9782,1,0.47,1.0217,49,0
IWM191004C154,2019-10-01,2019-10-01 09:34:41,0.48,1.0434,391,0.46,1.0,295,0.45,0.9782,1,0.47,1.0217,49,0
IWM191004C154,2019-10-01,2019-10-01 09:34:41,0.48,1.0434,391,0.46,1.0,490,0.45,0.9782,1,0.47,1.0217,49,0
IWM191004C154,2019-10-01,2019-10-01 09:34:42,0.48,1.0434,391,0.46,1.0,716,0.45,0.9782,1,0.47,1.0217,49,0
IWM191004C154,2019-10-01,2019-10-01 09:34:43,0.48,1.0434,391,0.46,1.0,961,0.45,0.9782,1,0.47,1.0217,49,0
IWM191004C154,2019-10-01,2019-10-01 09:34:44,0.48,1.0434,385,0.46,1.0,980,0.45,0.9782,1,0.47,1.0217,49,0
IWM191004C154,2019-10-01,2019-10-01 09:34:45,0.48,1.0434,248,0.46,1.0,145,0.45,0.9782,1,0.47,1.0217,49,0
IWM191004C154,2019-10-01,2019-10-01 09:34:45,0.48,1.0434,385,0.46,1.0,995,0.45,0.9782,1,0.47,1.0217,49,0
IWM191004C154,2019-10-01,2019-10-01 09:34:46,0.48,1.0434,430,0.46,1.0,74,0.45,0.9782,1,0.47,1.0217,49,0
IWM191004C154,2019-10-01,2019-10-01 09:34:46,0.48,1.0434,430,0.46,1.0,83,0.45,0.9782,1,0.47,1.0217,49,0
IWM191004C154,2019-10-01,2019-10-01 09:34:47,0.48,1.0434,205,0.46,1.0,631,0.45,0.9782,1,0.47,1.0217,49,0
IWM191004C154,2019-10-01,2019-10-01 09:34:47,0.48,1.0434,430,0.46,1.0,74,0.45,0.9782,1,0.47,1.0217,49,0
IWM191004C154,2019-10-01,2019-10-01 09:34:48,0.48,1.0434,188,0.46,1.0,930,0.45,0.9782,1,0.47,1.0217,49,0
IWM191004C154,2019-10-01,2019-10-01 09:34:48,0.48,1.0434,298,0.46,1.0,930,0.45,0.9782,1,0.47,1.0217,49,0
IWM191004C154,2019-10-01,2019-10-01 09:34:49,0.48,1.0434,44,0.46,1.0,193,0.45,0.9782,1,0.47,1.0217,49,0
IWM191004C154,2019-10-01,2019-10-01 09:34:49,0.48,1.0434,294,0.46,1.0,139,0.45,0.9782,1,0.47,1.0217,49,0
IWM191004C154,2019-10-01,2019-10-01 09:34:50,0.48,1.0434,335,0.46,1.0,668,0.45,0.9782,1,0.47,1.0217,49,0
IWM191004C154,2019-10-01,2019-10-01 09:34:51,0.48,1.0434,136,0.46,1.0,874,0.45,0.9782,1,0.47,1.0217,49,0
IWM191004C154,2019-10-01,2019-10-01 09:34:51,0.48,1.0434,335,0.46,1.0,889,0.45,0.9782,1,0.47,1.0217,49,0
IWM191004C154,2019-10-01,2019-10-01 09:34:52,0.49,1.0652,329,0.47,1.0217,50,0.45,0.9782,1,0.48,1.0434,49,0
IWM191004C154,2019-10-01,2019-10-01 09:34:52,0.49,1.0652,505,0.47,1.0217,53,0.45,0.9782,1,0.48,1.0434,49,0
IWM191004C154,2019-10-01,2019-10-01 09:34:53,0.48,1.0434,237,0.47,1.0217,48,0.45,0.9782,1,0.475,1.0326,49,0
IWM191004C154,2019-10-01,2019-10-01 09:34:53,0.49,1.0652,505,0.47,1.0217,48,0.45,0.9782,1,0.48,1.0434,49,0
IWM191004C154,2019-10-01,2019-10-01 09:34:54,0.48,1.0434,237,0.46,1.0,275,0.45,0.9782,1,0.47,1.0217,49,0
IWM191004C154,2019-10-01,2019-10-01 09:34:54,0.48,1.0434,404,0.46,1.0,300,0.45,0.9782,1,0.47,1.0217,49,0
IWM191004C154,2019-10-01,2019-10-01 09:34:55,0.48,1.0434,377,0.46,1.0,57,0.45,0.9782,1,0.47,1.0217,49,0
IWM191004C154,2019-10-01,2019-10-01 09:34:56,0.48,1.0434,357,0.45,0.9782,558,0.45,0.9782,1,0.465,1.0108,49,0
IWM191004C154,2019-10-01,2019-10-01 09:34:56,0.48,1.0434,611,0.45,0.9782,1097,0.45,0.9782,1,0.465,1.0108,49,0
IWM191004C154,2019-10-01,2019-10-01 09:34:57,0.48,1.0434,401,0.46,1.0,28,0.45,0.9782,1,0.47,1.0217,49,0
IWM191004C154,2019-10-01,2019-10-01 09:34:57,0.48,1.0434,421,0.46,1.0,65,0.45,0.9782,1,0.47,1.0217,49,0
IWM191004C154,2019-10-01,2019-10-01 09:34:58,0.48,1.0434,443,0.46,1.0,65,0.45,0.9782,1,0.47,1.0217,49,0
IWM191004C154,2019-10-01,2019-10-01 09:34:58,0.48,1.0434,457,0.45,0.9782,320,0.45,0.9782,1,0.465,1.0108,49,0
IWM191004C154,2019-10-01,2019-10-01 09:34:59,0.48,1.0434,624,0.45,0.9782,761,0.45,0.9782,1,0.465,1.0108,49,0
IWM191004C154,2019-10-01,2019-10-01 09:34:59,0.48,1.0434,750,0.45,0.9782,995,0.45,0.9782,1,0.465,1.0108,49,0
IWM191004C154,2019-10-01,2019-10-01 09:35:00,0.48,1.0434,30,0.47,1.0217,7,0.45,0.9782,1,0.475,1.0326,49,0
IWM191004C154,2019-10-01,2019-10-01 09:35:00,0.48,1.0434,10,0.47,1.0217,28,0.45,0.9782,1,0.475,1.0326,49,0
IWM191004C154,2019-10-01,2019-10-01 09:35:01,0.48,1.0434,20,0.46,1.0,66,0.45,0.9782,1,0.47,1.0217,49,0
IWM191004C154,2019-10-01,2019-10-01 09:35:01,0.48,1.0434,30,0.47,1.0217,28,0.45,0.9782,1,0.475,1.0326,49,0
IWM191004C154,2019-10-01,2019-10-01 09:35:02,0.48,1.0434,20,0.46,1.0,241,0.45,0.9782,1,0.47,1.0217,49,0
IWM191004C154,2019-10-01,2019-10-01 09:35:02,0.48,1.0434,26,0.46,1.0,485,0.45,0.9782,1,0.47,1.0217,49,0
IWM191004C154,2019-10-01,2019-10-01 09:35:03,0.48,1.0434,36,0.46,1.0,600,0.45,0.9782,1,0.47,1.0217,49,0
IWM191004C154,2019-10-01,2019-10-01 09:35:03,0.48,1.0434,12,0.47,1.0217,42,0.45,0.9782,1,0.475,1.0326,49,0
IWM191004C154,2019-10-01,2019-10-01 09:35:04,0.49,1.0652,260,0.47,1.0217,102,0.45,0.9782,1,0.48,1.0434,49,0
IWM191004C154,2019-10-01,2019-10-01 09:35:04,0.48,1.0434,20,0.47,1.0217,72,0.45,0.9782,1,0.475,1.0326,49,0
IWM191004C154,2019-10-01,2019-10-01 09:35:05,0.48,1.0434,292,0.46,1.0,66,0.45,0.9782,1,0.47,1.0217,49,0
IWM191004C154,2019-10-01,2019-10-01 09:35:05,0.49,1.0652,272,0.47,1.0217,102,0.45,0.9782,1,0.48,1.0434,49,0
IWM191004C154,2019-10-01,2019-10-01 09:35:06,0.48,1.0434,227,0.46,1.0,345,0.45,0.9782,1,0.47,1.0217,49,0
IWM191004C154,2019-10-01,2019-10-01 09:35:06,0.48,1.0434,54,0.46,1.0,66,0.45,0.9782,1,0.47,1.0217,49,0
IWM191004C154,2019-10-01,2019-10-01 09:35:07,0.48,1.0434,359,0.46,1.0,345,0.45,0.9782,1,0.47,1.0217,49,0
IWM191004C154,2019-10-01,2019-10-01 09:35:07,0.48,1.0434,369,0.46,1.0,124,0.45,0.9782,1,0.47,1.0217,49,0
IWM191004C154,2019-10-01,2019-10-01 09:35:08,0.48,1.0434,369,0.46,1.0,197,0.45,0.9782,1,0.47,1.0217,49,0
IWM191004C154,2019-10-01,2019-10-01 09:35:08,0.48,1.0434,234,0.46,1.0,204,0.45,0.9782,1,0.47,1.0217,49,0
IWM191004C154,2019-10-01,2019-10-01 09:35:09,0.48,1.0434,210,0.47,1.0217,28,0.45,0.9782,1,0.475,1.0326,49,0
IWM191004C154,2019-10-01,2019-10-01 09:35:09,0.48,1.0434,305,0.46,1.0,373,0.45,0.9782,1,0.47,1.0217,49,0
IWM191004C154,2019-10-01,2019-10-01 09:35:10,0.48,1.0434,291,0.47,1.0217,20,0.45,0.9782,1,0.475,1.0326,49,0
IWM191004C154,2019-10-01,2019-10-01 09:35:11,0.48,1.0434,291,0.47,1.0217,20,0.45,0.9782,1,0.475,1.0326,49,0
IWM191004C154,2019-10-01,2019-10-01 09:35:11,0.48,1.0434,12,0.47,1.0217,20,0.45,0.9782,1,0.475,1.0326,49,0
IWM191004C154,2019-10-01,2019-10-01 09:35:12,0.48,1.0434,12,0.47,1.0217,82,0.45,0.9782,1,0.475,1.0326,49,0
IWM191004C154,2019-10-01,2019-10-01 09:35:13,0.48,1.0434,12,0.47,1.0217,82,0.45,0.9782,1,0.475,1.0326,49,0
IWM191004C154,2019-10-01,2019-10-01 09:35:14,0.49,1.0652,4,0.48,1.0434,20,0.48,1.0434,1,0.485,1.0543,60,11
IWM191004C154,2019-10-01,2019-10-01 09:35:14,0.49,1.0652,10,0.48,1.0434,30,0.48,1.0434,1,0.485,1.0543,60,0
IWM191004C154,2019-10-01,2019-10-01 09:35:15,0.49,1.0652,10,0.48,1.0434,1,0.48,1.0434,1,0.485,1.0543,60,0
IWM191004C154,2019-10-01,2019-10-01 09:35:15,0.49,1.0652,10,0.47,1.0217,69,0.48,1.0434,1,0.48,1.0434,60,0
IWM191004C154,2019-10-01,2019-10-01 09:35:16,0.49,1.0652,43,0.47,1.0217,84,0.48,1.0434,1,0.48,1.0434,60,0
IWM191004C154,2019-10-01,2019-10-01 09:35:16,0.49,1.0652,43,0.47,1.0217,58,0.48,1.0434,1,0.48,1.0434,60,0
IWM191004C154,2019-10-01,2019-10-01 09:35:17,0.49,1.0652,39,0.47,1.0217,67,0.48,1.0434,1,0.48,1.0434,60,0
IWM191004C154,2019-10-01,2019-10-01 09:35:17,0.49,1.0652,33,0.47,1.0217,84,0.48,1.0434,1,0.48,1.0434,60,0
IWM191004C154,2019-10-01,2019-10-01 09:35:18,0.49,1.0652,20,0.47,1.0217,116,0.48,1.0434,1,0.48,1.0434,60,0
IWM191004C154,2019-10-01,2019-10-01 09:35:18,0.49,1.0652,30,0.48,1.0434,13,0.48,1.0434,1,0.485,1.0543,60,0
IWM191004C154,2019-10-01,2019-10-01 09:35:19,0.49,1.0652,20,0.47,1.0217,314,0.48,1.0434,1,0.48,1.0434,60,0
IWM191004C154,2019-10-01,2019-10-01 09:35:19,0.49,1.0652,30,0.48,1.0434,1,0.48,1.0434,1,0.485,1.0543,60,0
IWM191004C154,2019-10-01,2019-10-01 09:35:20,0.49,1.0652,30,0.48,1.0434,17,0.48,1.0434,1,0.485,1.0543,60,0
IWM191004C154,2019-10-01,2019-10-01 09:35:20,0.49,1.0652,20,0.48,1.0434,17,0.48,1.0434,1,0.485,1.0543,60,0
IWM191004C154,2019-10-01,2019-10-01 09:35:21,0.49,1.0652,171,0.48,1.0434,17,0.48,1.0434,1,0.485,1.0543,60,0
IWM191004C154,2019-10-01,2019-10-01 09:35:21,0.49,1.0652,30,0.48,1.0434,17,0.48,1.0434,1,0.485,1.0543,60,0
IWM191004C154,2019-10-01,2019-10-01 09:35:22,0.49,1.0652,30,0.48,1.0434,17,0.48,1.0434,1,0.485,1.0543,60,0
IWM191004C154,2019-10-01,2019-10-01 09:35:23,0.49,1.0652,305,0.48,1.0434,33,0.48,1.0434,1,0.485,1.0543,61,1
IWM191004C154,2019-10-01,2019-10-01 09:35:23,0.49,1.0652,255,0.48,1.0434,4,0.48,1.0434,1,0.485,1.0543,60,0
IWM191004C154,2019-10-01,2019-10-01 09:35:24,0.49,1.0652,305,0.48,1.0434,27,0.48,1.0434,1,0.485,1.0543,61,0
IWM191004C154,2019-10-01,2019-10-01 09:35:24,0.49,1.0652,305,0.48,1.0434,38,0.48,1.0434,1,0.485,1.0543,61,0
IWM191004C154,2019-10-01,2019-10-01 09:35:25,0.49,1.0652,103,0.47,1.0217,199,0.48,1.0434,1,0.48,1.0434,61,0
IWM191004C154,2019-10-01,2019-10-01 09:35:25,0.49,1.0652,305,0.48,1.0434,26,0.48,1.0434,1,0.485,1.0543,61,0
IWM191004C154,2019-10-01,2019-10-01 09:35:26,0.49,1.0652,375,0.47,1.0217,199,0.48,1.0434,1,0.48,1.0434,61,0
IWM191004C154,2019-10-01,2019-10-01 09:35:26,0.49,1.0652,369,0.47,1.0217,135,0.48,1.0434,1,0.48,1.0434,61,0
IWM191004C154,2019-10-01,2019-10-01 09:35:27,0.48,1.0434,1,0.47,1.0217,402,0.48,1.0434,1,0.475,1.0326,61,0
IWM191004C154,2019-10-01,2019-10-01 09:35:28,0.48,1.0434,1,0.47,1.0217,402,0.48,1.0434,1,0.475,1.0326,61,0
IWM191004C154,2019-10-01,2019-10-01 09:35:29,0.48,1.0434,4,0.47,1.0217,508,0.48,1.0434,1,0.475,1.0326,61,0
IWM191004C154,2019-10-01,2019-10-01 09:35:30,0.48,1.0434,371,0.47,1.0217,25,0.48,1.0434,1,0.475,1.0326,61,0
IWM191004C154,2019-10-01,2019-10-01 09:35:30,0.48,1.0434,10,0.47,1.0217,508,0.48,1.0434,1,0.475,1.0326,61,0
IWM191004C154,2019-10-01,2019-10-01 09:35:31,0.48,1.0434,267,0.47,1.0217,29,0.48,1.0434,1,0.475,1.0326,61,0
IWM191004C154,2019-10-01,2019-10-01 09:35:31,0.48,1.0434,74,0.47,1.0217,29,0.48,1.0434,1,0.475,1.0326,61,0
IWM191004C154,2019-10-01,2019-10-01 09:35:32,0.48,1.0434,260,0.47,1.0217,10,0.48,1.0434,1,0.475,1.0326,61,0
IWM191004C154,2019-10-01,2019-10-01 09:35:32,0.48,1.0434,405,0.47,1.0217,10,0.48,1.0434,1,0.475,1.0326,61,0
IWM191004C154,2019-10-01,2019-10-01 09:35:33,0.48,1.0434,60,0.47,1.0217,10,0.48,1.0434,1,0.475,1.0326,61,0
IWM191004C154,2019-10-01,2019-10-01 09:35:33,0.48,1.0434,424,0.47,1.0217,10,0.48,1.0434,1,0.475,1.0326,61,0
IWM191004C154,2019-10-01,2019-10-01 09:35:34,0.48,1.0434,465,0.47,1.0217,10,0.48,1.0434,1,0.475,1.0326,61,0
IWM191004C154,2019-10-01,2019-10-01 09:35:35,0.48,1.0434,465,0.47,1.0217,10,0.48,1.0434,1,0.475,1.0326,61,0
IWM191004C154,2019-10-01,2019-10-01 09:35:36,0.48,1.0434,465,0.47,1.0217,10,0.48,1.0434,1,0.475,1.0326,61,0
IWM191004C154,2019-10-01,2019-10-01 09:35:37,0.48,1.0434,289,0.47,1.0217,34,0.48,1.0434,1,0.475,1.0326,61,0
IWM191004C154,2019-10-01,2019-10-01 09:35:37,0.48,1.0434,465,0.47,1.0217,10,0.48,1.0434,1,0.475,1.0326,61,0
IWM191004C154,2019-10-01,2019-10-01 09:35:38,0.48,1.0434,10,0.47,1.0217,34,0.48,1.0434,1,0.475,1.0326,61,0
IWM191004C154,2019-10-01,2019-10-01 09:35:38,0.49,1.0652,300,0.47,1.0217,396,0.48,1.0434,1,0.48,1.0434,61,0
IWM191004C154,2019-10-01,2019-10-01 09:35:39,0.49,1.0652,300,0.47,1.0217,378,0.48,1.0434,1,0.48,1.0434,61,0
IWM191004C154,2019-10-01,2019-10-01 09:35:39,0.49,1.0652,357,0.47,1.0217,378,0.48,1.0434,1,0.48,1.0434,61,0
IWM191004C154,2019-10-01,2019-10-01 09:35:40,0.49,1.0652,382,0.47,1.0217,65,0.48,1.0434,1,0.48,1.0434,61,0
IWM191004C154,2019-10-01,2019-10-01 09:35:40,0.49,1.0652,382,0.47,1.0217,296,0.48,1.0434,1,0.48,1.0434,61,0
IWM191004C154,2019-10-01,2019-10-01 09:35:41,0.49,1.0652,464,0.47,1.0217,85,0.48,1.0434,1,0.48,1.0434,61,0
IWM191004C154,2019-10-01,2019-10-01 09:35:41,0.49,1.0652,465,0.47,1.0217,117,0.48,1.0434,1,0.48,1.0434,61,0
IWM191004C154,2019-10-01,2019-10-01 09:35:42,0.49,1.0652,215,0.47,1.0217,569,0.48,1.0434,1,0.48,1.0434,61,0
IWM191004C154,2019-10-01,2019-10-01 09:35:42,0.49,1.0652,215,0.47,1.0217,633,0.48,1.0434,1,0.48,1.0434,61,0
IWM191004C154,2019-10-01,2019-10-01 09:35:43,0.48,1.0434,20,0.47,1.0217,25,0.48,1.0434,1,0.475,1.0326,61,0
IWM191004C154,2019-10-01,2019-10-01 09:35:43,0.49,1.0652,215,0.47,1.0217,40,0.48,1.0434,1,0.48,1.0434,61,0
IWM191004C154,2019-10-01,2019-10-01 09:35:44,0.48,1.0434,10,0.47,1.0217,45,0.48,1.0434,1,0.475,1.0326,61,0
IWM191004C154,2019-10-01,2019-10-01 09:35:45,0.48,1.0434,10,0.47,1.0217,45,0.48,1.0434,1,0.475,1.0326,61,0
IWM191004C154,2019-10-01,2019-10-01 09:35:45,0.48,1.0434,10,0.47,1.0217,58,0.48,1.0434,1,0.475,1.0326,61,0
IWM191004C154,2019-10-01,2019-10-01 09:35:46,0.48,1.0434,10,0.47,1.0217,79,0.48,1.0434,1,0.475,1.0326,61,0
IWM191004C154,2019-10-01,2019-10-01 09:35:47,0.48,1.0434,10,0.47,1.0217,79,0.48,1.0434,1,0.475,1.0326,61,0
IWM191004C154,2019-10-01,2019-10-01 09:35:48,0.49,1.0652,407,0.47,1.0217,95,0.48,1.0434,1,0.48,1.0434,61,0
IWM191004C154,2019-10-01,2019-10-01 09:35:48,0.49,1.0652,33,0.47,1.0217,79,0.48,1.0434,1,0.48,1.0434,61,0
IWM191004C154,2019-10-01,2019-10-01 09:35:49,0.49,1.0652,373,0.47,1.0217,10,0.48,1.0434,1,0.48,1.0434,61,0
IWM191004C154,2019-10-01,2019-10-01 09:35:49,0.48,1.0434,1,0.47,1.0217,95,0.48,1.0434,1,0.475,1.0326,61,0
IWM191004C154,2019-10-01,2019-10-01 09:35:50,0.49,1.0652,373,0.47,1.0217,35,0.48,1.0434,1,0.48,1.0434,61,0
IWM191004C154,2019-10-01,2019-10-01 09:35:50,0.48,1.0434,10,0.47,1.0217,24,0.48,1.0434,1,0.475,1.0326,61,0
IWM191004C154,2019-10-01,2019-10-01 09:35:51,0.48,1.0434,4,0.47,1.0217,10,0.48,1.0434,1,0.475,1.0326,61,0
IWM191004C154,2019-10-01,2019-10-01 09:35:51,0.49,1.0652,55,0.47,1.0217,10,0.48,1.0434,1,0.48,1.0434,61,0
IWM191004C154,2019-10-01,2019-10-01 09:35:52,0.48,1.0434,343,0.47,1.0217,10,0.48,1.0434,1,0.475,1.0326,61,0
IWM191004C154,2019-10-01,2019-10-01 09:35:52,0.48,1.0434,52,0.47,1.0217,10,0.48,1.0434,1,0.475,1.0326,61,0
IWM191004C154,2019-10-01,2019-10-01 09:35:53,0.48,1.0434,154,0.47,1.0217,18,0.48,1.0434,1,0.475,1.0326,61,0
IWM191004C154,2019-10-01,2019-10-01 09:35:53,0.48,1.0434,18,0.47,1.0217,18,0.48,1.0434,1,0.475,1.0326,61,0
IWM191004C154,2019-10-01,2019-10-01 09:35:54,0.48,1.0434,10,0.47,1.0217,16,0.48,1.0434,1,0.475,1.0326,61,0
IWM191004C154,2019-10-01,2019-10-01 09:35:54,0.49,1.0652,28,0.47,1.0217,51,0.48,1.0434,1,0.48,1.0434,61,0
IWM191004C154,2019-10-01,2019-10-01 09:35:55,0.49,1.0652,363,0.47,1.0217,98,0.48,1.0434,1,0.48,1.0434,61,0
IWM191004C154,2019-10-01,2019-10-01 09:35:55,0.49,1.0652,341,0.47,1.0217,98,0.48,1.0434,1,0.48,1.0434,61,0
IWM191004C154,2019-10-01,2019-10-01 09:35:56,0.49,1.0652,249,0.47,1.0217,98,0.48,1.0434,1,0.48,1.0434,61,0
IWM191004C154,2019-10-01,2019-10-01 09:35:56,0.48,1.0434,10,0.47,1.0217,19,0.48,1.0434,1,0.475,1.0326,61,0
IWM191004C154,2019-10-01,2019-10-01 09:35:57,0.48,1.0434,385,0.47,1.0217,10,0.48,1.0434,1,0.475,1.0326,61,0
IWM191004C154,2019-10-01,2019-10-01 09:35:57,0.48,1.0434,20,0.47,1.0217,19,0.48,1.0434,1,0.475,1.0326,61,0
IWM191004C154,2019-10-01,2019-10-01 09:35:58,0.47,1.0217,20,0.46,1.0,45,0.47,1.0217,10,0.465,1.0108,71,0
IWM191004C154,2019-10-01,2019-10-01 09:35:58,0.47,1.0217,6,0.46,1.0,45,0.47,1.0217,10,0.465,1.0108,71,10
IWM191004C154,2019-10-01,2019-10-01 09:35:59,0.47,1.0217,23,0.45,0.9782,522,0.47,1.0217,10,0.46,1.0,71,0
IWM191004C154,2019-10-01,2019-10-01 09:35:59,0.47,1.0217,256,0.45,0.9782,309,0.47,1.0217,10,0.46,1.0,71,0
IWM191004C154,2019-10-01,2019-10-01 09:36:00,0.47,1.0217,15,0.46,1.0,61,0.47,1.0217,10,0.465,1.0108,71,0
IWM191004C154,2019-10-01,2019-10-01 09:36:00,0.47,1.0217,15,0.45,0.9782,522,0.47,1.0217,10,0.46,1.0,71,0
IWM191004C154,2019-10-01,2019-10-01 09:36:01,0.47,1.0217,15,0.46,1.0,97,0.47,1.0217,10,0.465,1.0108,71,0
IWM191004C154,2019-10-01,2019-10-01 09:36:02,0.47,1.0217,15,0.46,1.0,190,0.47,1.0217,10,0.465,1.0108,71,0
IWM191004C154,2019-10-01,2019-10-01 09:36:02,0.47,1.0217,15,0.46,1.0,384,0.47,1.0217,10,0.465,1.0108,71,0
IWM191004C154,2019-10-01,2019-10-01 09:36:03,0.48,1.0434,33,0.46,1.0,194,0.47,1.0217,10,0.47,1.0217,71,0
IWM191004C154,2019-10-01,2019-10-01 09:36:04,0.48,1.0434,437,0.46,1.0,33,0.47,1.0217,10,0.47,1.0217,71,0
IWM191004C154,2019-10-01,2019-10-01 09:36:04,0.48,1.0434,413,0.46,1.0,61,0.47,1.0217,10,0.47,1.0217,71,0
IWM191004C154,2019-10-01,2019-10-01 09:36:05,0.48,1.0434,422,0.46,1.0,72,0.47,1.0217,10,0.47,1.0217,71,0
IWM191004C154,2019-10-01,2019-10-01 09:36:05,0.48,1.0434,452,0.46,1.0,72,0.47,1.0217,10,0.47,1.0217,71,0
IWM191004C154,2019-10-01,2019-10-01 09:36:06,0.48,1.0434,432,0.46,1.0,83,0.47,1.0217,10,0.47,1.0217,71,0
IWM191004C154,2019-10-01,2019-10-01 09:36:06,0.48,1.0434,360,0.46,1.0,318,0.47,1.0217,10,0.47,1.0217,71,0
IWM191004C154,2019-10-01,2019-10-01 09:36:07,0.48,1.0434,380,0.46,1.0,213,0.47,1.0217,10,0.47,1.0217,71,0
IWM191004C154,2019-10-01,2019-10-01 09:36:08,0.48,1.0434,380,0.46,1.0,318,0.47,1.0217,10,0.47,1.0217,71,0
IWM191004C154,2019-10-01,2019-10-01 09:36:08,0.48,1.0434,380,0.46,1.0,370,0.47,1.0217,10,0.47,1.0217,71,0
IWM191004C154,2019-10-01,2019-10-01 09:36:09,0.48,1.0434,380,0.46,1.0,370,0.47,1.0217,10,0.47,1.0217,71,0
IWM191004C154,2019-10-01,2019-10-01 09:36:09,0.48,1.0434,380,0.46,1.0,11,0.47,1.0217,10,0.47,1.0217,71,0
IWM191004C154,2019-10-01,2019-10-01 09:36:10,0.47,1.0217,30,0.45,0.9782,152,0.47,1.0217,10,0.46,1.0,71,0
IWM191004C154,2019-10-01,2019-10-01 09:36:10,0.47,1.0217,167,0.45,0.9782,289,0.47,1.0217,10,0.46,1.0,71,0
IWM191004C154,2019-10-01,2019-10-01 09:36:11,0.47,1.0217,10,0.45,0.9782,649,0.47,1.0217,10,0.46,1.0,71,0
IWM191004C154,2019-10-01,2019-10-01 09:36:11,0.47,1.0217,10,0.45,0.9782,694,0.47,1.0217,10,0.46,1.0,71,0
IWM191004C154,2019-10-01,2019-10-01 09:36:12,0.47,1.0217,10,0.45,0.9782,1269,0.47,1.0217,10,0.46,1.0,71,0
IWM191004C154,2019-10-01,2019-10-01 09:36:13,0.47,1.0217,10,0.45,0.9782,1129,0.47,1.0217,10,0.46,1.0,71,0
IWM191004C154,2019-10-01,2019-10-01 09:36:13,0.47,1.0217,202,0.45,0.9782,678,0.47,1.0217,10,0.46,1.0,71,0
IWM191004C154,2019-10-01,2019-10-01 09:36:14,0.47,1.0217,213,0.45,0.9782,723,0.47,1.0217,10,0.46,1.0,71,0
IWM191004C154,2019-10-01,2019-10-01 09:36:14,0.47,1.0217,213,0.45,0.9782,927,0.47,1.0217,10,0.46,1.0,71,0
IWM191004C154,2019-10-01,2019-10-01 09:36:15,0.47,1.0217,239,0.45,0.9782,927,0.47,1.0217,10,0.46,1.0,71,0
IWM191004C154,2019-10-01,2019-10-01 09:36:16,0.47,1.0217,10,0.45,0.9782,387,0.47,1.0217,10,0.46,1.0,71,0
IWM191004C154,2019-10-01,2019-10-01 09:36:16,0.47,1.0217,371,0.45,0.9782,277,0.47,1.0217,10,0.46,1.0,71,0
IWM191004C154,2019-10-01,2019-10-01 09:36:17,0.47,1.0217,10,0.45,0.9782,556,0.47,1.0217,10,0.46,1.0,71,0
IWM191004C154,2019-10-01,2019-10-01 09:36:18,0.47,1.0217,10,0.45,0.9782,1063,0.47,1.0217,10,0.46,1.0,71,0
IWM191004C154,2019-10-01,2019-10-01 09:36:18,0.48,1.0434,217,0.46,1.0,86,0.47,1.0217,10,0.47,1.0217,71,0
IWM191004C154,2019-10-01,2019-10-01 09:36:19,0.48,1.0434,205,0.46,1.0,260,0.47,1.0217,10,0.47,1.0217,71,0
IWM191004C154,2019-10-01,2019-10-01 09:36:20,0.48,1.0434,356,0.46,1.0,298,0.47,1.0217,10,0.47,1.0217,71,0
IWM191004C154,2019-10-01,2019-10-01 09:36:21,0.48,1.0434,157,0.46,1.0,655,0.47,1.0217,10,0.47,1.0217,71,0
IWM191004C154,2019-10-01,2019-10-01 09:36:21,0.48,1.0434,288,0.46,1.0,383,0.47,1.0217,10,0.47,1.0217,71,0
IWM191004C154,2019-10-01,2019-10-01 09:36:22,0.48,1.0434,244,0.46,1.0,656,0.47,1.0217,10,0.47,1.0217,71,0
IWM191004C154,2019-10-01,2019-10-01 09:36:22,0.48,1.0434,244,0.46,1.0,710,0.47,1.0217,10,0.47,1.0217,71,0
IWM191004C154,2019-10-01,2019-10-01 09:36:23,0.48,1.0434,274,0.46,1.0,312,0.47,1.0217,10,0.47,1.0217,71,0
IWM191004C154,2019-10-01,2019-10-01 09:36:23,0.48,1.0434,274,0.46,1.0,850,0.47,1.0217,10,0.47,1.0217,71,0
IWM191004C154,2019-10-01,2019-10-01 09:36:24,0.48,1.0434,274,0.46,1.0,312,0.47,1.0217,10,0.47,1.0217,71,0
IWM191004C154,2019-10-01,2019-10-01 09:36:24,0.48,1.0434,355,0.46,1.0,312,0.47,1.0217,10,0.47,1.0217,71,0
IWM191004C154,2019-10-01,2019-10-01 09:36:25,0.48,1.0434,345,0.46,1.0,544,0.47,1.0217,10,0.47,1.0217,71,0
IWM191004C154,2019-10-01,2019-10-01 09:36:25,0.48,1.0434,345,0.46,1.0,309,0.47,1.0217,10,0.47,1.0217,71,0
IWM191004C154,2019-10-01,2019-10-01 09:36:26,0.48,1.0434,345,0.46,1.0,604,0.47,1.0217,10,0.47,1.0217,71,0
IWM191004C154,2019-10-01,2019-10-01 09:36:26,0.48,1.0434,340,0.46,1.0,709,0.47,1.0217,10,0.47,1.0217,71,0
IWM191004C154,2019-10-01,2019-10-01 09:36:27,0.48,1.0434,361,0.46,1.0,684,0.47,1.0217,10,0.47,1.0217,71,0
IWM191004C154,2019-10-01,2019-10-01 09:36:27,0.48,1.0434,143,0.46,1.0,789,0.47,1.0217,10,0.47,1.0217,71,0
IWM191004C154,2019-10-01,2019-10-01 09:36:28,0.48,1.0434,361,0.46,1.0,387,0.47,1.0217,10,0.47,1.0217,71,0
IWM191004C154,2019-10-01,2019-10-01 09:36:28,0.48,1.0434,361,0.46,1.0,98,0.47,1.0217,10,0.47,1.0217,71,0
IWM191004C154,2019-10-01,2019-10-01 09:36:29,0.48,1.0434,361,0.46,1.0,817,0.47,1.0217,10,0.47,1.0217,71,0
IWM191004C154,2019-10-01,2019-10-01 09:36:30,0.48,1.0434,221,0.46,1.0,826,0.47,1.0217,10,0.47,1.0217,71,0
IWM191004C154,2019-10-01,2019-10-01 09:36:30,0.48,1.0434,316,0.46,1.0,292,0.47,1.0217,10,0.47,1.0217,71,0
IWM191004C154,2019-10-01,2019-10-01 09:36:31,0.48,1.0434,316,0.46,1.0,292,0.47,1.0217,10,0.47,1.0217,71,0
IWM191004C154,2019-10-01,2019-10-01 09:36:31,0.48,1.0434,221,0.46,1.0,289,0.47,1.0217,10,0.47,1.0217,71,0
IWM191004C154,2019-10-01,2019-10-01 09:36:32,0.48,1.0434,221,0.46,1.0,354,0.47,1.0217,10,0.47,1.0217,71,0
IWM191004C154,2019-10-01,2019-10-01 09:36:32,0.48,1.0434,221,0.46,1.0,289,0.47,1.0217,10,0.47,1.0217,71,0
IWM191004C154,2019-10-01,2019-10-01 09:36:33,0.47,1.0217,64,0.45,0.9782,68,0.47,1.0217,10,0.46,1.0,71,0
IWM191004C154,2019-10-01,2019-10-01 09:36:33,0.47,1.0217,7,0.46,1.0,354,0.47,1.0217,10,0.465,1.0108,71,0
IWM191004C154,2019-10-01,2019-10-01 09:36:34,0.47,1.0217,51,0.45,0.9782,269,0.47,1.0217,10,0.46,1.0,71,0
IWM191004C154,2019-10-01,2019-10-01 09:36:34,0.47,1.0217,295,0.45,0.9782,243,0.47,1.0217,10,0.46,1.0,71,0
IWM191004C154,2019-10-01,2019-10-01 09:36:35,0.47,1.0217,99,0.45,0.9782,243,0.47,1.0217,10,0.46,1.0,71,0
IWM191004C154,2019-10-01,2019-10-01 09:36:35,0.47,1.0217,64,0.45,0.9782,243,0.47,1.0217,10,0.46,1.0,71,0
IWM191004C154,2019-10-01,2019-10-01 09:36:36,0.47,1.0217,98,0.45,0.9782,548,0.47,1.0217,10,0.46,1.0,71,0
IWM191004C154,2019-10-01,2019-10-01 09:36:36,0.47,1.0217,256,0.45,0.9782,528,0.47,1.0217,10,0.46,1.0,71,0
IWM191004C154,2019-10-01,2019-10-01 09:36:37,0.47,1.0217,230,0.45,0.9782,528,0.47,1.0217,10,0.46,1.0,71,0
IWM191004C154,2019-10-01,2019-10-01 09:36:38,0.46,1.0,151,0.45,0.9782,233,0.47,1.0217,10,0.455,0.9891,71,0
IWM191004C154,2019-10-01,2019-10-01 09:36:38,0.46,1.0,188,0.44,0.9565,503,0.47,1.0217,10,0.45,0.9782,71,0
IWM191004C154,2019-10-01,2019-10-01 09:36:39,0.46,1.0,128,0.44,0.9565,850,0.47,1.0217,10,0.45,0.9782,71,0
IWM191004C154,2019-10-01,2019-10-01 09:36:39,0.46,1.0,224,0.44,0.9565,767,0.47,1.0217,10,0.45,0.9782,71,0
IWM191004C154,2019-10-01,2019-10-01 09:36:40,0.46,1.0,128,0.44,0.9565,850,0.47,1.0217,10,0.45,0.9782,71,0
IWM191004C154,2019-10-01,2019-10-01 09:36:40,0.46,1.0,21,0.44,0.9565,52,0.47,1.0217,10,0.45,0.9782,71,0
IWM191004C154,2019-10-01,2019-10-01 09:36:41,0.46,1.0,22,0.45,0.9782,52,0.47,1.0217,10,0.455,0.9891,71,0
IWM191004C154,2019-10-01,2019-10-01 09:36:41,0.46,1.0,10,0.45,0.9782,52,0.47,1.0217,10,0.455,0.9891,71,0
IWM191004C154,2019-10-01,2019-10-01 09:36:42,0.46,1.0,10,0.45,0.9782,82,0.47,1.0217,10,0.455,0.9891,71,0
IWM191004C154,2019-10-01,2019-10-01 09:36:42,0.47,1.0217,168,0.45,0.9782,625,0.47,1.0217,10,0.46,1.0,71,0
IWM191004C154,2019-10-01,2019-10-01 09:36:43,0.47,1.0217,325,0.45,0.9782,1404,0.47,1.0217,10,0.46,1.0,71,0
IWM191004C154,2019-10-01,2019-10-01 09:36:44,0.46,1.0,10,0.45,0.9782,225,0.47,1.0217,10,0.455,0.9891,71,0
IWM191004C154,2019-10-01,2019-10-01 09:36:44,0.47,1.0217,178,0.45,0.9782,225,0.47,1.0217,10,0.46,1.0,71,0
IWM191004C154,2019-10-01,2019-10-01 09:36:45,0.47,1.0217,270,0.45,0.9782,105,0.47,1.0217,10,0.46,1.0,71,0
IWM191004C154,2019-10-01,2019-10-01 09:36:45,0.47,1.0217,195,0.45,0.9782,147,0.47,1.0217,10,0.46,1.0,71,0
IWM191004C154,2019-10-01,2019-10-01 09:36:46,0.47,1.0217,199,0.45,0.9782,566,0.47,1.0217,10,0.46,1.0,71,0
IWM191004C154,2019-10-01,2019-10-01 09:36:46,0.47,1.0217,276,0.45,0.9782,697,0.47,1.0217,10,0.46,1.0,71,0
IWM191004C154,2019-10-01,2019-10-01 09:36:47,0.47,1.0217,276,0.45,0.9782,398,0.47,1.0217,10,0.46,1.0,71,0
IWM191004C154,2019-10-01,2019-10-01 09:36:47,0.47,1.0217,276,0.45,0.9782,697,0.47,1.0217,10,0.46,1.0,71,0
IWM191004C154,2019-10-01,2019-10-01 09:36:48,0.47,1.0217,276,0.46,1.0,54,0.47,1.0217,10,0.465,1.0108,71,0
IWM191004C154,2019-10-01,2019-10-01 09:36:48,0.47,1.0217,35,0.46,1.0,66,0.47,1.0217,10,0.465,1.0108,71,0
IWM191004C154,2019-10-01,2019-10-01 09:36:49,0.47,1.0217,104,0.46,1.0,66,0.47,1.0217,10,0.465,1.0108,71,0
IWM191004C154,2019-10-01,2019-10-01 09:36:49,0.47,1.0217,56,0.46,1.0,66,0.47,1.0217,10,0.465,1.0108,71,0
IWM191004C154,2019-10-01,2019-10-01 09:36:50,0.47,1.0217,49,0.46,1.0,6,0.47,1.0217,10,0.465,1.0108,71,0
IWM191004C154,2019-10-01,2019-10-01 09:36:50,0.47,1.0217,222,0.46,1.0,6,0.47,1.0217,10,0.465,1.0108,71,0
IWM191004C154,2019-10-01,2019-10-01 09:36:51,0.47,1.0217,56,0.46,1.0,34,0.47,1.0217,10,0.465,1.0108,71,0
IWM191004C154,2019-10-01,2019-10-01 09:36:51,0.47,1.0217,173,0.45,0.9782,163,0.47,1.0217,10,0.46,1.0,71,0
IWM191004C154,2019-10-01,2019-10-01 09:36:52,0.47,1.0217,368,0.45,0.9782,342,0.47,1.0217,10,0.46,1.0,71,0
IWM191004C154,2019-10-01,2019-10-01 09:36:52,0.47,1.0217,173,0.45,0.9782,342,0.47,1.0217,10,0.46,1.0,71,0
IWM191004C154,2019-10-01,2019-10-01 09:36:53,0.46,1.0,171,0.45,0.9782,12,0.47,1.0217,10,0.455,0.9891,71,0
IWM191004C154,2019-10-01,2019-10-01 09:36:54,0.45,0.9782,50,0.44,0.9565,45,0.47,1.0217,10,0.445,0.9673,71,0
IWM191004C154,2019-10-01,2019-10-01 09:36:54,0.45,0.9782,53,0.43,0.9347,586,0.47,1.0217,10,0.44,0.9565,71,0
IWM191004C154,2019-10-01,2019-10-01 09:36:55,0.45,0.9782,325,0.43,0.9347,451,0.47,1.0217,10,0.44,0.9565,71,0
IWM191004C154,2019-10-01,2019-10-01 09:36:55,0.44,0.9565,55,0.43,0.9347,193,0.47,1.0217,10,0.435,0.9456,71,0
IWM191004C154,2019-10-01,2019-10-01 09:36:56,0.44,0.9565,127,0.42,0.913,235,0.47,1.0217,10,0.43,0.9347,71,0
IWM191004C154,2019-10-01,2019-10-01 09:36:56,0.44,0.9565,191,0.43,0.9347,33,0.47,1.0217,10,0.435,0.9456,71,0
IWM191004C154,2019-10-01,2019-10-01 09:36:57,0.44,0.9565,52,0.42,0.913,472,0.47,1.0217,10,0.43,0.9347,71,0
IWM191004C154,2019-10-01,2019-10-01 09:36:57,0.44,0.9565,12,0.43,0.9347,45,0.47,1.0217,10,0.435,0.9456,71,0
IWM191004C154,2019-10-01,2019-10-01 09:36:58,0.45,0.9782,104,0.43,0.9347,95,0.47,1.0217,10,0.44,0.9565,71,0
IWM191004C154,2019-10-01,2019-10-01 09:36:58,0.44,0.9565,52,0.43,0.9347,30,0.47,1.0217,10,0.435,0.9456,71,0
IWM191004C154,2019-10-01,2019-10-01 09:36:59,0.45,0.9782,96,0.44,0.9565,39,0.47,1.0217,10,0.445,0.9673,71,0
IWM191004C154,2019-10-01,2019-10-01 09:37:00,0.47,1.0217,245,0.45,0.9782,765,0.47,1.0217,10,0.46,1.0,71,0
IWM191004C154,2019-10-01,2019-10-01 09:37:00,0.46,1.0,35,0.45,0.9782,327,0.47,1.0217,10,0.455,0.9891,71,0
IWM191004C154,2019-10-01,2019-10-01 09:37:01,0.47,1.0217,24,0.46,1.0,63,0.47,1.0217,10,0.465,1.0108,71,0
IWM191004C154,2019-10-01,2019-10-01 09:37:01,0.47,1.0217,94,0.46,1.0,17,0.47,1.0217,10,0.465,1.0108,71,0
IWM191004C154,2019-10-01,2019-10-01 09:37:02,0.47,1.0217,20,0.46,1.0,50,0.47,1.0217,10,0.465,1.0108,71,0
IWM191004C154,2019-10-01,2019-10-01 09:37:02,0.47,1.0217,83,0.45,0.9782,106,0.47,1.0217,10,0.46,1.0,71,0
IWM191004C154,2019-10-01,2019-10-01 09:37:03,0.47,1.0217,106,0.45,0.9782,342,0.47,1.0217,10,0.46,1.0,71,0
IWM191004C154,2019-10-01,2019-10-01 09:37:03,0.47,1.0217,128,0.46,1.0,8,0.47,1.0217,10,0.465,1.0108,71,0
IWM191004C154,2019-10-01,2019-10-01 09:37:04,0.47,1.0217,128,0.46,1.0,8,0.47,1.0217,10,0.465,1.0108,71,0
IWM191004C154,2019-10-01,2019-10-01 09:37:04,0.47,1.0217,106,0.46,1.0,10,0.47,1.0217,10,0.465,1.0108,71,0
IWM191004C154,2019-10-01,2019-10-01 09:37:05,0.47,1.0217,106,0.44,0.9565,146,0.47,1.0217,10,0.455,0.9891,71,0
IWM191004C154,2019-10-01,2019-10-01 09:37:05,0.46,1.0,89,0.44,0.9565,191,0.47,1.0217,10,0.45,0.9782,71,0
IWM191004C154,2019-10-01,2019-10-01 09:37:06,0.46,1.0,32,0.44,0.9565,451,0.47,1.0217,10,0.45,0.9782,71,0
IWM191004C154,2019-10-01,2019-10-01 09:37:06,0.46,1.0,79,0.44,0.9565,146,0.47,1.0217,10,0.45,0.9782,71,0
IWM191004C154,2019-10-01,2019-10-01 09:37:07,0.46,1.0,54,0.44,0.9565,451,0.47,1.0217,10,0.45,0.9782,71,0
IWM191004C154,2019-10-01,2019-10-01 09:37:07,0.46,1.0,89,0.45,0.9782,14,0.47,1.0217,10,0.455,0.9891,71,0
IWM191004C154,2019-10-01,2019-10-01 09:37:08,0.46,1.0,83,0.44,0.9565,101,0.47,1.0217,10,0.45,0.9782,71,0
IWM191004C154,2019-10-01,2019-10-01 09:37:08,0.46,1.0,79,0.44,0.9565,176,0.47,1.0217,10,0.45,0.9782,71,0
IWM191004C154,2019-10-01,2019-10-01 09:37:09,0.46,1.0,79,0.44,0.9565,427,0.47,1.0217,10,0.45,0.9782,71,0
IWM191004C154,2019-10-01,2019-10-01 09:37:10,0.46,1.0,107,0.44,0.9565,532,0.47,1.0217,10,0.45,0.9782,71,0
IWM191004C154,2019-10-01,2019-10-01 09:37:10,0.47,1.0217,84,0.45,0.9782,31,0.47,1.0217,10,0.46,1.0,71,0
IWM191004C154,2019-10-01,2019-10-01 09:37:11,0.47,1.0217,102,0.45,0.9782,31,0.47,1.0217,10,0.46,1.0,71,0
IWM191004C154,2019-10-01,2019-10-01 09:37:11,0.47,1.0217,46,0.45,0.9782,162,0.47,1.0217,10,0.46,1.0,71,0
IWM191004C154,2019-10-01,2019-10-01 09:37:12,0.47,1.0217,20,0.46,1.0,47,0.47,1.0217,10,0.465,1.0108,71,0
IWM191004C154,2019-10-01,2019-10-01 09:37:12,0.47,1.0217,35,0.46,1.0,47,0.47,1.0217,10,0.465,1.0108,71,0
IWM191004C154,2019-10-01,2019-10-01 09:37:13,0.48,1.0434,122,0.46,1.0,111,0.47,1.0217,10,0.47,1.0217,71,0
IWM191004C154,2019-10-01,2019-10-01 09:37:13,0.48,1.0434,122,0.46,1.0,211,0.47,1.0217,10,0.47,1.0217,71,0
IWM191004C154,2019-10-01,2019-10-01 09:37:14,0.47,1.0217,26,0.46,1.0,18,0.47,1.0217,10,0.465,1.0108,71,0
IWM191004C154,2019-10-01,2019-10-01 09:37:15,0.47,1.0217,35,0.46,1.0,11,0.47,1.0217,10,0.465,1.0108,71,0
IWM191004C154,2019-10-01,2019-10-01 09:37:15,0.47,1.0217,14,0.46,1.0,63,0.47,1.0217,10,0.465,1.0108,71,0
IWM191004C154,2019-10-01,2019-10-01 09:37:16,0.48,1.0434,62,0.46,1.0,78,0.47,1.0217,10,0.47,1.0217,71,0
IWM191004C154,2019-10-01,2019-10-01 09:37:16,0.48,1.0434,98,0.46,1.0,86,0.47,1.0217,10,0.47,1.0217,71,0
IWM191004C154,2019-10-01,2019-10-01 09:37:17,0.47,1.0217,15,0.46,1.0,294,0.47,1.0217,10,0.465,1.0108,71,0
IWM191004C154,2019-10-01,2019-10-01 09:37:17,0.48,1.0434,98,0.46,1.0,559,0.47,1.0217,10,0.47,1.0217,71,0
IWM191004C154,2019-10-01,2019-10-01 09:37:18,0.47,1.0217,15,0.46,1.0,441,0.47,1.0217,10,0.465,1.0108,71,0
IWM191004C154,2019-10-01,2019-10-01 09:37:18,0.47,1.0217,15,0.46,1.0,536,0.47,1.0217,10,0.465,1.0108,71,0
IWM191004C154,2019-10-01,2019-10-01 09:37:19,0.48,1.0434,58,0.46,1.0,293,0.47,1.0217,10,0.47,1.0217,71,0
IWM191004C154,2019-10-01,2019-10-01 09:37:19,0.48,1.0434,138,0.46,1.0,724,0.47,1.0217,10,0.47,1.0217,71,0
IWM191004C154,2019-10-01,2019-10-01 09:37:20,0.48,1.0434,81,0.46,1.0,852,0.47,1.0217,10,0.47,1.0217,71,0
IWM191004C154,2019-10-01,2019-10-01 09:37:20,0.48,1.0434,60,0.46,1.0,308,0.47,1.0217,10,0.47,1.0217,71,0
IWM191004C154,2019-10-01,2019-10-01 09:37:21,0.48,1.0434,81,0.46,1.0,852,0.47,1.0217,10,0.47,1.0217,71,0
IWM191004C154,2019-10-01,2019-10-01 09:37:22,0.48,1.0434,33,0.46,1.0,852,0.47,1.0217,10,0.47,1.0217,71,0
IWM191004C154,2019-10-01,2019-10-01 09:37:22,0.48,1.0434,24,0.46,1.0,852,0.47,1.0217,10,0.47,1.0217,71,0
IWM191004C154,2019-10-01,2019-10-01 09:37:23,0.48,1.0434,219,0.46,1.0,440,0.47,1.0217,10,0.47,1.0217,71,0
IWM191004C154,2019-10-01,2019-10-01 09:37:23,0.48,1.0434,106,0.46,1.0,294,0.47,1.0217,10,0.47,1.0217,71,0
IWM191004C154,2019-10-01,2019-10-01 09:37:24,0.48,1.0434,146,0.46,1.0,710,0.47,1.0217,10,0.47,1.0217,71,0
IWM191004C154,2019-10-01,2019-10-01 09:37:25,0.48,1.0434,146,0.46,1.0,954,0.47,1.0217,10,0.47,1.0217,71,0
IWM191004C154,2019-10-01,2019-10-01 09:37:25,0.48,1.0434,146,0.46,1.0,710,0.47,1.0217,10,0.47,1.0217,71,0
IWM191004C154,2019-10-01,2019-10-01 09:37:26,0.49,1.0652,84,0.47,1.0217,202,0.47,1.0217,10,0.48,1.0434,71,0
IWM191004C154,2019-10-01,2019-10-01 09:37:26,0.48,1.0434,20,0.47,1.0217,118,0.47,1.0217,10,0.475,1.0326,71,0
IWM191004C154,2019-10-01,2019-10-01 09:37:27,0.49,1.0652,75,0.47,1.0217,266,0.47,1.0217,10,0.48,1.0434,71,0
IWM191004C154,2019-10-01,2019-10-01 09:37:27,0.49,1.0652,84,0.47,1.0217,202,0.47,1.0217,10,0.48,1.0434,71,0
IWM191004C154,2019-10-01,2019-10-01 09:37:28,0.49,1.0652,102,0.47,1.0217,90,0.47,1.0217,10,0.48,1.0434,71,0
IWM191004C154,2019-10-01,2019-10-01 09:37:28,0.49,1.0652,75,0.47,1.0217,90,0.47,1.0217,10,0.48,1.0434,71,0
IWM191004C154,2019-10-01,2019-10-01 09:37:29,0.49,1.0652,110,0.48,1.0434,15,0.47,1.0217,10,0.485,1.0543,71,0
IWM191004C154,2019-10-01,2019-10-01 09:37:29,0.49,1.0652,100,0.48,1.0434,15,0.47,1.0217,10,0.485,1.0543,71,0
IWM191004C154,2019-10-01,2019-10-01 09:37:30,0.49,1.0652,113,0.48,1.0434,15,0.47,1.0217,10,0.485,1.0543,71,0
IWM191004C154,2019-10-01,2019-10-01 09:37:30,0.49,1.0652,85,0.48,1.0434,15,0.47,1.0217,10,0.485,1.0543,71,0
IWM191004C154,2019-10-01,2019-10-01 09:37:31,0.49,1.0652,170,0.48,1.0434,21,0.47,1.0217,10,0.485,1.0543,71,0
IWM191004C154,2019-10-01,2019-10-01 09:37:31,0.49,1.0652,113,0.48,1.0434,15,0.47,1.0217,10,0.485,1.0543,71,0
IWM191004C154,2019-10-01,2019-10-01 09:37:32,0.49,1.0652,30,0.48,1.0434,53,0.48,1.0434,1,0.485,1.0543,72,0
IWM191004C154,2019-10-01,2019-10-01 09:37:32,0.49,1.0652,90,0.48,1.0434,21,0.48,1.0434,1,0.485,1.0543,72,1
IWM191004C154,2019-10-01,2019-10-01 09:37:33,0.49,1.0652,36,0.48,1.0434,79,0.48,1.0434,1,0.485,1.0543,72,0
IWM191004C154,2019-10-01,2019-10-01 09:37:33,0.49,1.0652,24,0.48,1.0434,79,0.48,1.0434,1,0.485,1.0543,72,0
IWM191004C154,2019-10-01,2019-10-01 09:37:34,0.49,1.0652,20,0.48,1.0434,34,0.48,1.0434,1,0.485,1.0543,72,0
IWM191004C154,2019-10-01,2019-10-01 09:37:34,0.49,1.0652,36,0.47,1.0217,432,0.48,1.0434,1,0.48,1.0434,72,0
IWM191004C154,2019-10-01,2019-10-01 09:37:35,0.49,1.0652,20,0.48,1.0434,87,0.48,1.0434,1,0.485,1.0543,72,0
IWM191004C154,2019-10-01,2019-10-01 09:37:35,0.49,1.0652,20,0.48,1.0434,151,0.48,1.0434,1,0.485,1.0543,72,0
IWM191004C154,2019-10-01,2019-10-01 09:37:36,0.49,1.0652,20,0.48,1.0434,266,0.48,1.0434,1,0.485,1.0543,72,0
IWM191004C154,2019-10-01,2019-10-01 09:37:36,0.49,1.0652,39,0.47,1.0217,223,0.48,1.0434,1,0.48,1.0434,72,0
IWM191004C154,2019-10-01,2019-10-01 09:37:37,0.49,1.0652,24,0.47,1.0217,435,0.48,1.0434,1,0.48,1.0434,72,0
IWM191004C154,2019-10-01,2019-10-01 09:37:37,0.49,1.0652,39,0.47,1.0217,584,0.48,1.0434,1,0.48,1.0434,72,0
IWM191004C154,2019-10-01,2019-10-01 09:37:38,0.49,1.0652,39,0.47,1.0217,723,0.48,1.0434,1,0.48,1.0434,72,0
IWM191004C154,2019-10-01,2019-10-01 09:37:39,0.49,1.0652,51,0.48,1.0434,20,0.48,1.0434,1,0.485,1.0543,72,0
IWM191004C154,2019-10-01,2019-10-01 09:37:39,0.49,1.0652,51,0.48,1.0434,89,0.48,1.0434,1,0.485,1.0543,72,0
IWM191004C154,2019-10-01,2019-10-01 09:37:40,0.49,1.0652,51,0.48,1.0434,141,0.48,1.0434,1,0.485,1.0543,72,0
IWM191004C154,2019-10-01,2019-10-01 09:37:41,0.49,1.0652,51,0.48,1.0434,141,0.48,1.0434,1,0.485,1.0543,72,0
IWM191004C154,2019-10-01,2019-10-01 09:37:41,0.49,1.0652,51,0.48,1.0434,244,0.48,1.0434,1,0.485,1.0543,72,0
IWM191004C154,2019-10-01,2019-10-01 09:37:42,0.49,1.0652,51,0.48,1.0434,28,0.48,1.0434,1,0.485,1.0543,72,0
IWM191004C154,2019-10-01,2019-10-01 09:37:43,0.49,1.0652,51,0.48,1.0434,28,0.48,1.0434,1,0.485,1.0543,72,0
IWM191004C154,2019-10-01,2019-10-01 09:37:43,0.49,1.0652,51,0.48,1.0434,15,0.48,1.0434,1,0.485,1.0543,72,0
IWM191004C154,2019-10-01,2019-10-01 09:37:44,0.49,1.0652,51,0.48,1.0434,28,0.48,1.0434,1,0.485,1.0543,72,0
IWM191004C154,2019-10-01,2019-10-01 09:37:44,0.49,1.0652,51,0.48,1.0434,129,0.48,1.0434,1,0.485,1.0543,72,0
IWM191004C154,2019-10-01,2019-10-01 09:37:45,0.49,1.0652,51,0.48,1.0434,5,0.48,1.0434,1,0.485,1.0543,72,0
IWM191004C154,2019-10-01,2019-10-01 09:37:45,0.49,1.0652,51,0.48,1.0434,24,0.48,1.0434,1,0.485,1.0543,72,0
IWM191004C154,2019-10-01,2019-10-01 09:37:46,0.49,1.0652,39,0.48,1.0434,5,0.48,1.0434,1,0.485,1.0543,72,0
IWM191004C154,2019-10-01,2019-10-01 09:37:46,0.49,1.0652,64,0.48,1.0434,5,0.48,1.0434,1,0.485,1.0543,72,0
IWM191004C154,2019-10-01,2019-10-01 09:37:47,0.49,1.0652,181,0.48,1.0434,5,0.48,1.0434,1,0.485,1.0543,72,0
IWM191004C154,2019-10-01,2019-10-01 09:37:47,0.49,1.0652,75,0.48,1.0434,5,0.48,1.0434,1,0.485,1.0543,72,0
IWM191004C154,2019-10-01,2019-10-01 09:37:48,0.49,1.0652,20,0.48,1.0434,57,0.48,1.0434,1,0.485,1.0543,72,0
IWM191004C154,2019-10-01,2019-10-01 09:37:48,0.49,1.0652,181,0.48,1.0434,5,0.48,1.0434,1,0.485,1.0543,72,0
IWM191004C154,2019-10-01,2019-10-01 09:37:49,0.49,1.0652,71,0.48,1.0434,12,0.48,1.0434,1,0.485,1.0543,72,0
IWM191004C154,2019-10-01,2019-10-01 09:37:49,0.49,1.0652,31,0.48,1.0434,12,0.48,1.0434,1,0.485,1.0543,72,0
IWM191004C154,2019-10-01,2019-10-01 09:37:50,0.49,1.0652,83,0.48,1.0434,12,0.48,1.0434,1,0.485,1.0543,72,0
IWM191004C154,2019-10-01,2019-10-01 09:37:51,0.49,1.0652,83,0.48,1.0434,12,0.48,1.0434,1,0.485,1.0543,72,0
IWM191004C154,2019-10-01,2019-10-01 09:37:51,0.49,1.0652,71,0.48,1.0434,12,0.48,1.0434,1,0.485,1.0543,72,0
IWM191004C154,2019-10-01,2019-10-01 09:37:52,0.49,1.0652,71,0.48,1.0434,12,0.48,1.0434,1,0.485,1.0543,72,0
IWM191004C154,2019-10-01,2019-10-01 09:37:53,0.49,1.0652,71,0.48,1.0434,12,0.48,1.0434,1,0.485,1.0543,72,0
IWM191004C154,2019-10-01,2019-10-01 09:37:54,0.48,1.0434,77,0.46,1.0,66,0.48,1.0434,1,0.47,1.0217,72,0
IWM191004C154,2019-10-01,2019-10-01 09:37:54,0.48,1.0434,50,0.47,1.0217,51,0.48,1.0434,1,0.475,1.0326,72,0
IWM191004C154,2019-10-01,2019-10-01 09:37:55,0.48,1.0434,87,0.46,1.0,140,0.48,1.0434,1,0.47,1.0217,72,0
IWM191004C154,2019-10-01,2019-10-01 09:37:55,0.47,1.0217,24,0.46,1.0,309,0.48,1.0434,1,0.465,1.0108,72,0
IWM191004C154,2019-10-01,2019-10-01 09:37:56,0.47,1.0217,1,0.46,1.0,51,0.48,1.0434,1,0.465,1.0108,72,0
IWM191004C154,2019-10-01,2019-10-01 09:37:57,0.47,1.0217,85,0.45,0.9782,673,0.48,1.0434,1,0.46,1.0,72,0
IWM191004C154,2019-10-01,2019-10-01 09:37:58,0.47,1.0217,47,0.45,0.9782,961,0.48,1.0434,1,0.46,1.0,72,0
IWM191004C154,2019-10-01,2019-10-01 09:37:58,0.47,1.0217,47,0.45,0.9782,1192,0.48,1.0434,1,0.46,1.0,72,0
IWM191004C154,2019-10-01,2019-10-01 09:37:59,0.47,1.0217,96,0.45,0.9782,1192,0.48,1.0434,1,0.46,1.0,72,0
IWM191004C154,2019-10-01,2019-10-01 09:37:59,0.48,1.0434,60,0.46,1.0,114,0.48,1.0434,1,0.47,1.0217,72,0
IWM191004C154,2019-10-01,2019-10-01 09:38:00,0.48,1.0434,35,0.46,1.0,439,0.48,1.0434,1,0.47,1.0217,72,0
IWM191004C154,2019-10-01,2019-10-01 09:38:01,0.48,1.0434,35,0.46,1.0,439,0.48,1.0434,1,0.47,1.0217,72,0
IWM191004C154,2019-10-01,2019-10-01 09:38:02,0.48,1.0434,75,0.46,1.0,702,0.48,1.0434,1,0.47,1.0217,72,0
IWM191004C154,2019-10-01,2019-10-01 09:38:03,0.48,1.0434,51,0.47,1.0217,67,0.48,1.0434,1,0.475,1.0326,72,0
IWM191004C154,2019-10-01,2019-10-01 09:38:04,0.48,1.0434,51,0.47,1.0217,57,0.48,1.0434,1,0.475,1.0326,72,0
IWM191004C154,2019-10-01,2019-10-01 09:38:04,0.48,1.0434,84,0.46,1.0,336,0.48,1.0434,1,0.47,1.0217,72,0
IWM191004C154,2019-10-01,2019-10-01 09:38:05,0.48,1.0434,24,0.47,1.0217,57,0.48,1.0434,1,0.475,1.0326,72,0
IWM191004C154,2019-10-01,2019-10-01 09:38:05,0.48,1.0434,81,0.46,1.0,97,0.48,1.0434,1,0.47,1.0217,72,0
IWM191004C154,2019-10-01,2019-10-01 09:38:06,0.48,1.0434,71,0.46,1.0,430,0.48,1.0434,1,0.47,1.0217,72,0
IWM191004C154,2019-10-01,2019-10-01 09:38:06,0.48,1.0434,81,0.46,1.0,97,0.48,1.0434,1,0.47,1.0217,72,0
IWM191004C154,2019-10-01,2019-10-01 09:38:07,0.48,1.0434,71,0.46,1.0,430,0.48,1.0434,1,0.47,1.0217,72,0
IWM191004C154,2019-10-01,2019-10-01 09:38:08,0.48,1.0434,67,0.46,1.0,801,0.48,1.0434,1,0.47,1.0217,72,0
IWM191004C154,2019-10-01,2019-10-01 09:38:08,0.48,1.0434,67,0.46,1.0,666,0.48,1.0434,1,0.47,1.0217,72,0
IWM191004C154,2019-10-01,2019-10-01 09:38:09,0.48,1.0434,241,0.46,1.0,764,0.48,1.0434,1,0.47,1.0217,72,0
IWM191004C154,2019-10-01,2019-10-01 09:38:09,0.48,1.0434,182,0.46,1.0,801,0.48,1.0434,1,0.47,1.0217,72,0
IWM191004C154,2019-10-01,2019-10-01 09:38:10,0.48,1.0434,73,0.46,1.0,786,0.48,1.0434,1,0.47,1.0217,72,0
IWM191004C154,2019-10-01,2019-10-01 09:38:10,0.48,1.0434,73,0.46,1.0,764,0.48,1.0434,1,0.47,1.0217,72,0
IWM191004C154,2019-10-01,2019-10-01 09:38:11,0.48,1.0434,73,0.46,1.0,1008,0.48,1.0434,1,0.47,1.0217,72,0
IWM191004C154,2019-10-01,2019-10-01 09:38:11,0.49,1.0652,176,0.47,1.0217,165,0.48,1.0434,1,0.48,1.0434,72,0
IWM191004C154,2019-10-01,2019-10-01 09:38:12,0.48,1.0434,82,0.46,1.0,96,0.48,1.0434,1,0.47,1.0217,72,0
IWM191004C154,2019-10-01,2019-10-01 09:38:12,0.48,1.0434,57,0.47,1.0217,73,0.48,1.0434,1,0.475,1.0326,72,0
IWM191004C154,2019-10-01,2019-10-01 09:38:13,0.48,1.0434,178,0.46,1.0,714,0.48,1.0434,1,0.47,1.0217,72,0
IWM191004C154,2019-10-01,2019-10-01 09:38:13,0.48,1.0434,239,0.46,1.0,504,0.48,1.0434,1,0.47,1.0217,72,0
IWM191004C154,2019-10-01,2019-10-01 09:38:14,0.48,1.0434,283,0.46,1.0,278,0.48,1.0434,1,0.47,1.0217,72,0
IWM191004C154,2019-10-01,2019-10-01 09:38:14,0.47,1.0217,27,0.46,1.0,138,0.48,1.0434,1,0.465,1.0108,72,0
IWM191004C154,2019-10-01,2019-10-01 09:38:15,0.47,1.0217,47,0.46,1.0,207,0.48,1.0434,1,0.465,1.0108,72,0
IWM191004C154,2019-10-01,2019-10-01 09:38:15,0.47,1.0217,62,0.46,1.0,68,0.48,1.0434,1,0.465,1.0108,72,0
IWM191004C154,2019-10-01,2019-10-01 09:38:16,0.47,1.0217,69,0.46,1.0,68,0.48,1.0434,1,0.465,1.0108,72,0
IWM191004C154,2019-10-01,2019-10-01 09:38:16,0.47,1.0217,62,0.46,1.0,68,0.48,1.0434,1,0.465,1.0108,72,0
IWM191004C154,2019-10-01,2019-10-01 09:38:17,0.47,1.0217,61,0.45,0.9782,105,0.48,1.0434,1,0.46,1.0,72,0
IWM191004C154,2019-10-01,2019-10-01 09:38:17,0.47,1.0217,148,0.45,0.9782,542,0.48,1.0434,1,0.46,1.0,72,0
IWM191004C154,2019-10-01,2019-10-01 09:38:18,0.47,1.0217,61,0.45,0.9782,199,0.48,1.0434,1,0.46,1.0,72,0
IWM191004C154,2019-10-01,2019-10-01 09:38:19,0.47,1.0217,61,0.45,0.9782,199,0.48,1.0434,1,0.46,1.0,72,0
IWM191004C154,2019-10-01,2019-10-01 09:38:19,0.47,1.0217,61,0.45,0.9782,352,0.48,1.0434,1,0.46,1.0,72,0
IWM191004C154,2019-10-01,2019-10-01 09:38:20,0.47,1.0217,188,0.45,0.9782,352,0.48,1.0434,1,0.46,1.0,72,0
IWM191004C154,2019-10-01,2019-10-01 09:38:20,0.46,1.0,20,0.45,0.9782,205,0.48,1.0434,1,0.455,0.9891,72,0
IWM191004C154,2019-10-01,2019-10-01 09:38:21,0.46,1.0,20,0.45,0.9782,354,0.48,1.0434,1,0.455,0.9891,72,0
IWM191004C154,2019-10-01,2019-10-01 09:38:22,0.47,1.0217,73,0.45,0.9782,433,0.48,1.0434,1,0.46,1.0,72,0
IWM191004C154,2019-10-01,2019-10-01 09:38:22,0.47,1.0217,127,0.45,0.9782,656,0.48,1.0434,1,0.46,1.0,72,0
IWM191004C154,2019-10-01,2019-10-01 09:38:23,0.47,1.0217,103,0.46,1.0,57,0.48,1.0434,1,0.465,1.0108,72,0
IWM191004C154,2019-10-01,2019-10-01 09:38:23,0.47,1.0217,100,0.46,1.0,144,0.48,1.0434,1,0.465,1.0108,72,0
IWM191004C154,2019-10-01,2019-10-01 09:38:24,0.47,1.0217,113,0.46,1.0,105,0.48,1.0434,1,0.465,1.0108,72,0
IWM191004C154,2019-10-01,2019-10-01 09:38:24,0.47,1.0217,80,0.46,1.0,105,0.48,1.0434,1,0.465,1.0108,72,0
IWM191004C154,2019-10-01,2019-10-01 09:38:25,0.47,1.0217,120,0.46,1.0,105,0.48,1.0434,1,0.465,1.0108,72,0
IWM191004C154,2019-10-01,2019-10-01 09:38:25,0.47,1.0217,150,0.45,0.9782,545,0.48,1.0434,1,0.46,1.0,72,0
IWM191004C154,2019-10-01,2019-10-01 09:38:26,0.47,1.0217,150,0.45,0.9782,678,0.48,1.0434,1,0.46,1.0,72,0
IWM191004C154,2019-10-01,2019-10-01 09:38:27,0.47,1.0217,305,0.45,0.9782,552,0.48,1.0434,1,0.46,1.0,72,0
IWM191004C154,2019-10-01,2019-10-01 09:38:27,0.46,1.0,20,0.45,0.9782,63,0.48,1.0434,1,0.455,0.9891,72,0
IWM191004C154,2019-10-01,2019-10-01 09:38:28,0.46,1.0,35,0.45,0.9782,18,0.48,1.0434,1,0.455,0.9891,72,0
IWM191004C154,2019-10-01,2019-10-01 09:38:28,0.46,1.0,97,0.45,0.9782,18,0.48,1.0434,1,0.455,0.9891,72,0
IWM191004C154,2019-10-01,2019-10-01 09:38:30,0.47,1.0217,129,0.45,0.9782,342,0.48,1.0434,1,0.46,1.0,72,0
IWM191004C154,2019-10-01,2019-10-01 09:38:30,0.47,1.0217,61,0.45,0.9782,262,0.48,1.0434,1,0.46,1.0,72,0
IWM191004C154,2019-10-01,2019-10-01 09:38:31,0.47,1.0217,63,0.45,0.9782,566,0.48,1.0434,1,0.46,1.0,72,0
IWM191004C154,2019-10-01,2019-10-01 09:38:31,0.47,1.0217,61,0.45,0.9782,262,0.48,1.0434,1,0.46,1.0,72,0
IWM191004C154,2019-10-01,2019-10-01 09:38:32,0.47,1.0217,82,0.45,0.9782,268,0.48,1.0434,1,0.46,1.0,72,0
IWM191004C154,2019-10-01,2019-10-01 09:38:32,0.47,1.0217,82,0.45,0.9782,376,0.48,1.0434,1,0.46,1.0,72,0
IWM191004C154,2019-10-01,2019-10-01 09:38:33,0.47,1.0217,82,0.45,0.9782,268,0.48,1.0434,1,0.46,1.0,72,0
IWM191004C154,2019-10-01,2019-10-01 09:38:33,0.47,1.0217,82,0.45,0.9782,232,0.48,1.0434,1,0.46,1.0,72,0
IWM191004C154,2019-10-01,2019-10-01 09:38:34,0.47,1.0217,82,0.45,0.9782,298,0.48,1.0434,1,0.46,1.0,72,0
IWM191004C154,2019-10-01,2019-10-01 09:38:34,0.47,1.0217,82,0.45,0.9782,359,0.48,1.0434,1,0.46,1.0,72,0
