symbol,Date,quote_time,ask_price,norm_ask_price,ask_size,bid_price,norm_bid_price,bid_size,last_trade_price,norm_last_trade_price,last_trade_size,mark_price,norm_mark_price,volume,Volume
SPY190807P288,2019-08-05,2019-08-05 09:35:00,2.6,1.0,72,2.56,0.9846,72,2.56,0.9846,6,2.58,0.9923,590,590
SPY190807P288,2019-08-05,2019-08-05 09:35:00,2.6,1.0,72,2.58,0.9923,5,2.56,0.9846,6,2.59,0.9961,590,0
SPY190807P288,2019-08-05,2019-08-05 09:35:01,2.6,1.0,72,2.58,0.9923,121,2.56,0.9846,6,2.59,0.9961,590,0
SPY190807P288,2019-08-05,2019-08-05 09:35:01,2.6,1.0,55,2.58,0.9923,5,2.56,0.9846,6,2.59,0.9961,590,0
SPY190807P288,2019-08-05,2019-08-05 09:35:02,2.59,0.9961,50,2.56,0.9846,5,2.56,0.9846,6,2.575,0.9903,590,0
SPY190807P288,2019-08-05,2019-08-05 09:35:02,2.61,1.0038,73,2.57,0.9884,15,2.56,0.9846,6,2.59,0.9961,590,0
SPY190807P288,2019-08-05,2019-08-05 09:35:03,2.59,0.9961,50,2.54,0.9769,121,2.57,0.9884,20,2.565,0.9865,610,0
SPY190807P288,2019-08-05,2019-08-05 09:35:03,2.59,0.9961,50,2.55,0.9807,5,2.57,0.9884,20,2.57,0.9884,610,20
SPY190807P288,2019-08-05,2019-08-05 09:35:04,2.58,0.9923,12,2.54,0.9769,50,2.57,0.9884,20,2.56,0.9846,610,0
SPY190807P288,2019-08-05,2019-08-05 09:35:04,2.59,0.9961,75,2.54,0.9769,121,2.57,0.9884,20,2.565,0.9865,610,0
SPY190807P288,2019-08-05,2019-08-05 09:35:05,2.58,0.9923,50,2.54,0.9769,121,2.57,0.9884,20,2.56,0.9846,610,0
SPY190807P288,2019-08-05,2019-08-05 09:35:06,2.58,0.9923,50,2.55,0.9807,5,2.57,0.9884,20,2.565,0.9865,610,0
SPY190807P288,2019-08-05,2019-08-05 09:35:06,2.59,0.9961,51,2.54,0.9769,52,2.57,0.9884,20,2.565,0.9865,610,0
SPY190807P288,2019-08-05,2019-08-05 09:35:07,2.57,0.9884,50,2.54,0.9769,16,2.57,0.9884,20,2.555,0.9826,610,0
SPY190807P288,2019-08-05,2019-08-05 09:35:07,2.59,0.9961,67,2.55,0.9807,5,2.57,0.9884,20,2.57,0.9884,610,0
SPY190807P288,2019-08-05,2019-08-05 09:35:08,2.57,0.9884,50,2.54,0.9769,1,2.57,0.9884,20,2.555,0.9826,610,0
SPY190807P288,2019-08-05,2019-08-05 09:35:08,2.57,0.9884,55,2.54,0.9769,1,2.57,0.9884,20,2.555,0.9826,610,0
SPY190807P288,2019-08-05,2019-08-05 09:35:09,2.56,0.9846,75,2.52,0.9692,5,2.54,0.9769,1,2.54,0.9769,611,1
SPY190807P288,2019-08-05,2019-08-05 09:35:09,2.56,0.9846,50,2.54,0.9769,1,2.57,0.9884,20,2.55,0.9807,610,0
SPY190807P288,2019-08-05,2019-08-05 09:35:10,2.53,0.973,50,2.5,0.9615,12,2.54,0.9769,1,2.515,0.9673,611,0
SPY190807P288,2019-08-05,2019-08-05 09:35:10,2.56,0.9846,75,2.5,0.9615,2,2.54,0.9769,1,2.53,0.973,611,0
SPY190807P288,2019-08-05,2019-08-05 09:35:11,2.53,0.973,55,2.5,0.9615,100,2.54,0.9769,1,2.515,0.9673,611,0
SPY190807P288,2019-08-05,2019-08-05 09:35:12,2.57,0.9884,6,2.51,0.9653,5,2.54,0.9769,1,2.54,0.9769,611,0
SPY190807P288,2019-08-05,2019-08-05 09:35:12,2.55,0.9807,5,2.5,0.9615,100,2.54,0.9769,1,2.525,0.9711,611,0
SPY190807P288,2019-08-05,2019-08-05 09:35:13,2.55,0.9807,68,2.51,0.9653,10,2.54,0.9769,1,2.53,0.973,611,0
SPY190807P288,2019-08-05,2019-08-05 09:35:13,2.55,0.9807,68,2.51,0.9653,100,2.54,0.9769,1,2.53,0.973,611,0
SPY190807P288,2019-08-05,2019-08-05 09:35:14,2.55,0.9807,60,2.52,0.9692,77,2.54,0.9769,1,2.535,0.975,611,0
SPY190807P288,2019-08-05,2019-08-05 09:35:14,2.55,0.9807,59,2.52,0.9692,5,2.54,0.9769,1,2.535,0.975,611,0
SPY190807P288,2019-08-05,2019-08-05 09:35:15,2.57,0.9884,20,2.53,0.973,8,2.54,0.9769,1,2.55,0.9807,611,0
SPY190807P288,2019-08-05,2019-08-05 09:35:15,2.57,0.9884,50,2.52,0.9692,50,2.54,0.9769,1,2.545,0.9788,611,0
SPY190807P288,2019-08-05,2019-08-05 09:35:16,2.55,0.9807,50,2.53,0.973,5,2.54,0.9769,1,2.54,0.9769,611,0
SPY190807P288,2019-08-05,2019-08-05 09:35:16,2.57,0.9884,59,2.53,0.973,23,2.54,0.9769,1,2.55,0.9807,611,0
SPY190807P288,2019-08-05,2019-08-05 09:35:17,2.58,0.9923,60,2.52,0.9692,18,2.54,0.9769,1,2.55,0.9807,611,0
SPY190807P288,2019-08-05,2019-08-05 09:35:17,2.58,0.9923,60,2.54,0.9769,6,2.58,0.9923,20,2.56,0.9846,631,20
SPY190807P288,2019-08-05,2019-08-05 09:35:18,2.57,0.9884,50,2.52,0.9692,75,2.58,0.9923,20,2.545,0.9788,631,0
SPY190807P288,2019-08-05,2019-08-05 09:35:18,2.57,0.9884,67,2.53,0.973,14,2.58,0.9923,20,2.55,0.9807,631,0
SPY190807P288,2019-08-05,2019-08-05 09:35:19,2.58,0.9923,67,2.52,0.9692,75,2.58,0.9923,20,2.55,0.9807,631,0
SPY190807P288,2019-08-05,2019-08-05 09:35:19,2.58,0.9923,50,2.55,0.9807,100,2.57,0.9884,3,2.565,0.9865,634,3
SPY190807P288,2019-08-05,2019-08-05 09:35:20,2.58,0.9923,50,2.56,0.9846,8,2.57,0.9884,3,2.57,0.9884,634,0
SPY190807P288,2019-08-05,2019-08-05 09:35:20,2.58,0.9923,70,2.55,0.9807,100,2.57,0.9884,3,2.565,0.9865,634,0
SPY190807P288,2019-08-05,2019-08-05 09:35:21,2.59,0.9961,45,2.56,0.9846,100,2.59,0.9961,5,2.575,0.9903,639,5
SPY190807P288,2019-08-05,2019-08-05 09:35:21,2.61,1.0038,50,2.57,0.9884,51,2.59,0.9961,5,2.59,0.9961,639,0
SPY190807P288,2019-08-05,2019-08-05 09:35:22,2.61,1.0038,60,2.58,0.9923,23,2.59,0.9961,5,2.595,0.998,639,0
SPY190807P288,2019-08-05,2019-08-05 09:35:22,2.6,1.0,54,2.58,0.9923,100,2.59,0.9961,5,2.59,0.9961,639,0
SPY190807P288,2019-08-05,2019-08-05 09:35:23,2.6,1.0,54,2.57,0.9884,23,2.59,0.9961,5,2.585,0.9942,639,0
SPY190807P288,2019-08-05,2019-08-05 09:35:23,2.6,1.0,50,2.58,0.9923,5,2.59,0.9961,5,2.59,0.9961,639,0
SPY190807P288,2019-08-05,2019-08-05 09:35:24,2.61,1.0038,75,2.58,0.9923,100,2.59,0.9961,5,2.595,0.998,639,0
SPY190807P288,2019-08-05,2019-08-05 09:35:24,2.6,1.0,60,2.55,0.9807,71,2.59,0.9961,5,2.575,0.9903,639,0
SPY190807P288,2019-08-05,2019-08-05 09:35:25,2.6,1.0,60,2.57,0.9884,6,2.58,0.9923,1,2.585,0.9942,644,4
SPY190807P288,2019-08-05,2019-08-05 09:35:25,2.6,1.0,75,2.58,0.9923,3,2.58,0.9923,1,2.59,0.9961,640,1
SPY190807P288,2019-08-05,2019-08-05 09:35:26,2.6,1.0,60,2.57,0.9884,119,2.58,0.9923,1,2.585,0.9942,644,0
SPY190807P288,2019-08-05,2019-08-05 09:35:26,2.6,1.0,60,2.56,0.9846,97,2.58,0.9923,1,2.58,0.9923,644,0
SPY190807P288,2019-08-05,2019-08-05 09:35:27,2.59,0.9961,55,2.56,0.9846,121,2.58,0.9923,1,2.575,0.9903,644,0
SPY190807P288,2019-08-05,2019-08-05 09:35:27,2.58,0.9923,50,2.55,0.9807,121,2.58,0.9923,1,2.565,0.9865,644,0
SPY190807P288,2019-08-05,2019-08-05 09:35:28,2.56,0.9846,55,2.54,0.9769,81,2.58,0.9923,1,2.55,0.9807,644,0
SPY190807P288,2019-08-05,2019-08-05 09:35:28,2.58,0.9923,75,2.54,0.9769,76,2.58,0.9923,1,2.56,0.9846,644,0
SPY190807P288,2019-08-05,2019-08-05 09:35:29,2.56,0.9846,55,2.53,0.973,136,2.58,0.9923,1,2.545,0.9788,644,0
SPY190807P288,2019-08-05,2019-08-05 09:35:29,2.57,0.9884,60,2.55,0.9807,16,2.58,0.9923,1,2.56,0.9846,644,0
SPY190807P288,2019-08-05,2019-08-05 09:35:30,2.58,0.9923,55,2.55,0.9807,24,2.58,0.9923,1,2.565,0.9865,644,0
SPY190807P288,2019-08-05,2019-08-05 09:35:30,2.58,0.9923,70,2.55,0.9807,16,2.58,0.9923,1,2.565,0.9865,644,0
SPY190807P288,2019-08-05,2019-08-05 09:35:31,2.59,0.9961,70,2.56,0.9846,118,2.58,0.9923,1,2.575,0.9903,644,0
SPY190807P288,2019-08-05,2019-08-05 09:35:32,2.59,0.9961,70,2.57,0.9884,100,2.58,0.9923,1,2.58,0.9923,644,0
SPY190807P288,2019-08-05,2019-08-05 09:35:32,2.59,0.9961,70,2.57,0.9884,5,2.58,0.9923,1,2.58,0.9923,644,0
SPY190807P288,2019-08-05,2019-08-05 09:35:33,2.6,1.0,60,2.56,0.9846,21,2.58,0.9923,1,2.58,0.9923,644,0
SPY190807P288,2019-08-05,2019-08-05 09:35:33,2.61,1.0038,73,2.58,0.9923,115,2.58,0.9923,1,2.595,0.998,644,0
SPY190807P288,2019-08-05,2019-08-05 09:35:34,2.61,1.0038,67,2.59,0.9961,70,2.58,0.9923,1,2.6,1.0,644,0
SPY190807P288,2019-08-05,2019-08-05 09:35:34,2.61,1.0038,67,2.58,0.9923,137,2.58,0.9923,1,2.595,0.998,644,0
SPY190807P288,2019-08-05,2019-08-05 09:35:35,2.61,1.0038,60,2.58,0.9923,118,2.58,0.9923,1,2.595,0.998,644,0
SPY190807P288,2019-08-05,2019-08-05 09:35:35,2.61,1.0038,68,2.58,0.9923,100,2.58,0.9923,1,2.595,0.998,644,0
SPY190807P288,2019-08-05,2019-08-05 09:35:36,2.6,1.0,17,2.58,0.9923,100,2.6,1.0,1,2.59,0.9961,645,1
SPY190807P288,2019-08-05,2019-08-05 09:35:36,2.61,1.0038,68,2.58,0.9923,100,2.6,1.0,1,2.595,0.998,645,0
SPY190807P288,2019-08-05,2019-08-05 09:35:37,2.61,1.0038,68,2.59,0.9961,21,2.6,1.0,1,2.6,1.0,645,0
SPY190807P288,2019-08-05,2019-08-05 09:35:37,2.61,1.0038,68,2.58,0.9923,126,2.6,1.0,1,2.595,0.998,645,0
SPY190807P288,2019-08-05,2019-08-05 09:35:38,2.59,0.9961,67,2.57,0.9884,103,2.6,1.0,1,2.58,0.9923,645,0
SPY190807P288,2019-08-05,2019-08-05 09:35:38,2.6,1.0,63,2.57,0.9884,5,2.6,1.0,1,2.585,0.9942,645,0
SPY190807P288,2019-08-05,2019-08-05 09:35:39,2.59,0.9961,59,2.56,0.9846,100,2.6,1.0,1,2.575,0.9903,645,0
SPY190807P288,2019-08-05,2019-08-05 09:35:39,2.59,0.9961,59,2.57,0.9884,82,2.6,1.0,1,2.58,0.9923,645,0
SPY190807P288,2019-08-05,2019-08-05 09:35:40,2.59,0.9961,50,2.54,0.9769,69,2.6,1.0,1,2.565,0.9865,645,0
SPY190807P288,2019-08-05,2019-08-05 09:35:40,2.59,0.9961,50,2.57,0.9884,95,2.6,1.0,1,2.58,0.9923,645,0
SPY190807P288,2019-08-05,2019-08-05 09:35:41,2.59,0.9961,59,2.57,0.9884,63,2.6,1.0,1,2.58,0.9923,645,0
SPY190807P288,2019-08-05,2019-08-05 09:35:41,2.59,0.9961,59,2.56,0.9846,106,2.6,1.0,1,2.575,0.9903,645,0
SPY190807P288,2019-08-05,2019-08-05 09:35:42,2.59,0.9961,68,2.56,0.9846,121,2.6,1.0,1,2.575,0.9903,645,0
SPY190807P288,2019-08-05,2019-08-05 09:35:42,2.59,0.9961,68,2.56,0.9846,148,2.6,1.0,1,2.575,0.9903,645,0
SPY190807P288,2019-08-05,2019-08-05 09:35:43,2.6,1.0,68,2.57,0.9884,101,2.6,1.0,1,2.585,0.9942,645,0
SPY190807P288,2019-08-05,2019-08-05 09:35:43,2.59,0.9961,60,2.57,0.9884,100,2.6,1.0,1,2.58,0.9923,645,0
SPY190807P288,2019-08-05,2019-08-05 09:35:44,2.59,0.9961,60,2.57,0.9884,5,2.6,1.0,1,2.58,0.9923,645,0
SPY190807P288,2019-08-05,2019-08-05 09:35:45,2.59,0.9961,60,2.55,0.9807,121,2.6,1.0,1,2.57,0.9884,645,0
SPY190807P288,2019-08-05,2019-08-05 09:35:45,2.57,0.9884,10,2.55,0.9807,118,2.6,1.0,1,2.56,0.9846,645,0
SPY190807P288,2019-08-05,2019-08-05 09:35:46,2.58,0.9923,60,2.55,0.9807,116,2.6,1.0,1,2.565,0.9865,645,0
SPY190807P288,2019-08-05,2019-08-05 09:35:46,2.59,0.9961,70,2.57,0.9884,18,2.6,1.0,1,2.58,0.9923,645,0
SPY190807P288,2019-08-05,2019-08-05 09:35:47,2.59,0.9961,70,2.56,0.9846,97,2.6,1.0,1,2.575,0.9903,645,0
SPY190807P288,2019-08-05,2019-08-05 09:35:47,2.58,0.9923,15,2.55,0.9807,118,2.6,1.0,1,2.565,0.9865,645,0
SPY190807P288,2019-08-05,2019-08-05 09:35:48,2.58,0.9923,70,2.56,0.9846,100,2.6,1.0,1,2.57,0.9884,645,0
SPY190807P288,2019-08-05,2019-08-05 09:35:49,2.58,0.9923,50,2.56,0.9846,5,2.57,0.9884,1,2.57,0.9884,646,1
SPY190807P288,2019-08-05,2019-08-05 09:35:49,2.58,0.9923,70,2.56,0.9846,100,2.6,1.0,1,2.57,0.9884,645,0
SPY190807P288,2019-08-05,2019-08-05 09:35:50,2.61,1.0038,72,2.57,0.9884,21,2.57,0.9884,1,2.59,0.9961,646,0
SPY190807P288,2019-08-05,2019-08-05 09:35:50,2.61,1.0038,2,2.59,0.9961,36,2.57,0.9884,1,2.6,1.0,646,0
SPY190807P288,2019-08-05,2019-08-05 09:35:51,2.6,1.0,10,2.59,0.9961,101,2.57,0.9884,1,2.595,0.998,646,0
SPY190807P288,2019-08-05,2019-08-05 09:35:51,2.61,1.0038,20,2.59,0.9961,5,2.57,0.9884,1,2.6,1.0,646,0
SPY190807P288,2019-08-05,2019-08-05 09:35:52,2.6,1.0,10,2.59,0.9961,128,2.57,0.9884,1,2.595,0.998,646,0
SPY190807P288,2019-08-05,2019-08-05 09:35:53,2.6,1.0,10,2.59,0.9961,16,2.57,0.9884,1,2.595,0.998,646,0
SPY190807P288,2019-08-05,2019-08-05 09:35:53,2.6,1.0,10,2.58,0.9923,117,2.59,0.9961,56,2.59,0.9961,702,56
SPY190807P288,2019-08-05,2019-08-05 09:35:54,2.6,1.0,10,2.59,0.9961,111,2.59,0.9961,56,2.595,0.998,702,0
SPY190807P288,2019-08-05,2019-08-05 09:35:54,2.6,1.0,10,2.59,0.9961,100,2.59,0.9961,56,2.595,0.998,702,0
SPY190807P288,2019-08-05,2019-08-05 09:35:55,2.6,1.0,10,2.59,0.9961,93,2.59,0.9961,56,2.595,0.998,702,0
SPY190807P288,2019-08-05,2019-08-05 09:35:56,2.6,1.0,10,2.59,0.9961,137,2.59,0.9961,56,2.595,0.998,702,0
SPY190807P288,2019-08-05,2019-08-05 09:35:57,2.6,1.0,10,2.59,0.9961,137,2.59,0.9961,56,2.595,0.998,702,0
SPY190807P288,2019-08-05,2019-08-05 09:35:57,2.6,1.0,10,2.6,1.0,115,2.6,1.0,10,2.6,1.0,712,10
SPY190807P288,2019-08-05,2019-08-05 09:35:58,2.64,1.0153,59,2.61,1.0038,93,2.61,1.0038,2,2.625,1.0096,714,2
SPY190807P288,2019-08-05,2019-08-05 09:35:58,2.64,1.0153,50,2.61,1.0038,93,2.61,1.0038,2,2.625,1.0096,714,0
SPY190807P288,2019-08-05,2019-08-05 09:35:59,2.64,1.0153,50,2.61,1.0038,100,2.61,1.0038,2,2.625,1.0096,714,0
SPY190807P288,2019-08-05,2019-08-05 09:36:00,2.64,1.0153,60,2.62,1.0076,49,2.61,1.0038,2,2.63,1.0115,714,0
SPY190807P288,2019-08-05,2019-08-05 09:36:00,2.64,1.0153,61,2.61,1.0038,5,2.61,1.0038,2,2.625,1.0096,714,0
SPY190807P288,2019-08-05,2019-08-05 09:36:01,2.64,1.0153,19,2.61,1.0038,100,2.61,1.0038,2,2.625,1.0096,714,0
SPY190807P288,2019-08-05,2019-08-05 09:36:01,2.64,1.0153,61,2.61,1.0038,5,2.61,1.0038,2,2.625,1.0096,714,0
SPY190807P288,2019-08-05,2019-08-05 09:36:02,2.65,1.0192,22,2.62,1.0076,117,2.61,1.0038,2,2.635,1.0134,714,0
SPY190807P288,2019-08-05,2019-08-05 09:36:02,2.66,1.023,76,2.63,1.0115,121,2.61,1.0038,2,2.645,1.0173,714,0
SPY190807P288,2019-08-05,2019-08-05 09:36:03,2.66,1.023,77,2.63,1.0115,121,2.61,1.0038,2,2.645,1.0173,714,0
SPY190807P288,2019-08-05,2019-08-05 09:36:04,2.67,1.0269,60,2.64,1.0153,118,2.65,1.0192,5,2.655,1.0211,719,5
SPY190807P288,2019-08-05,2019-08-05 09:36:04,2.67,1.0269,60,2.66,1.023,132,2.65,1.0192,5,2.665,1.025,719,0
SPY190807P288,2019-08-05,2019-08-05 09:36:05,2.7,1.0384,59,2.67,1.0269,133,2.69,1.0346,1,2.685,1.0326,720,1
SPY190807P288,2019-08-05,2019-08-05 09:36:05,2.7,1.0384,68,2.67,1.0269,133,2.69,1.0346,1,2.685,1.0326,720,0
SPY190807P288,2019-08-05,2019-08-05 09:36:06,2.7,1.0384,68,2.67,1.0269,112,2.69,1.0346,1,2.685,1.0326,720,0
SPY190807P288,2019-08-05,2019-08-05 09:36:07,2.71,1.0423,60,2.68,1.0307,141,2.69,1.0346,1,2.695,1.0365,720,0
SPY190807P288,2019-08-05,2019-08-05 09:36:07,2.71,1.0423,60,2.68,1.0307,95,2.69,1.0346,1,2.695,1.0365,720,0
SPY190807P288,2019-08-05,2019-08-05 09:36:08,2.71,1.0423,22,2.68,1.0307,141,2.71,1.0423,2,2.695,1.0365,722,2
SPY190807P288,2019-08-05,2019-08-05 09:36:08,2.71,1.0423,22,2.68,1.0307,66,2.71,1.0423,2,2.695,1.0365,722,0
SPY190807P288,2019-08-05,2019-08-05 09:36:09,2.71,1.0423,55,2.67,1.0269,5,2.71,1.0423,2,2.69,1.0346,722,0
SPY190807P288,2019-08-05,2019-08-05 09:36:09,2.71,1.0423,22,2.68,1.0307,66,2.71,1.0423,2,2.695,1.0365,722,0
SPY190807P288,2019-08-05,2019-08-05 09:36:10,2.71,1.0423,55,2.68,1.0307,109,2.71,1.0423,2,2.695,1.0365,722,0
SPY190807P288,2019-08-05,2019-08-05 09:36:10,2.71,1.0423,55,2.68,1.0307,119,2.71,1.0423,2,2.695,1.0365,722,0
SPY190807P288,2019-08-05,2019-08-05 09:36:11,2.71,1.0423,55,2.68,1.0307,124,2.71,1.0423,2,2.695,1.0365,722,0
SPY190807P288,2019-08-05,2019-08-05 09:36:11,2.71,1.0423,55,2.68,1.0307,121,2.71,1.0423,2,2.695,1.0365,722,0
SPY190807P288,2019-08-05,2019-08-05 09:36:12,2.71,1.0423,55,2.68,1.0307,121,2.71,1.0423,2,2.695,1.0365,722,0
SPY190807P288,2019-08-05,2019-08-05 09:36:13,2.72,1.0461,55,2.69,1.0346,78,2.7,1.0384,1,2.705,1.0403,724,0
SPY190807P288,2019-08-05,2019-08-05 09:36:13,2.71,1.0423,17,2.69,1.0346,92,2.7,1.0384,1,2.7,1.0384,724,2
SPY190807P288,2019-08-05,2019-08-05 09:36:14,2.72,1.0461,55,2.69,1.0346,79,2.7,1.0384,1,2.705,1.0403,724,0
SPY190807P288,2019-08-05,2019-08-05 09:36:14,2.74,1.0538,79,2.7,1.0384,21,2.7,1.0384,1,2.72,1.0461,724,0
SPY190807P288,2019-08-05,2019-08-05 09:36:15,2.73,1.05,22,2.7,1.0384,116,2.7,1.0384,1,2.715,1.0442,724,0
SPY190807P288,2019-08-05,2019-08-05 09:36:15,2.73,1.05,17,2.71,1.0423,1,2.7,1.0384,1,2.72,1.0461,724,0
SPY190807P288,2019-08-05,2019-08-05 09:36:16,2.73,1.05,55,2.7,1.0384,100,2.7,1.0384,1,2.715,1.0442,724,0
SPY190807P288,2019-08-05,2019-08-05 09:36:16,2.74,1.0538,42,2.7,1.0384,108,2.7,1.0384,1,2.72,1.0461,724,0
SPY190807P288,2019-08-05,2019-08-05 09:36:17,2.73,1.05,56,2.7,1.0384,1,2.7,1.0384,1,2.715,1.0442,724,0
SPY190807P288,2019-08-05,2019-08-05 09:36:17,2.73,1.05,61,2.7,1.0384,1,2.7,1.0384,15,2.715,1.0442,739,15
SPY190807P288,2019-08-05,2019-08-05 09:36:18,2.71,1.0423,17,2.7,1.0384,1,2.7,1.0384,15,2.705,1.0403,739,0
SPY190807P288,2019-08-05,2019-08-05 09:36:18,2.72,1.0461,55,2.7,1.0384,1,2.7,1.0384,15,2.71,1.0423,739,0
SPY190807P288,2019-08-05,2019-08-05 09:36:19,2.72,1.0461,55,2.7,1.0384,1,2.7,1.0384,15,2.71,1.0423,739,0
SPY190807P288,2019-08-05,2019-08-05 09:36:19,2.72,1.0461,22,2.7,1.0384,1,2.7,1.0384,15,2.71,1.0423,739,0
SPY190807P288,2019-08-05,2019-08-05 09:36:20,2.73,1.05,44,2.7,1.0384,5,2.72,1.0461,1,2.715,1.0442,740,0
SPY190807P288,2019-08-05,2019-08-05 09:36:20,2.72,1.0461,22,2.7,1.0384,70,2.72,1.0461,1,2.71,1.0423,740,1
SPY190807P288,2019-08-05,2019-08-05 09:36:21,2.73,1.05,54,2.71,1.0423,1,2.72,1.0461,1,2.72,1.0461,740,0
SPY190807P288,2019-08-05,2019-08-05 09:36:21,2.73,1.05,54,2.71,1.0423,10,2.72,1.0461,1,2.72,1.0461,740,0
SPY190807P288,2019-08-05,2019-08-05 09:36:22,2.74,1.0538,112,2.71,1.0423,36,2.72,1.0461,1,2.725,1.048,740,0
SPY190807P288,2019-08-05,2019-08-05 09:36:22,2.73,1.05,54,2.71,1.0423,1,2.72,1.0461,1,2.72,1.0461,740,0
SPY190807P288,2019-08-05,2019-08-05 09:36:23,2.74,1.0538,44,2.71,1.0423,100,2.74,1.0538,2,2.725,1.048,742,2
SPY190807P288,2019-08-05,2019-08-05 09:36:23,2.74,1.0538,44,2.71,1.0423,100,2.74,1.0538,2,2.725,1.048,742,0
SPY190807P288,2019-08-05,2019-08-05 09:36:24,2.74,1.0538,44,2.71,1.0423,1,2.74,1.0538,2,2.725,1.048,742,0
SPY190807P288,2019-08-05,2019-08-05 09:36:24,2.73,1.05,44,2.68,1.0307,181,2.71,1.0423,1,2.705,1.0403,744,2
SPY190807P288,2019-08-05,2019-08-05 09:36:25,2.73,1.05,44,2.69,1.0346,100,2.71,1.0423,1,2.71,1.0423,744,0
SPY190807P288,2019-08-05,2019-08-05 09:36:25,2.73,1.05,44,2.69,1.0346,100,2.72,1.0461,1,2.71,1.0423,745,1
SPY190807P288,2019-08-05,2019-08-05 09:36:26,2.73,1.05,44,2.7,1.0384,14,2.72,1.0461,1,2.715,1.0442,745,0
SPY190807P288,2019-08-05,2019-08-05 09:36:26,2.72,1.0461,122,2.67,1.0269,115,2.72,1.0461,1,2.695,1.0365,745,0
SPY190807P288,2019-08-05,2019-08-05 09:36:27,2.71,1.0423,54,2.69,1.0346,102,2.72,1.0461,1,2.7,1.0384,745,0
SPY190807P288,2019-08-05,2019-08-05 09:36:27,2.71,1.0423,54,2.69,1.0346,88,2.72,1.0461,1,2.7,1.0384,745,0
SPY190807P288,2019-08-05,2019-08-05 09:36:28,2.71,1.0423,54,2.69,1.0346,117,2.72,1.0461,1,2.7,1.0384,745,0
SPY190807P288,2019-08-05,2019-08-05 09:36:29,2.72,1.0461,137,2.69,1.0346,41,2.7,1.0384,1,2.705,1.0403,747,2
SPY190807P288,2019-08-05,2019-08-05 09:36:29,2.73,1.05,66,2.7,1.0384,21,2.7,1.0384,1,2.715,1.0442,747,0
SPY190807P288,2019-08-05,2019-08-05 09:36:30,2.72,1.0461,17,2.7,1.0384,1,2.7,1.0384,1,2.71,1.0423,747,0
SPY190807P288,2019-08-05,2019-08-05 09:36:30,2.72,1.0461,17,2.7,1.0384,67,2.7,1.0384,1,2.71,1.0423,747,0
SPY190807P288,2019-08-05,2019-08-05 09:36:31,2.7,1.0384,22,2.67,1.0269,130,2.7,1.0384,1,2.685,1.0326,748,0
SPY190807P288,2019-08-05,2019-08-05 09:36:31,2.7,1.0384,22,2.66,1.023,44,2.7,1.0384,1,2.68,1.0307,748,1
SPY190807P288,2019-08-05,2019-08-05 09:36:32,2.71,1.0423,138,2.67,1.0269,115,2.7,1.0384,1,2.69,1.0346,748,0
SPY190807P288,2019-08-05,2019-08-05 09:36:32,2.71,1.0423,147,2.68,1.0307,26,2.7,1.0384,1,2.695,1.0365,748,0
SPY190807P288,2019-08-05,2019-08-05 09:36:33,2.71,1.0423,23,2.68,1.0307,131,2.7,1.0384,1,2.695,1.0365,749,1
SPY190807P288,2019-08-05,2019-08-05 09:36:33,2.71,1.0423,54,2.68,1.0307,5,2.7,1.0384,1,2.695,1.0365,748,0
SPY190807P288,2019-08-05,2019-08-05 09:36:34,2.71,1.0423,22,2.69,1.0346,5,2.69,1.0346,1,2.7,1.0384,750,0
SPY190807P288,2019-08-05,2019-08-05 09:36:34,2.71,1.0423,22,2.69,1.0346,64,2.69,1.0346,1,2.7,1.0384,750,1
SPY190807P288,2019-08-05,2019-08-05 09:36:35,2.71,1.0423,23,2.69,1.0346,80,2.69,1.0346,1,2.7,1.0384,750,0
SPY190807P288,2019-08-05,2019-08-05 09:36:35,2.71,1.0423,22,2.69,1.0346,80,2.69,1.0346,1,2.7,1.0384,750,0
SPY190807P288,2019-08-05,2019-08-05 09:36:36,2.71,1.0423,22,2.69,1.0346,117,2.69,1.0346,1,2.7,1.0384,750,0
SPY190807P288,2019-08-05,2019-08-05 09:36:36,2.71,1.0423,22,2.69,1.0346,100,2.69,1.0346,1,2.7,1.0384,750,0
SPY190807P288,2019-08-05,2019-08-05 09:36:37,2.71,1.0423,22,2.68,1.0307,121,2.69,1.0346,1,2.695,1.0365,750,0
SPY190807P288,2019-08-05,2019-08-05 09:36:37,2.71,1.0423,22,2.69,1.0346,5,2.69,1.0346,1,2.7,1.0384,750,0
SPY190807P288,2019-08-05,2019-08-05 09:36:38,2.71,1.0423,22,2.69,1.0346,5,2.69,1.0346,1,2.7,1.0384,750,0
SPY190807P288,2019-08-05,2019-08-05 09:36:39,2.71,1.0423,22,2.69,1.0346,8,2.69,1.0346,1,2.7,1.0384,750,0
SPY190807P288,2019-08-05,2019-08-05 09:36:39,2.71,1.0423,22,2.7,1.0384,5,2.69,1.0346,1,2.705,1.0403,750,0
SPY190807P288,2019-08-05,2019-08-05 09:36:40,2.71,1.0423,22,2.7,1.0384,119,2.69,1.0346,1,2.705,1.0403,750,0
SPY190807P288,2019-08-05,2019-08-05 09:36:41,2.71,1.0423,3,2.71,1.0423,1,2.71,1.0423,3,2.71,1.0423,753,3
SPY190807P288,2019-08-05,2019-08-05 09:36:41,2.73,1.05,23,2.71,1.0423,1,2.71,1.0423,3,2.72,1.0461,753,0
SPY190807P288,2019-08-05,2019-08-05 09:36:42,2.74,1.0538,44,2.71,1.0423,5,2.71,1.0423,3,2.725,1.048,753,0
SPY190807P288,2019-08-05,2019-08-05 09:36:42,2.74,1.0538,44,2.71,1.0423,70,2.71,1.0423,3,2.725,1.048,753,0
SPY190807P288,2019-08-05,2019-08-05 09:36:43,2.74,1.0538,66,2.7,1.0384,131,2.71,1.0423,3,2.72,1.0461,753,0
SPY190807P288,2019-08-05,2019-08-05 09:36:43,2.74,1.0538,66,2.7,1.0384,111,2.71,1.0423,3,2.72,1.0461,753,0
SPY190807P288,2019-08-05,2019-08-05 09:36:44,2.73,1.05,22,2.7,1.0384,15,2.71,1.0423,3,2.715,1.0442,753,0
SPY190807P288,2019-08-05,2019-08-05 09:36:44,2.73,1.05,22,2.69,1.0346,121,2.71,1.0423,3,2.71,1.0423,753,0
SPY190807P288,2019-08-05,2019-08-05 09:36:45,2.73,1.05,22,2.69,1.0346,100,2.72,1.0461,1,2.71,1.0423,755,2
SPY190807P288,2019-08-05,2019-08-05 09:36:45,2.73,1.05,22,2.69,1.0346,100,2.72,1.0461,1,2.71,1.0423,755,0
SPY190807P288,2019-08-05,2019-08-05 09:36:46,2.74,1.0538,71,2.68,1.0307,121,2.72,1.0461,1,2.71,1.0423,755,0
SPY190807P288,2019-08-05,2019-08-05 09:36:46,2.73,1.05,22,2.69,1.0346,121,2.72,1.0461,1,2.71,1.0423,755,0
SPY190807P288,2019-08-05,2019-08-05 09:36:47,2.73,1.05,55,2.7,1.0384,98,2.72,1.0461,1,2.715,1.0442,755,0
SPY190807P288,2019-08-05,2019-08-05 09:36:47,2.73,1.05,55,2.69,1.0346,121,2.72,1.0461,1,2.71,1.0423,755,0
SPY190807P288,2019-08-05,2019-08-05 09:36:48,2.73,1.05,55,2.7,1.0384,98,2.72,1.0461,1,2.715,1.0442,755,0
SPY190807P288,2019-08-05,2019-08-05 09:36:48,2.73,1.05,55,2.7,1.0384,115,2.72,1.0461,1,2.715,1.0442,755,0
SPY190807P288,2019-08-05,2019-08-05 09:36:49,2.72,1.0461,17,2.7,1.0384,115,2.72,1.0461,1,2.71,1.0423,755,0
SPY190807P288,2019-08-05,2019-08-05 09:36:50,2.74,1.0538,5,2.69,1.0346,121,2.72,1.0461,1,2.715,1.0442,755,0
SPY190807P288,2019-08-05,2019-08-05 09:36:50,2.74,1.0538,5,2.68,1.0307,121,2.72,1.0461,1,2.71,1.0423,755,0
SPY190807P288,2019-08-05,2019-08-05 09:36:51,2.73,1.05,154,2.7,1.0384,48,2.73,1.05,5,2.715,1.0442,760,0
SPY190807P288,2019-08-05,2019-08-05 09:36:51,2.73,1.05,154,2.7,1.0384,6,2.73,1.05,5,2.715,1.0442,760,5
SPY190807P288,2019-08-05,2019-08-05 09:36:52,2.72,1.0461,17,2.7,1.0384,113,2.73,1.05,5,2.71,1.0423,760,0
SPY190807P288,2019-08-05,2019-08-05 09:36:52,2.73,1.05,55,2.7,1.0384,98,2.73,1.05,5,2.715,1.0442,760,0
SPY190807P288,2019-08-05,2019-08-05 09:36:53,2.72,1.0461,1,2.7,1.0384,113,2.72,1.0461,2,2.71,1.0423,763,3
SPY190807P288,2019-08-05,2019-08-05 09:36:54,2.73,1.05,22,2.71,1.0423,100,2.72,1.0461,2,2.72,1.0461,763,0
SPY190807P288,2019-08-05,2019-08-05 09:36:54,2.72,1.0461,1,2.7,1.0384,113,2.72,1.0461,2,2.71,1.0423,763,0
SPY190807P288,2019-08-05,2019-08-05 09:36:55,2.75,1.0576,8,2.72,1.0461,5,2.72,1.0461,2,2.735,1.0519,763,0
SPY190807P288,2019-08-05,2019-08-05 09:36:55,2.74,1.0538,44,2.71,1.0423,19,2.72,1.0461,2,2.725,1.048,763,0
SPY190807P288,2019-08-05,2019-08-05 09:36:56,2.73,1.05,8,2.71,1.0423,120,2.72,1.0461,2,2.72,1.0461,763,0
SPY190807P288,2019-08-05,2019-08-05 09:36:57,2.73,1.05,8,2.71,1.0423,120,2.72,1.0461,2,2.72,1.0461,763,0
SPY190807P288,2019-08-05,2019-08-05 09:36:57,2.73,1.05,8,2.71,1.0423,100,2.72,1.0461,2,2.72,1.0461,763,0
SPY190807P288,2019-08-05,2019-08-05 09:36:58,2.74,1.0538,44,2.7,1.0384,95,2.72,1.0461,2,2.72,1.0461,763,0
SPY190807P288,2019-08-05,2019-08-05 09:36:58,2.74,1.0538,44,2.71,1.0423,116,2.72,1.0461,2,2.725,1.048,763,0
SPY190807P288,2019-08-05,2019-08-05 09:36:59,2.74,1.0538,44,2.71,1.0423,116,2.72,1.0461,2,2.725,1.048,763,0
SPY190807P288,2019-08-05,2019-08-05 09:37:00,2.75,1.0576,44,2.72,1.0461,25,2.73,1.05,10,2.735,1.0519,773,0
SPY190807P288,2019-08-05,2019-08-05 09:37:00,2.75,1.0576,44,2.72,1.0461,88,2.73,1.05,10,2.735,1.0519,773,10
SPY190807P288,2019-08-05,2019-08-05 09:37:01,2.76,1.0615,44,2.73,1.05,107,2.73,1.05,10,2.745,1.0557,773,0
SPY190807P288,2019-08-05,2019-08-05 09:37:01,2.75,1.0576,44,2.73,1.05,104,2.73,1.05,10,2.74,1.0538,773,0
SPY190807P288,2019-08-05,2019-08-05 09:37:02,2.76,1.0615,17,2.73,1.05,130,2.73,1.05,10,2.745,1.0557,773,0
SPY190807P288,2019-08-05,2019-08-05 09:37:02,2.76,1.0615,17,2.73,1.05,5,2.73,1.05,10,2.745,1.0557,773,0
SPY190807P288,2019-08-05,2019-08-05 09:37:03,2.76,1.0615,17,2.74,1.0538,85,2.73,1.05,10,2.75,1.0576,773,0
SPY190807P288,2019-08-05,2019-08-05 09:37:03,2.76,1.0615,17,2.74,1.0538,108,2.75,1.0576,6,2.75,1.0576,779,6
SPY190807P288,2019-08-05,2019-08-05 09:37:04,2.77,1.0653,85,2.73,1.05,123,2.75,1.0576,6,2.75,1.0576,779,0
SPY190807P288,2019-08-05,2019-08-05 09:37:04,2.76,1.0615,17,2.71,1.0423,44,2.75,1.0576,6,2.735,1.0519,779,0
SPY190807P288,2019-08-05,2019-08-05 09:37:05,2.76,1.0615,27,2.73,1.05,123,2.75,1.0576,6,2.745,1.0557,779,0
SPY190807P288,2019-08-05,2019-08-05 09:37:06,2.74,1.0538,5,2.7,1.0384,5,2.75,1.0576,2,2.72,1.0461,781,0
SPY190807P288,2019-08-05,2019-08-05 09:37:06,2.75,1.0576,44,2.7,1.0384,44,2.75,1.0576,2,2.725,1.048,781,2
SPY190807P288,2019-08-05,2019-08-05 09:37:07,2.77,1.0653,118,2.7,1.0384,15,2.75,1.0576,2,2.735,1.0519,781,0
SPY190807P288,2019-08-05,2019-08-05 09:37:07,2.75,1.0576,8,2.7,1.0384,15,2.75,1.0576,2,2.725,1.048,781,0
SPY190807P288,2019-08-05,2019-08-05 09:37:08,2.76,1.0615,44,2.71,1.0423,44,2.75,1.0576,2,2.735,1.0519,781,0
SPY190807P288,2019-08-05,2019-08-05 09:37:08,2.78,1.0692,122,2.72,1.0461,121,2.75,1.0576,2,2.75,1.0576,781,0
SPY190807P288,2019-08-05,2019-08-05 09:37:09,2.75,1.0576,22,2.73,1.05,5,2.75,1.0576,2,2.74,1.0538,781,0
SPY190807P288,2019-08-05,2019-08-05 09:37:09,2.77,1.0653,72,2.73,1.05,5,2.75,1.0576,2,2.75,1.0576,781,0
SPY190807P288,2019-08-05,2019-08-05 09:37:10,2.76,1.0615,44,2.7,1.0384,44,2.75,1.0576,2,2.73,1.05,781,0
SPY190807P288,2019-08-05,2019-08-05 09:37:10,2.75,1.0576,22,2.73,1.05,15,2.75,1.0576,2,2.74,1.0538,781,0
SPY190807P288,2019-08-05,2019-08-05 09:37:11,2.75,1.0576,17,2.7,1.0384,59,2.75,1.0576,2,2.725,1.048,781,0
SPY190807P288,2019-08-05,2019-08-05 09:37:11,2.75,1.0576,22,2.73,1.05,96,2.75,1.0576,2,2.74,1.0538,781,0
SPY190807P288,2019-08-05,2019-08-05 09:37:12,2.74,1.0538,26,2.71,1.0423,124,2.75,1.0576,2,2.725,1.048,781,0
SPY190807P288,2019-08-05,2019-08-05 09:37:12,2.74,1.0538,22,2.72,1.0461,5,2.75,1.0576,2,2.73,1.05,781,0
SPY190807P288,2019-08-05,2019-08-05 09:37:13,2.73,1.05,22,2.71,1.0423,196,2.75,1.0576,2,2.72,1.0461,781,0
SPY190807P288,2019-08-05,2019-08-05 09:37:13,2.72,1.0461,5,2.7,1.0384,2,2.75,1.0576,2,2.71,1.0423,781,0
SPY190807P288,2019-08-05,2019-08-05 09:37:14,2.74,1.0538,44,2.7,1.0384,2,2.75,1.0576,2,2.72,1.0461,781,0
SPY190807P288,2019-08-05,2019-08-05 09:37:15,2.75,1.0576,192,2.71,1.0423,82,2.75,1.0576,2,2.73,1.05,781,0
SPY190807P288,2019-08-05,2019-08-05 09:37:15,2.73,1.05,9,2.7,1.0384,116,2.75,1.0576,2,2.715,1.0442,781,0
SPY190807P288,2019-08-05,2019-08-05 09:37:16,2.75,1.0576,44,2.71,1.0423,76,2.75,1.0576,20,2.73,1.05,801,20
SPY190807P288,2019-08-05,2019-08-05 09:37:16,2.74,1.0538,22,2.71,1.0423,121,2.75,1.0576,20,2.725,1.048,801,0
SPY190807P288,2019-08-05,2019-08-05 09:37:17,2.77,1.0653,44,2.71,1.0423,92,2.75,1.0576,20,2.74,1.0538,801,0
SPY190807P288,2019-08-05,2019-08-05 09:37:17,2.75,1.0576,17,2.72,1.0461,136,2.75,1.0576,20,2.735,1.0519,801,0
SPY190807P288,2019-08-05,2019-08-05 09:37:18,2.76,1.0615,22,2.73,1.05,117,2.75,1.0576,20,2.745,1.0557,801,0
SPY190807P288,2019-08-05,2019-08-05 09:37:18,2.76,1.0615,22,2.73,1.05,103,2.75,1.0576,20,2.745,1.0557,801,0
SPY190807P288,2019-08-05,2019-08-05 09:37:19,2.76,1.0615,22,2.73,1.05,145,2.75,1.0576,20,2.745,1.0557,801,0
SPY190807P288,2019-08-05,2019-08-05 09:37:19,2.76,1.0615,22,2.73,1.05,187,2.75,1.0576,20,2.745,1.0557,801,0
SPY190807P288,2019-08-05,2019-08-05 09:37:20,2.76,1.0615,22,2.73,1.05,145,2.75,1.0576,20,2.745,1.0557,801,0
SPY190807P288,2019-08-05,2019-08-05 09:37:21,2.75,1.0576,17,2.73,1.05,130,2.75,1.0576,20,2.74,1.0538,801,0
SPY190807P288,2019-08-05,2019-08-05 09:37:21,2.75,1.0576,17,2.73,1.05,50,2.74,1.0538,3,2.74,1.0538,804,3
SPY190807P288,2019-08-05,2019-08-05 09:37:22,2.76,1.0615,111,2.72,1.0461,100,2.74,1.0538,3,2.74,1.0538,804,0
SPY190807P288,2019-08-05,2019-08-05 09:37:22,2.76,1.0615,22,2.73,1.05,21,2.74,1.0538,3,2.745,1.0557,804,0
SPY190807P288,2019-08-05,2019-08-05 09:37:23,2.74,1.0538,22,2.72,1.0461,5,2.74,1.0538,3,2.73,1.05,804,0
SPY190807P288,2019-08-05,2019-08-05 09:37:23,2.75,1.0576,100,2.72,1.0461,100,2.74,1.0538,3,2.735,1.0519,804,0
SPY190807P288,2019-08-05,2019-08-05 09:37:24,2.73,1.05,44,2.7,1.0384,2,2.72,1.0461,2,2.715,1.0442,810,6
SPY190807P288,2019-08-05,2019-08-05 09:37:24,2.73,1.05,134,2.7,1.0384,2,2.72,1.0461,2,2.715,1.0442,810,0
SPY190807P288,2019-08-05,2019-08-05 09:37:25,2.72,1.0461,27,2.7,1.0384,91,2.72,1.0461,2,2.71,1.0423,812,2
SPY190807P288,2019-08-05,2019-08-05 09:37:25,2.72,1.0461,17,2.7,1.0384,2,2.72,1.0461,2,2.71,1.0423,810,0
SPY190807P288,2019-08-05,2019-08-05 09:37:26,2.73,1.05,100,2.7,1.0384,91,2.72,1.0461,2,2.715,1.0442,812,0
SPY190807P288,2019-08-05,2019-08-05 09:37:27,2.73,1.05,55,2.7,1.0384,91,2.72,1.0461,2,2.715,1.0442,812,0
SPY190807P288,2019-08-05,2019-08-05 09:37:27,2.71,1.0423,17,2.7,1.0384,91,2.72,1.0461,2,2.705,1.0403,812,0
SPY190807P288,2019-08-05,2019-08-05 09:37:28,2.72,1.0461,55,2.7,1.0384,53,2.72,1.0461,2,2.71,1.0423,812,0
SPY190807P288,2019-08-05,2019-08-05 09:37:28,2.72,1.0461,22,2.7,1.0384,77,2.72,1.0461,2,2.71,1.0423,812,0
SPY190807P288,2019-08-05,2019-08-05 09:37:29,2.73,1.05,55,2.71,1.0423,1,2.72,1.0461,2,2.72,1.0461,812,0
SPY190807P288,2019-08-05,2019-08-05 09:37:29,2.72,1.0461,17,2.7,1.0384,77,2.72,1.0461,2,2.71,1.0423,812,0
SPY190807P288,2019-08-05,2019-08-05 09:37:30,2.73,1.05,55,2.71,1.0423,1,2.72,1.0461,2,2.72,1.0461,812,0
SPY190807P288,2019-08-05,2019-08-05 09:37:30,2.74,1.0538,55,2.71,1.0423,52,2.72,1.0461,2,2.725,1.048,812,0
SPY190807P288,2019-08-05,2019-08-05 09:37:31,2.74,1.0538,44,2.71,1.0423,1,2.72,1.0461,2,2.725,1.048,812,0
SPY190807P288,2019-08-05,2019-08-05 09:37:31,2.73,1.05,26,2.71,1.0423,65,2.72,1.0461,2,2.72,1.0461,812,0
SPY190807P288,2019-08-05,2019-08-05 09:37:32,2.74,1.0538,44,2.71,1.0423,65,2.72,1.0461,2,2.725,1.048,812,0
SPY190807P288,2019-08-05,2019-08-05 09:37:33,2.74,1.0538,44,2.71,1.0423,80,2.72,1.0461,2,2.725,1.048,812,0
SPY190807P288,2019-08-05,2019-08-05 09:37:34,2.74,1.0538,17,2.72,1.0461,93,2.72,1.0461,2,2.73,1.05,812,0
SPY190807P288,2019-08-05,2019-08-05 09:37:34,2.75,1.0576,27,2.72,1.0461,80,2.72,1.0461,2,2.735,1.0519,812,0
SPY190807P288,2019-08-05,2019-08-05 09:37:35,2.75,1.0576,27,2.72,1.0461,85,2.72,1.0461,2,2.735,1.0519,812,0
SPY190807P288,2019-08-05,2019-08-05 09:37:35,2.75,1.0576,27,2.73,1.05,71,2.72,1.0461,2,2.74,1.0538,812,0
SPY190807P288,2019-08-05,2019-08-05 09:37:36,2.76,1.0615,110,2.73,1.05,71,2.72,1.0461,2,2.745,1.0557,812,0
SPY190807P288,2019-08-05,2019-08-05 09:37:36,2.76,1.0615,44,2.71,1.0423,115,2.72,1.0461,2,2.735,1.0519,812,0
SPY190807P288,2019-08-05,2019-08-05 09:37:37,2.76,1.0615,44,2.72,1.0461,126,2.72,1.0461,2,2.74,1.0538,812,0
SPY190807P288,2019-08-05,2019-08-05 09:37:38,2.74,1.0538,18,2.73,1.05,62,2.72,1.0461,2,2.735,1.0519,812,0
SPY190807P288,2019-08-05,2019-08-05 09:37:38,2.76,1.0615,51,2.72,1.0461,121,2.72,1.0461,2,2.74,1.0538,812,0
SPY190807P288,2019-08-05,2019-08-05 09:37:39,2.76,1.0615,63,2.72,1.0461,131,2.72,1.0461,2,2.74,1.0538,812,0
SPY190807P288,2019-08-05,2019-08-05 09:37:39,2.74,1.0538,1,2.72,1.0461,100,2.74,1.0538,1,2.73,1.05,813,1
SPY190807P288,2019-08-05,2019-08-05 09:37:40,2.74,1.0538,1,2.72,1.0461,100,2.72,1.0461,1,2.73,1.05,814,1
SPY190807P288,2019-08-05,2019-08-05 09:37:40,2.74,1.0538,19,2.71,1.0423,116,2.72,1.0461,1,2.725,1.048,814,0
SPY190807P288,2019-08-05,2019-08-05 09:37:41,2.74,1.0538,44,2.71,1.0423,116,2.72,1.0461,1,2.725,1.048,814,0
SPY190807P288,2019-08-05,2019-08-05 09:37:42,2.74,1.0538,1,2.72,1.0461,100,2.72,1.0461,1,2.73,1.05,814,0
SPY190807P288,2019-08-05,2019-08-05 09:37:43,2.74,1.0538,24,2.71,1.0423,5,2.72,1.0461,1,2.725,1.048,814,0
SPY190807P288,2019-08-05,2019-08-05 09:37:43,2.74,1.0538,1,2.72,1.0461,5,2.72,1.0461,1,2.73,1.05,814,0
SPY190807P288,2019-08-05,2019-08-05 09:37:44,2.74,1.0538,1,2.72,1.0461,5,2.72,1.0461,1,2.73,1.05,814,0
SPY190807P288,2019-08-05,2019-08-05 09:37:44,2.74,1.0538,1,2.72,1.0461,115,2.72,1.0461,1,2.73,1.05,814,0
SPY190807P288,2019-08-05,2019-08-05 09:37:45,2.74,1.0538,12,2.73,1.05,66,2.72,1.0461,1,2.735,1.0519,814,0
SPY190807P288,2019-08-05,2019-08-05 09:37:45,2.74,1.0538,12,2.72,1.0461,136,2.72,1.0461,1,2.73,1.05,814,0
SPY190807P288,2019-08-05,2019-08-05 09:37:46,2.74,1.0538,12,2.72,1.0461,111,2.72,1.0461,1,2.73,1.05,814,0
SPY190807P288,2019-08-05,2019-08-05 09:37:46,2.74,1.0538,1,2.72,1.0461,104,2.72,1.0461,1,2.73,1.05,814,0
SPY190807P288,2019-08-05,2019-08-05 09:37:47,2.74,1.0538,1,2.71,1.0423,115,2.72,1.0461,1,2.725,1.048,814,0
SPY190807P288,2019-08-05,2019-08-05 09:37:47,2.74,1.0538,44,2.71,1.0423,99,2.72,1.0461,1,2.725,1.048,814,0
SPY190807P288,2019-08-05,2019-08-05 09:37:48,2.74,1.0538,1,2.72,1.0461,121,2.72,1.0461,1,2.73,1.05,814,0
SPY190807P288,2019-08-05,2019-08-05 09:37:48,2.74,1.0538,44,2.71,1.0423,99,2.72,1.0461,1,2.725,1.048,814,0
SPY190807P288,2019-08-05,2019-08-05 09:37:49,2.74,1.0538,6,2.72,1.0461,144,2.72,1.0461,1,2.73,1.05,814,0
SPY190807P288,2019-08-05,2019-08-05 09:37:49,2.74,1.0538,10,2.71,1.0423,121,2.72,1.0461,1,2.725,1.048,814,0
SPY190807P288,2019-08-05,2019-08-05 09:37:50,2.74,1.0538,44,2.71,1.0423,103,2.72,1.0461,1,2.725,1.048,814,0
SPY190807P288,2019-08-05,2019-08-05 09:37:50,2.74,1.0538,44,2.7,1.0384,79,2.72,1.0461,1,2.72,1.0461,814,0
SPY190807P288,2019-08-05,2019-08-05 09:37:51,2.74,1.0538,10,2.71,1.0423,116,2.72,1.0461,1,2.725,1.048,814,0
SPY190807P288,2019-08-05,2019-08-05 09:37:51,2.74,1.0538,1,2.72,1.0461,5,2.72,1.0461,1,2.73,1.05,814,0
SPY190807P288,2019-08-05,2019-08-05 09:37:52,2.74,1.0538,1,2.73,1.05,86,2.73,1.05,3,2.735,1.0519,817,3
SPY190807P288,2019-08-05,2019-08-05 09:37:52,2.74,1.0538,1,2.72,1.0461,121,2.72,1.0461,1,2.73,1.05,814,0
SPY190807P288,2019-08-05,2019-08-05 09:37:53,2.76,1.0615,25,2.73,1.05,86,2.74,1.0538,1,2.745,1.0557,818,1
SPY190807P288,2019-08-05,2019-08-05 09:37:53,2.77,1.0653,2,2.74,1.0538,75,2.74,1.0538,1,2.755,1.0596,818,0
SPY190807P288,2019-08-05,2019-08-05 09:37:54,2.77,1.0653,14,2.74,1.0538,36,2.74,1.0538,2,2.755,1.0596,820,0
SPY190807P288,2019-08-05,2019-08-05 09:37:54,2.77,1.0653,4,2.74,1.0538,90,2.74,1.0538,2,2.755,1.0596,820,2
SPY190807P288,2019-08-05,2019-08-05 09:37:55,2.76,1.0615,76,2.72,1.0461,140,2.74,1.0538,10,2.74,1.0538,830,0
SPY190807P288,2019-08-05,2019-08-05 09:37:55,2.76,1.0615,11,2.72,1.0461,140,2.74,1.0538,10,2.74,1.0538,830,10
SPY190807P288,2019-08-05,2019-08-05 09:37:56,2.76,1.0615,19,2.74,1.0538,8,2.74,1.0538,10,2.75,1.0576,830,0
SPY190807P288,2019-08-05,2019-08-05 09:37:56,2.76,1.0615,39,2.73,1.05,21,2.74,1.0538,10,2.745,1.0557,830,0
SPY190807P288,2019-08-05,2019-08-05 09:37:57,2.77,1.0653,134,2.73,1.05,87,2.74,1.0538,10,2.75,1.0576,830,0
SPY190807P288,2019-08-05,2019-08-05 09:37:57,2.77,1.0653,75,2.74,1.0538,14,2.74,1.0538,10,2.755,1.0596,830,0
SPY190807P288,2019-08-05,2019-08-05 09:37:58,2.76,1.0615,16,2.74,1.0538,21,2.74,1.0538,10,2.75,1.0576,830,0
SPY190807P288,2019-08-05,2019-08-05 09:37:58,2.77,1.0653,8,2.74,1.0538,88,2.74,1.0538,10,2.755,1.0596,830,0
SPY190807P288,2019-08-05,2019-08-05 09:37:59,2.77,1.0653,14,2.74,1.0538,67,2.74,1.0538,10,2.755,1.0596,830,0
SPY190807P288,2019-08-05,2019-08-05 09:38:00,2.77,1.0653,114,2.73,1.05,52,2.74,1.0538,10,2.75,1.0576,830,0
SPY190807P288,2019-08-05,2019-08-05 09:38:01,2.76,1.0615,16,2.73,1.05,52,2.74,1.0538,10,2.745,1.0557,830,0
SPY190807P288,2019-08-05,2019-08-05 09:38:01,2.75,1.0576,16,2.73,1.05,52,2.74,1.0538,10,2.74,1.0538,830,0
SPY190807P288,2019-08-05,2019-08-05 09:38:02,2.75,1.0576,14,2.73,1.05,2,2.74,1.0538,1,2.74,1.0538,831,0
SPY190807P288,2019-08-05,2019-08-05 09:38:02,2.75,1.0576,19,2.73,1.05,52,2.74,1.0538,1,2.74,1.0538,831,1
SPY190807P288,2019-08-05,2019-08-05 09:38:03,2.74,1.0538,1,2.74,1.0538,1,2.74,1.0538,1,2.74,1.0538,832,1
SPY190807P288,2019-08-05,2019-08-05 09:38:03,2.76,1.0615,4,2.74,1.0538,36,2.74,1.0538,1,2.75,1.0576,832,0
SPY190807P288,2019-08-05,2019-08-05 09:38:04,2.76,1.0615,14,2.74,1.0538,21,2.74,1.0538,1,2.75,1.0576,832,0
SPY190807P288,2019-08-05,2019-08-05 09:38:04,2.76,1.0615,4,2.74,1.0538,21,2.74,1.0538,1,2.75,1.0576,832,0
SPY190807P288,2019-08-05,2019-08-05 09:38:05,2.75,1.0576,1,2.73,1.05,2,2.74,1.0538,1,2.74,1.0538,832,0
SPY190807P288,2019-08-05,2019-08-05 09:38:05,2.75,1.0576,1,2.73,1.05,21,2.74,1.0538,1,2.74,1.0538,832,0
SPY190807P288,2019-08-05,2019-08-05 09:38:06,2.74,1.0538,14,2.73,1.05,21,2.74,1.0538,1,2.735,1.0519,832,0
SPY190807P288,2019-08-05,2019-08-05 09:38:06,2.74,1.0538,16,2.71,1.0423,18,2.73,1.05,2,2.725,1.048,834,2
SPY190807P288,2019-08-05,2019-08-05 09:38:07,2.7,1.0384,41,2.66,1.023,21,2.7,1.0384,2,2.68,1.0307,836,2
SPY190807P288,2019-08-05,2019-08-05 09:38:07,2.73,1.05,195,2.71,1.0423,18,2.73,1.05,2,2.72,1.0461,834,0
SPY190807P288,2019-08-05,2019-08-05 09:38:08,2.7,1.0384,107,2.64,1.0153,121,2.7,1.0384,2,2.67,1.0269,836,0
SPY190807P288,2019-08-05,2019-08-05 09:38:08,2.7,1.0384,2,2.62,1.0076,100,2.7,1.0384,2,2.66,1.023,836,0
SPY190807P288,2019-08-05,2019-08-05 09:38:09,2.69,1.0346,114,2.64,1.0153,5,2.7,1.0384,2,2.665,1.025,836,0
SPY190807P288,2019-08-05,2019-08-05 09:38:09,2.69,1.0346,100,2.63,1.0115,4,2.7,1.0384,2,2.66,1.023,836,0
SPY190807P288,2019-08-05,2019-08-05 09:38:10,2.68,1.0307,5,2.62,1.0076,7,2.7,1.0384,2,2.65,1.0192,836,0
SPY190807P288,2019-08-05,2019-08-05 09:38:10,2.69,1.0346,131,2.63,1.0115,181,2.7,1.0384,2,2.66,1.023,836,0
SPY190807P288,2019-08-05,2019-08-05 09:38:11,2.66,1.023,14,2.62,1.0076,22,2.7,1.0384,2,2.64,1.0153,836,0
SPY190807P288,2019-08-05,2019-08-05 09:38:11,2.66,1.023,94,2.62,1.0076,55,2.7,1.0384,2,2.64,1.0153,836,0
SPY190807P288,2019-08-05,2019-08-05 09:38:12,2.66,1.023,94,2.62,1.0076,82,2.7,1.0384,2,2.64,1.0153,836,0
SPY190807P288,2019-08-05,2019-08-05 09:38:12,2.67,1.0269,159,2.63,1.0115,16,2.7,1.0384,2,2.65,1.0192,836,0
SPY190807P288,2019-08-05,2019-08-05 09:38:13,2.66,1.023,114,2.62,1.0076,63,2.7,1.0384,2,2.64,1.0153,836,0
SPY190807P288,2019-08-05,2019-08-05 09:38:13,2.68,1.0307,54,2.64,1.0153,21,2.7,1.0384,2,2.66,1.023,836,0
SPY190807P288,2019-08-05,2019-08-05 09:38:14,2.66,1.023,147,2.62,1.0076,63,2.7,1.0384,2,2.64,1.0153,836,0
SPY190807P288,2019-08-05,2019-08-05 09:38:14,2.66,1.023,197,2.61,1.0038,203,2.7,1.0384,2,2.635,1.0134,836,0
SPY190807P288,2019-08-05,2019-08-05 09:38:15,2.65,1.0192,181,2.61,1.0038,27,2.7,1.0384,2,2.63,1.0115,836,0
SPY190807P288,2019-08-05,2019-08-05 09:38:15,2.64,1.0153,40,2.6,1.0,116,2.64,1.0153,2,2.62,1.0076,838,2
SPY190807P288,2019-08-05,2019-08-05 09:38:16,2.64,1.0153,64,2.61,1.0038,27,2.64,1.0153,2,2.625,1.0096,838,0
SPY190807P288,2019-08-05,2019-08-05 09:38:16,2.64,1.0153,14,2.62,1.0076,46,2.64,1.0153,2,2.63,1.0115,838,0
SPY190807P288,2019-08-05,2019-08-05 09:38:17,2.66,1.023,97,2.61,1.0038,176,2.64,1.0153,2,2.635,1.0134,838,0
SPY190807P288,2019-08-05,2019-08-05 09:38:17,2.66,1.023,82,2.63,1.0115,16,2.64,1.0153,2,2.645,1.0173,838,0
SPY190807P288,2019-08-05,2019-08-05 09:38:18,2.66,1.023,78,2.64,1.0153,5,2.64,1.0153,1,2.65,1.0192,839,1
SPY190807P288,2019-08-05,2019-08-05 09:38:18,2.66,1.023,78,2.62,1.0076,118,2.64,1.0153,1,2.64,1.0153,839,0
SPY190807P288,2019-08-05,2019-08-05 09:38:19,2.66,1.023,37,2.62,1.0076,150,2.64,1.0153,1,2.64,1.0153,839,0
SPY190807P288,2019-08-05,2019-08-05 09:38:19,2.66,1.023,64,2.63,1.0115,24,2.64,1.0153,1,2.645,1.0173,839,0
SPY190807P288,2019-08-05,2019-08-05 09:38:20,2.66,1.023,37,2.62,1.0076,196,2.64,1.0153,1,2.64,1.0153,839,0
SPY190807P288,2019-08-05,2019-08-05 09:38:20,2.66,1.023,63,2.62,1.0076,69,2.64,1.0153,1,2.64,1.0153,839,0
SPY190807P288,2019-08-05,2019-08-05 09:38:21,2.65,1.0192,11,2.62,1.0076,69,2.64,1.0153,1,2.635,1.0134,839,0
SPY190807P288,2019-08-05,2019-08-05 09:38:21,2.66,1.023,73,2.62,1.0076,58,2.64,1.0153,1,2.64,1.0153,839,0
SPY190807P288,2019-08-05,2019-08-05 09:38:22,2.65,1.0192,14,2.62,1.0076,72,2.64,1.0153,1,2.635,1.0134,839,0
SPY190807P288,2019-08-05,2019-08-05 09:38:23,2.65,1.0192,67,2.61,1.0038,150,2.64,1.0153,1,2.63,1.0115,839,0
SPY190807P288,2019-08-05,2019-08-05 09:38:23,2.65,1.0192,67,2.62,1.0076,21,2.64,1.0153,1,2.635,1.0134,839,0
SPY190807P288,2019-08-05,2019-08-05 09:38:24,2.64,1.0153,93,2.61,1.0038,21,2.64,1.0153,1,2.625,1.0096,839,0
SPY190807P288,2019-08-05,2019-08-05 09:38:24,2.64,1.0153,94,2.61,1.0038,25,2.64,1.0153,1,2.625,1.0096,839,0
SPY190807P288,2019-08-05,2019-08-05 09:38:25,2.63,1.0115,14,2.6,1.0,144,2.64,1.0153,1,2.615,1.0057,839,0
SPY190807P288,2019-08-05,2019-08-05 09:38:25,2.64,1.0153,93,2.6,1.0,181,2.64,1.0153,1,2.62,1.0076,839,0
SPY190807P288,2019-08-05,2019-08-05 09:38:26,2.65,1.0192,14,2.61,1.0038,121,2.64,1.0153,1,2.63,1.0115,839,0
SPY190807P288,2019-08-05,2019-08-05 09:38:26,2.64,1.0153,93,2.6,1.0,181,2.64,1.0153,1,2.62,1.0076,839,0
SPY190807P288,2019-08-05,2019-08-05 09:38:27,2.64,1.0153,155,2.61,1.0038,121,2.64,1.0153,1,2.625,1.0096,839,0
SPY190807P288,2019-08-05,2019-08-05 09:38:27,2.65,1.0192,41,2.61,1.0038,121,2.64,1.0153,1,2.63,1.0115,839,0
SPY190807P288,2019-08-05,2019-08-05 09:38:28,2.63,1.0115,114,2.6,1.0,121,2.64,1.0153,1,2.615,1.0057,839,0
SPY190807P288,2019-08-05,2019-08-05 09:38:28,2.63,1.0115,12,2.6,1.0,5,2.64,1.0153,1,2.615,1.0057,839,0
SPY190807P288,2019-08-05,2019-08-05 09:38:29,2.63,1.0115,367,2.56,0.9846,5,2.64,1.0153,1,2.595,0.998,839,0
SPY190807P288,2019-08-05,2019-08-05 09:38:29,2.63,1.0115,26,2.6,1.0,5,2.64,1.0153,1,2.615,1.0057,839,0
SPY190807P288,2019-08-05,2019-08-05 09:38:30,2.65,1.0192,116,2.59,0.9961,136,2.64,1.0153,1,2.62,1.0076,839,0
SPY190807P288,2019-08-05,2019-08-05 09:38:30,2.65,1.0192,117,2.6,1.0,240,2.64,1.0153,1,2.625,1.0096,839,0
SPY190807P288,2019-08-05,2019-08-05 09:38:31,2.65,1.0192,248,2.6,1.0,117,2.64,1.0153,1,2.625,1.0096,839,0
SPY190807P288,2019-08-05,2019-08-05 09:38:31,2.65,1.0192,144,2.61,1.0038,55,2.64,1.0153,1,2.63,1.0115,839,0
SPY190807P288,2019-08-05,2019-08-05 09:38:32,2.65,1.0192,117,2.62,1.0076,2,2.64,1.0153,1,2.635,1.0134,839,0
SPY190807P288,2019-08-05,2019-08-05 09:38:32,2.65,1.0192,117,2.62,1.0076,94,2.64,1.0153,1,2.635,1.0134,839,0
SPY190807P288,2019-08-05,2019-08-05 09:38:33,2.66,1.023,76,2.62,1.0076,102,2.64,1.0153,1,2.64,1.0153,839,0
SPY190807P288,2019-08-05,2019-08-05 09:38:33,2.65,1.0192,117,2.62,1.0076,9,2.64,1.0153,1,2.635,1.0134,839,0
SPY190807P288,2019-08-05,2019-08-05 09:38:34,2.66,1.023,72,2.63,1.0115,9,2.64,1.0153,1,2.645,1.0173,839,0
SPY190807P288,2019-08-05,2019-08-05 09:38:34,2.66,1.023,97,2.63,1.0115,74,2.64,1.0153,1,2.645,1.0173,839,0
SPY190807P288,2019-08-05,2019-08-05 09:38:35,2.66,1.023,97,2.63,1.0115,5,2.64,1.0153,1,2.645,1.0173,839,0
SPY190807P288,2019-08-05,2019-08-05 09:38:35,2.66,1.023,97,2.63,1.0115,100,2.64,1.0153,1,2.645,1.0173,839,0
SPY190807P288,2019-08-05,2019-08-05 09:38:36,2.66,1.023,97,2.63,1.0115,20,2.64,1.0153,1,2.645,1.0173,839,0
SPY190807P288,2019-08-05,2019-08-05 09:38:36,2.66,1.023,17,2.64,1.0153,108,2.64,1.0153,1,2.65,1.0192,839,0
SPY190807P288,2019-08-05,2019-08-05 09:38:37,2.67,1.0269,22,2.66,1.023,1,2.66,1.023,1,2.665,1.025,858,19
SPY190807P288,2019-08-05,2019-08-05 09:38:37,2.66,1.023,17,2.65,1.0192,2,2.64,1.0153,1,2.655,1.0211,839,0
SPY190807P288,2019-08-05,2019-08-05 09:38:38,2.67,1.0269,22,2.65,1.0192,111,2.66,1.023,1,2.66,1.023,858,0
SPY190807P288,2019-08-05,2019-08-05 09:38:38,2.67,1.0269,22,2.65,1.0192,109,2.66,1.023,1,2.66,1.023,858,0
SPY190807P288,2019-08-05,2019-08-05 09:38:39,2.67,1.0269,22,2.66,1.023,13,2.67,1.0269,3,2.665,1.025,861,3
SPY190807P288,2019-08-05,2019-08-05 09:38:39,2.67,1.0269,22,2.66,1.023,21,2.66,1.023,1,2.665,1.025,858,0
SPY190807P288,2019-08-05,2019-08-05 09:38:40,2.67,1.0269,22,2.65,1.0192,21,2.66,1.023,1,2.66,1.023,865,0
SPY190807P288,2019-08-05,2019-08-05 09:38:40,2.67,1.0269,22,2.65,1.0192,37,2.66,1.023,1,2.66,1.023,865,4
SPY190807P288,2019-08-05,2019-08-05 09:38:41,2.67,1.0269,22,2.65,1.0192,21,2.66,1.023,1,2.66,1.023,865,0
SPY190807P288,2019-08-05,2019-08-05 09:38:41,2.66,1.023,55,2.62,1.0076,136,2.65,1.0192,2,2.64,1.0153,868,3
SPY190807P288,2019-08-05,2019-08-05 09:38:42,2.66,1.023,55,2.62,1.0076,136,2.65,1.0192,2,2.64,1.0153,868,0
SPY190807P288,2019-08-05,2019-08-05 09:38:42,2.66,1.023,50,2.64,1.0153,76,2.66,1.023,5,2.65,1.0192,873,5
SPY190807P288,2019-08-05,2019-08-05 09:38:43,2.67,1.0269,73,2.64,1.0153,71,2.66,1.023,5,2.655,1.0211,873,0
SPY190807P288,2019-08-05,2019-08-05 09:38:43,2.67,1.0269,73,2.64,1.0153,36,2.66,1.023,5,2.655,1.0211,873,0
SPY190807P288,2019-08-05,2019-08-05 09:38:44,2.67,1.0269,55,2.64,1.0153,65,2.66,1.023,5,2.655,1.0211,873,0
SPY190807P288,2019-08-05,2019-08-05 09:38:44,2.67,1.0269,76,2.64,1.0153,51,2.66,1.023,5,2.655,1.0211,873,0
SPY190807P288,2019-08-05,2019-08-05 09:38:45,2.67,1.0269,55,2.64,1.0153,65,2.66,1.023,5,2.655,1.0211,873,0
SPY190807P288,2019-08-05,2019-08-05 09:38:45,2.67,1.0269,73,2.64,1.0153,65,2.66,1.023,5,2.655,1.0211,873,0
SPY190807P288,2019-08-05,2019-08-05 09:38:46,2.67,1.0269,55,2.64,1.0153,77,2.66,1.023,5,2.655,1.0211,873,0
SPY190807P288,2019-08-05,2019-08-05 09:38:46,2.67,1.0269,55,2.64,1.0153,100,2.66,1.023,5,2.655,1.0211,873,0
SPY190807P288,2019-08-05,2019-08-05 09:38:47,2.67,1.0269,55,2.65,1.0192,108,2.66,1.023,5,2.66,1.023,873,0
SPY190807P288,2019-08-05,2019-08-05 09:38:48,2.67,1.0269,55,2.65,1.0192,108,2.66,1.023,5,2.66,1.023,873,0
SPY190807P288,2019-08-05,2019-08-05 09:38:48,2.67,1.0269,55,2.65,1.0192,96,2.67,1.0269,8,2.66,1.023,881,8
SPY190807P288,2019-08-05,2019-08-05 09:38:49,2.67,1.0269,55,2.65,1.0192,111,2.67,1.0269,8,2.66,1.023,881,0
SPY190807P288,2019-08-05,2019-08-05 09:38:49,2.67,1.0269,55,2.65,1.0192,137,2.67,1.0269,8,2.66,1.023,889,8
SPY190807P288,2019-08-05,2019-08-05 09:38:50,2.68,1.0307,1,2.67,1.0269,1,2.67,1.0269,11,2.675,1.0288,911,0
SPY190807P288,2019-08-05,2019-08-05 09:38:50,2.68,1.0307,1,2.67,1.0269,1,2.67,1.0269,11,2.675,1.0288,911,22
SPY190807P288,2019-08-05,2019-08-05 09:38:51,2.68,1.0307,1,2.66,1.023,36,2.67,1.0269,11,2.67,1.0269,911,0
SPY190807P288,2019-08-05,2019-08-05 09:38:51,2.68,1.0307,1,2.66,1.023,96,2.67,1.0269,11,2.67,1.0269,911,0
SPY190807P288,2019-08-05,2019-08-05 09:38:52,2.7,1.0384,79,2.67,1.0269,26,2.68,1.0307,1,2.685,1.0326,912,0
SPY190807P288,2019-08-05,2019-08-05 09:38:52,2.7,1.0384,79,2.67,1.0269,15,2.68,1.0307,1,2.685,1.0326,912,1
SPY190807P288,2019-08-05,2019-08-05 09:38:53,2.7,1.0384,105,2.67,1.0269,79,2.68,1.0307,1,2.685,1.0326,912,0
SPY190807P288,2019-08-05,2019-08-05 09:38:53,2.7,1.0384,77,2.67,1.0269,88,2.68,1.0307,1,2.685,1.0326,912,0
SPY190807P288,2019-08-05,2019-08-05 09:38:54,2.69,1.0346,76,2.67,1.0269,79,2.68,1.0307,1,2.68,1.0307,912,0
SPY190807P288,2019-08-05,2019-08-05 09:38:55,2.69,1.0346,76,2.67,1.0269,17,2.68,1.0307,1,2.68,1.0307,912,0
SPY190807P288,2019-08-05,2019-08-05 09:38:55,2.7,1.0384,121,2.64,1.0153,117,2.68,1.0307,1,2.67,1.0269,912,0
SPY190807P288,2019-08-05,2019-08-05 09:38:56,2.69,1.0346,29,2.65,1.0192,8,2.68,1.0307,1,2.67,1.0269,912,0
SPY190807P288,2019-08-05,2019-08-05 09:38:56,2.71,1.0423,75,2.66,1.023,17,2.68,1.0307,1,2.685,1.0326,912,0
SPY190807P288,2019-08-05,2019-08-05 09:38:57,2.7,1.0384,55,2.66,1.023,109,2.68,1.0307,1,2.68,1.0307,912,0
SPY190807P288,2019-08-05,2019-08-05 09:38:57,2.7,1.0384,55,2.64,1.0153,117,2.68,1.0307,1,2.67,1.0269,912,0
SPY190807P288,2019-08-05,2019-08-05 09:38:58,2.69,1.0346,55,2.66,1.023,5,2.68,1.0307,1,2.675,1.0288,912,0
SPY190807P288,2019-08-05,2019-08-05 09:38:58,2.7,1.0384,55,2.64,1.0153,18,2.68,1.0307,1,2.67,1.0269,912,0
SPY190807P288,2019-08-05,2019-08-05 09:38:59,2.7,1.0384,66,2.66,1.023,71,2.68,1.0307,1,2.68,1.0307,912,0
SPY190807P288,2019-08-05,2019-08-05 09:38:59,2.7,1.0384,55,2.67,1.0269,5,2.68,1.0307,1,2.685,1.0326,912,0
SPY190807P288,2019-08-05,2019-08-05 09:39:00,2.73,1.05,25,2.69,1.0346,121,2.68,1.0307,1,2.71,1.0423,912,0
SPY190807P288,2019-08-05,2019-08-05 09:39:00,2.73,1.05,111,2.69,1.0346,117,2.68,1.0307,1,2.71,1.0423,912,0
SPY190807P288,2019-08-05,2019-08-05 09:39:01,2.75,1.0576,55,2.72,1.0461,5,2.73,1.05,8,2.735,1.0519,920,8
SPY190807P288,2019-08-05,2019-08-05 09:39:01,2.74,1.0538,11,2.72,1.0461,5,2.73,1.05,8,2.73,1.05,920,0
SPY190807P288,2019-08-05,2019-08-05 09:39:02,2.75,1.0576,76,2.71,1.0423,100,2.73,1.05,8,2.73,1.05,920,0
SPY190807P288,2019-08-05,2019-08-05 09:39:02,2.74,1.0538,11,2.69,1.0346,25,2.73,1.05,8,2.715,1.0442,920,0
SPY190807P288,2019-08-05,2019-08-05 09:39:03,2.75,1.0576,25,2.71,1.0423,26,2.73,1.05,8,2.73,1.05,920,0
SPY190807P288,2019-08-05,2019-08-05 09:39:04,2.74,1.0538,26,2.7,1.0384,121,2.73,1.05,8,2.72,1.0461,920,0
SPY190807P288,2019-08-05,2019-08-05 09:39:04,2.75,1.0576,61,2.71,1.0423,100,2.73,1.05,8,2.73,1.05,920,0
SPY190807P288,2019-08-05,2019-08-05 09:39:05,2.74,1.0538,26,2.7,1.0384,121,2.73,1.05,8,2.72,1.0461,920,0
SPY190807P288,2019-08-05,2019-08-05 09:39:05,2.74,1.0538,55,2.7,1.0384,121,2.73,1.05,8,2.72,1.0461,920,0
SPY190807P288,2019-08-05,2019-08-05 09:39:06,2.72,1.0461,5,2.67,1.0269,1,2.73,1.05,8,2.695,1.0365,920,0
SPY190807P288,2019-08-05,2019-08-05 09:39:06,2.72,1.0461,15,2.67,1.0269,1,2.73,1.05,8,2.695,1.0365,920,0
SPY190807P288,2019-08-05,2019-08-05 09:39:07,2.73,1.05,105,2.68,1.0307,21,2.71,1.0423,1,2.705,1.0403,921,1
SPY190807P288,2019-08-05,2019-08-05 09:39:07,2.73,1.05,55,2.69,1.0346,121,2.71,1.0423,1,2.71,1.0423,921,0
SPY190807P288,2019-08-05,2019-08-05 09:39:08,2.73,1.05,124,2.69,1.0346,121,2.71,1.0423,1,2.71,1.0423,921,0
SPY190807P288,2019-08-05,2019-08-05 09:39:08,2.73,1.05,1,2.68,1.0307,113,2.71,1.0423,1,2.705,1.0403,921,0
SPY190807P288,2019-08-05,2019-08-05 09:39:09,2.71,1.0423,55,2.68,1.0307,136,2.71,1.0423,1,2.695,1.0365,921,0
SPY190807P288,2019-08-05,2019-08-05 09:39:10,2.72,1.0461,25,2.68,1.0307,15,2.71,1.0423,1,2.7,1.0384,921,0
SPY190807P288,2019-08-05,2019-08-05 09:39:11,2.71,1.0423,24,2.67,1.0269,24,2.71,1.0423,1,2.69,1.0346,921,0
SPY190807P288,2019-08-05,2019-08-05 09:39:11,2.69,1.0346,55,2.65,1.0192,121,2.67,1.0269,1,2.67,1.0269,922,1
SPY190807P288,2019-08-05,2019-08-05 09:39:12,2.69,1.0346,55,2.66,1.023,126,2.67,1.0269,1,2.675,1.0288,922,0
SPY190807P288,2019-08-05,2019-08-05 09:39:12,2.69,1.0346,55,2.66,1.023,116,2.67,1.0269,1,2.675,1.0288,922,0
SPY190807P288,2019-08-05,2019-08-05 09:39:13,2.71,1.0423,55,2.68,1.0307,21,2.67,1.0269,1,2.695,1.0365,922,0
SPY190807P288,2019-08-05,2019-08-05 09:39:13,2.71,1.0423,55,2.67,1.0269,72,2.67,1.0269,1,2.69,1.0346,922,0
SPY190807P288,2019-08-05,2019-08-05 09:39:14,2.71,1.0423,55,2.68,1.0307,121,2.67,1.0269,1,2.695,1.0365,922,0
SPY190807P288,2019-08-05,2019-08-05 09:39:14,2.71,1.0423,55,2.68,1.0307,21,2.67,1.0269,1,2.695,1.0365,922,0
SPY190807P288,2019-08-05,2019-08-05 09:39:15,2.72,1.0461,11,2.69,1.0346,111,2.67,1.0269,1,2.705,1.0403,922,0
SPY190807P288,2019-08-05,2019-08-05 09:39:15,2.72,1.0461,86,2.68,1.0307,5,2.67,1.0269,1,2.7,1.0384,922,0
SPY190807P288,2019-08-05,2019-08-05 09:39:16,2.73,1.05,23,2.7,1.0384,100,2.67,1.0269,1,2.715,1.0442,922,0
SPY190807P288,2019-08-05,2019-08-05 09:39:16,2.73,1.05,23,2.69,1.0346,111,2.67,1.0269,1,2.71,1.0423,922,0
SPY190807P288,2019-08-05,2019-08-05 09:39:17,2.72,1.0461,121,2.67,1.0269,121,2.67,1.0269,1,2.695,1.0365,922,0
SPY190807P288,2019-08-05,2019-08-05 09:39:17,2.73,1.05,131,2.69,1.0346,14,2.67,1.0269,1,2.71,1.0423,922,0
SPY190807P288,2019-08-05,2019-08-05 09:39:18,2.71,1.0423,16,2.68,1.0307,136,2.67,1.0269,1,2.695,1.0365,922,0
SPY190807P288,2019-08-05,2019-08-05 09:39:18,2.72,1.0461,114,2.68,1.0307,5,2.67,1.0269,1,2.7,1.0384,922,0
SPY190807P288,2019-08-05,2019-08-05 09:39:19,2.71,1.0423,55,2.68,1.0307,63,2.67,1.0269,1,2.695,1.0365,922,0
SPY190807P288,2019-08-05,2019-08-05 09:39:19,2.71,1.0423,16,2.68,1.0307,125,2.67,1.0269,1,2.695,1.0365,922,0
SPY190807P288,2019-08-05,2019-08-05 09:39:20,2.71,1.0423,16,2.68,1.0307,125,2.67,1.0269,1,2.695,1.0365,922,0
SPY190807P288,2019-08-05,2019-08-05 09:39:20,2.72,1.0461,55,2.68,1.0307,132,2.67,1.0269,1,2.7,1.0384,922,0
SPY190807P288,2019-08-05,2019-08-05 09:39:21,2.72,1.0461,55,2.69,1.0346,87,2.67,1.0269,1,2.705,1.0403,922,0
SPY190807P288,2019-08-05,2019-08-05 09:39:21,2.72,1.0461,55,2.69,1.0346,61,2.67,1.0269,1,2.705,1.0403,922,0
SPY190807P288,2019-08-05,2019-08-05 09:39:22,2.72,1.0461,55,2.69,1.0346,96,2.67,1.0269,1,2.705,1.0403,922,0
SPY190807P288,2019-08-05,2019-08-05 09:39:23,2.73,1.05,21,2.7,1.0384,125,2.67,1.0269,1,2.715,1.0442,922,0
SPY190807P288,2019-08-05,2019-08-05 09:39:23,2.72,1.0461,55,2.69,1.0346,92,2.67,1.0269,1,2.705,1.0403,922,0
SPY190807P288,2019-08-05,2019-08-05 09:39:24,2.73,1.05,12,2.7,1.0384,125,2.67,1.0269,1,2.715,1.0442,922,0
SPY190807P288,2019-08-05,2019-08-05 09:39:25,2.73,1.05,12,2.71,1.0423,4,2.67,1.0269,1,2.72,1.0461,922,0
SPY190807P288,2019-08-05,2019-08-05 09:39:25,2.73,1.05,2,2.71,1.0423,4,2.67,1.0269,1,2.72,1.0461,922,0
SPY190807P288,2019-08-05,2019-08-05 09:39:26,2.73,1.05,2,2.71,1.0423,62,2.67,1.0269,1,2.72,1.0461,922,0
SPY190807P288,2019-08-05,2019-08-05 09:39:27,2.73,1.05,9,2.71,1.0423,71,2.67,1.0269,1,2.72,1.0461,922,0
SPY190807P288,2019-08-05,2019-08-05 09:39:27,2.73,1.05,2,2.71,1.0423,80,2.67,1.0269,1,2.72,1.0461,922,0
SPY190807P288,2019-08-05,2019-08-05 09:39:28,2.73,1.05,2,2.72,1.0461,55,2.67,1.0269,1,2.725,1.048,922,0
SPY190807P288,2019-08-05,2019-08-05 09:39:28,2.73,1.05,2,2.73,1.05,1,2.73,1.05,2,2.73,1.05,924,2
SPY190807P288,2019-08-05,2019-08-05 09:39:29,2.74,1.0538,7,2.73,1.05,88,2.73,1.05,1,2.735,1.0519,926,1
SPY190807P288,2019-08-05,2019-08-05 09:39:29,2.74,1.0538,7,2.72,1.0461,215,2.73,1.05,1,2.73,1.05,925,1
SPY190807P288,2019-08-05,2019-08-05 09:39:30,2.75,1.0576,19,2.73,1.05,14,2.73,1.05,1,2.74,1.0538,926,0
SPY190807P288,2019-08-05,2019-08-05 09:39:30,2.74,1.0538,19,2.73,1.05,25,2.73,1.05,1,2.735,1.0519,926,0
SPY190807P288,2019-08-05,2019-08-05 09:39:31,2.76,1.0615,55,2.74,1.0538,32,2.74,1.0538,1,2.75,1.0576,927,0
SPY190807P288,2019-08-05,2019-08-05 09:39:31,2.76,1.0615,55,2.73,1.05,61,2.74,1.0538,1,2.745,1.0557,927,1
SPY190807P288,2019-08-05,2019-08-05 09:39:32,2.75,1.0576,1,2.74,1.0538,57,2.74,1.0538,1,2.745,1.0557,927,0
SPY190807P288,2019-08-05,2019-08-05 09:39:33,2.75,1.0576,1,2.73,1.05,100,2.74,1.0538,1,2.74,1.0538,927,0
SPY190807P288,2019-08-05,2019-08-05 09:39:34,2.75,1.0576,1,2.73,1.05,8,2.75,1.0576,1,2.74,1.0538,928,1
SPY190807P288,2019-08-05,2019-08-05 09:39:35,2.76,1.0615,38,2.73,1.05,176,2.75,1.0576,1,2.745,1.0557,928,0
SPY190807P288,2019-08-05,2019-08-05 09:39:35,2.76,1.0615,38,2.73,1.05,8,2.75,1.0576,1,2.745,1.0557,928,0
SPY190807P288,2019-08-05,2019-08-05 09:39:36,2.77,1.0653,14,2.75,1.0576,75,2.76,1.0615,1,2.76,1.0615,938,0
SPY190807P288,2019-08-05,2019-08-05 09:39:36,2.77,1.0653,14,2.75,1.0576,20,2.76,1.0615,1,2.76,1.0615,938,10
SPY190807P288,2019-08-05,2019-08-05 09:39:37,2.77,1.0653,14,2.75,1.0576,75,2.76,1.0615,1,2.76,1.0615,938,0
SPY190807P288,2019-08-05,2019-08-05 09:39:38,2.76,1.0615,1,2.73,1.05,13,2.76,1.0615,2,2.745,1.0557,940,2
SPY190807P288,2019-08-05,2019-08-05 09:39:38,2.76,1.0615,1,2.73,1.05,21,2.76,1.0615,2,2.745,1.0557,940,0
SPY190807P288,2019-08-05,2019-08-05 09:39:39,2.77,1.0653,44,2.75,1.0576,13,2.76,1.0615,2,2.76,1.0615,940,0
SPY190807P288,2019-08-05,2019-08-05 09:39:39,2.77,1.0653,44,2.75,1.0576,36,2.76,1.0615,2,2.76,1.0615,940,0
SPY190807P288,2019-08-05,2019-08-05 09:39:40,2.77,1.0653,44,2.75,1.0576,36,2.76,1.0615,5,2.76,1.0615,945,0
SPY190807P288,2019-08-05,2019-08-05 09:39:40,2.77,1.0653,44,2.75,1.0576,36,2.76,1.0615,5,2.76,1.0615,945,5
SPY190807P288,2019-08-05,2019-08-05 09:39:41,2.76,1.0615,44,2.71,1.0423,6,2.75,1.0576,3,2.735,1.0519,948,3
SPY190807P288,2019-08-05,2019-08-05 09:39:41,2.77,1.0653,44,2.75,1.0576,3,2.76,1.0615,5,2.76,1.0615,945,0
SPY190807P288,2019-08-05,2019-08-05 09:39:42,2.73,1.05,10,2.69,1.0346,136,2.75,1.0576,2,2.71,1.0423,951,3
SPY190807P288,2019-08-05,2019-08-05 09:39:42,2.73,1.05,15,2.7,1.0384,121,2.75,1.0576,2,2.715,1.0442,951,0
SPY190807P288,2019-08-05,2019-08-05 09:39:43,2.73,1.05,15,2.68,1.0307,111,2.75,1.0576,2,2.705,1.0403,951,0
SPY190807P288,2019-08-05,2019-08-05 09:39:43,2.73,1.05,44,2.7,1.0384,110,2.75,1.0576,2,2.715,1.0442,951,0
SPY190807P288,2019-08-05,2019-08-05 09:39:44,2.73,1.05,20,2.71,1.0423,36,2.75,1.0576,2,2.72,1.0461,951,0
SPY190807P288,2019-08-05,2019-08-05 09:39:45,2.73,1.05,20,2.7,1.0384,115,2.75,1.0576,2,2.715,1.0442,951,0
SPY190807P288,2019-08-05,2019-08-05 09:39:45,2.74,1.0538,69,2.69,1.0346,21,2.75,1.0576,2,2.715,1.0442,951,0
SPY190807P288,2019-08-05,2019-08-05 09:39:46,2.73,1.05,66,2.69,1.0346,129,2.75,1.0576,2,2.71,1.0423,951,0
SPY190807P288,2019-08-05,2019-08-05 09:39:47,2.72,1.0461,57,2.68,1.0307,124,2.75,1.0576,2,2.7,1.0384,951,0
SPY190807P288,2019-08-05,2019-08-05 09:39:47,2.72,1.0461,55,2.68,1.0307,109,2.75,1.0576,2,2.7,1.0384,951,0
SPY190807P288,2019-08-05,2019-08-05 09:39:48,2.72,1.0461,56,2.63,1.0115,55,2.75,1.0576,2,2.675,1.0288,951,0
SPY190807P288,2019-08-05,2019-08-05 09:39:48,2.72,1.0461,56,2.68,1.0307,121,2.75,1.0576,2,2.7,1.0384,951,0
SPY190807P288,2019-08-05,2019-08-05 09:39:49,2.69,1.0346,55,2.64,1.0153,21,2.75,1.0576,2,2.665,1.025,951,0
SPY190807P288,2019-08-05,2019-08-05 09:39:49,2.69,1.0346,113,2.65,1.0192,111,2.65,1.0192,5,2.67,1.0269,956,5
SPY190807P288,2019-08-05,2019-08-05 09:39:50,2.68,1.0307,20,2.65,1.0192,187,2.65,1.0192,5,2.665,1.025,956,0
SPY190807P288,2019-08-05,2019-08-05 09:39:50,2.68,1.0307,20,2.65,1.0192,202,2.65,1.0192,5,2.665,1.025,956,0
SPY190807P288,2019-08-05,2019-08-05 09:39:51,2.69,1.0346,46,2.63,1.0115,18,2.65,1.0192,5,2.66,1.023,956,0
SPY190807P288,2019-08-05,2019-08-05 09:39:51,2.68,1.0307,55,2.65,1.0192,106,2.65,1.0192,5,2.665,1.025,956,0
SPY190807P288,2019-08-05,2019-08-05 09:39:52,2.67,1.0269,55,2.63,1.0115,50,2.65,1.0192,5,2.65,1.0192,956,0
SPY190807P288,2019-08-05,2019-08-05 09:39:52,2.67,1.0269,55,2.63,1.0115,100,2.65,1.0192,5,2.65,1.0192,956,0
SPY190807P288,2019-08-05,2019-08-05 09:39:53,2.67,1.0269,55,2.63,1.0115,111,2.65,1.0192,5,2.65,1.0192,956,0
SPY190807P288,2019-08-05,2019-08-05 09:39:53,2.67,1.0269,55,2.64,1.0153,85,2.65,1.0192,5,2.655,1.0211,956,0
SPY190807P288,2019-08-05,2019-08-05 09:39:54,2.66,1.023,55,2.61,1.0038,266,2.65,1.0192,5,2.635,1.0134,956,0
SPY190807P288,2019-08-05,2019-08-05 09:39:54,2.66,1.023,55,2.63,1.0115,98,2.65,1.0192,5,2.645,1.0173,956,0
SPY190807P288,2019-08-05,2019-08-05 09:39:55,2.66,1.023,152,2.62,1.0076,137,2.65,1.0192,5,2.64,1.0153,956,0
SPY190807P288,2019-08-05,2019-08-05 09:39:55,2.65,1.0192,78,2.61,1.0038,121,2.65,1.0192,5,2.63,1.0115,956,0
SPY190807P288,2019-08-05,2019-08-05 09:39:56,2.64,1.0153,55,2.57,0.9884,55,2.65,1.0192,5,2.605,1.0019,956,0
SPY190807P288,2019-08-05,2019-08-05 09:39:56,2.62,1.0076,15,2.57,0.9884,7,2.65,1.0192,5,2.595,0.998,956,0
SPY190807P288,2019-08-05,2019-08-05 09:39:57,2.63,1.0115,55,2.59,0.9961,11,2.65,1.0192,5,2.61,1.0038,956,0
SPY190807P288,2019-08-05,2019-08-05 09:39:57,2.63,1.0115,55,2.58,0.9923,11,2.65,1.0192,5,2.605,1.0019,956,0
SPY190807P288,2019-08-05,2019-08-05 09:39:58,2.63,1.0115,55,2.59,0.9961,100,2.65,1.0192,5,2.61,1.0038,956,0
SPY190807P288,2019-08-05,2019-08-05 09:39:58,2.63,1.0115,21,2.58,0.9923,103,2.65,1.0192,5,2.605,1.0019,956,0
SPY190807P288,2019-08-05,2019-08-05 09:39:59,2.63,1.0115,21,2.55,0.9807,14,2.65,1.0192,5,2.59,0.9961,956,0
SPY190807P288,2019-08-05,2019-08-05 09:39:59,2.63,1.0115,21,2.58,0.9923,152,2.65,1.0192,5,2.605,1.0019,956,0
SPY190807P288,2019-08-05,2019-08-05 09:40:00,2.61,1.0038,27,2.57,0.9884,5,2.65,1.0192,5,2.59,0.9961,956,0
SPY190807P288,2019-08-05,2019-08-05 09:40:00,2.6,1.0,21,2.57,0.9884,107,2.65,1.0192,5,2.585,0.9942,956,0
SPY190807P288,2019-08-05,2019-08-05 09:40:01,2.6,1.0,55,2.57,0.9884,104,2.6,1.0,1,2.585,0.9942,957,1
SPY190807P288,2019-08-05,2019-08-05 09:40:01,2.6,1.0,55,2.57,0.9884,107,2.65,1.0192,5,2.585,0.9942,956,0
SPY190807P288,2019-08-05,2019-08-05 09:40:02,2.6,1.0,55,2.58,0.9923,4,2.6,1.0,1,2.59,0.9961,957,0
SPY190807P288,2019-08-05,2019-08-05 09:40:02,2.6,1.0,55,2.58,0.9923,12,2.6,1.0,1,2.59,0.9961,957,0
SPY190807P288,2019-08-05,2019-08-05 09:40:03,2.62,1.0076,55,2.6,1.0,5,2.6,1.0,1,2.61,1.0038,957,0
SPY190807P288,2019-08-05,2019-08-05 09:40:03,2.6,1.0,55,2.59,0.9961,118,2.6,1.0,1,2.595,0.998,957,0
SPY190807P288,2019-08-05,2019-08-05 09:40:04,2.64,1.0153,55,2.6,1.0,100,2.6,1.0,1,2.62,1.0076,957,0
SPY190807P288,2019-08-05,2019-08-05 09:40:04,2.62,1.0076,55,2.6,1.0,5,2.6,1.0,1,2.61,1.0038,957,0
SPY190807P288,2019-08-05,2019-08-05 09:40:05,2.63,1.0115,11,2.6,1.0,163,2.6,1.0,1,2.615,1.0057,957,0
SPY190807P288,2019-08-05,2019-08-05 09:40:05,2.63,1.0115,11,2.6,1.0,199,2.62,1.0076,2,2.615,1.0057,959,2
SPY190807P288,2019-08-05,2019-08-05 09:40:06,2.63,1.0115,11,2.6,1.0,199,2.62,1.0076,2,2.615,1.0057,959,0
SPY190807P288,2019-08-05,2019-08-05 09:40:07,2.64,1.0153,55,2.61,1.0038,11,2.62,1.0076,2,2.625,1.0096,959,0
SPY190807P288,2019-08-05,2019-08-05 09:40:07,2.66,1.023,55,2.6,1.0,55,2.62,1.0076,2,2.63,1.0115,959,0
SPY190807P288,2019-08-05,2019-08-05 09:40:08,2.66,1.023,55,2.62,1.0076,203,2.62,1.0076,2,2.64,1.0153,959,0
SPY190807P288,2019-08-05,2019-08-05 09:40:09,2.65,1.0192,21,2.62,1.0076,100,2.62,1.0076,2,2.635,1.0134,959,0
SPY190807P288,2019-08-05,2019-08-05 09:40:10,2.65,1.0192,55,2.62,1.0076,197,2.62,1.0076,2,2.635,1.0134,959,0
SPY190807P288,2019-08-05,2019-08-05 09:40:10,2.66,1.023,68,2.63,1.0115,15,2.62,1.0076,2,2.645,1.0173,959,0
SPY190807P288,2019-08-05,2019-08-05 09:40:11,2.65,1.0192,55,2.62,1.0076,15,2.62,1.0076,2,2.635,1.0134,959,0
SPY190807P288,2019-08-05,2019-08-05 09:40:11,2.65,1.0192,55,2.62,1.0076,65,2.62,1.0076,2,2.635,1.0134,959,0
SPY190807P288,2019-08-05,2019-08-05 09:40:12,2.67,1.0269,39,2.63,1.0115,128,2.62,1.0076,2,2.65,1.0192,959,0
SPY190807P288,2019-08-05,2019-08-05 09:40:12,2.65,1.0192,55,2.62,1.0076,15,2.62,1.0076,2,2.635,1.0134,959,0
SPY190807P288,2019-08-05,2019-08-05 09:40:13,2.67,1.0269,21,2.64,1.0153,119,2.62,1.0076,2,2.655,1.0211,959,0
SPY190807P288,2019-08-05,2019-08-05 09:40:13,2.67,1.0269,21,2.63,1.0115,137,2.62,1.0076,2,2.65,1.0192,959,0
SPY190807P288,2019-08-05,2019-08-05 09:40:14,2.69,1.0346,10,2.65,1.0192,5,2.62,1.0076,2,2.67,1.0269,959,0
SPY190807P288,2019-08-05,2019-08-05 09:40:14,2.66,1.023,16,2.64,1.0153,152,2.62,1.0076,2,2.65,1.0192,959,0
SPY190807P288,2019-08-05,2019-08-05 09:40:15,2.69,1.0346,21,2.66,1.023,211,2.62,1.0076,2,2.675,1.0288,959,0
SPY190807P288,2019-08-05,2019-08-05 09:40:15,2.7,1.0384,55,2.65,1.0192,119,2.62,1.0076,2,2.675,1.0288,959,0
SPY190807P288,2019-08-05,2019-08-05 09:40:16,2.73,1.05,28,2.68,1.0307,11,2.62,1.0076,2,2.705,1.0403,959,0
SPY190807P288,2019-08-05,2019-08-05 09:40:16,2.73,1.05,55,2.68,1.0307,200,2.62,1.0076,2,2.705,1.0403,959,0
SPY190807P288,2019-08-05,2019-08-05 09:40:17,2.73,1.05,55,2.69,1.0346,197,2.62,1.0076,2,2.71,1.0423,959,0
SPY190807P288,2019-08-05,2019-08-05 09:40:17,2.73,1.05,55,2.7,1.0384,215,2.62,1.0076,2,2.715,1.0442,959,0
SPY190807P288,2019-08-05,2019-08-05 09:40:18,2.73,1.05,55,2.7,1.0384,203,2.62,1.0076,2,2.715,1.0442,959,0
SPY190807P288,2019-08-05,2019-08-05 09:40:18,2.75,1.0576,3,2.71,1.0423,10,2.62,1.0076,2,2.73,1.05,959,0
SPY190807P288,2019-08-05,2019-08-05 09:40:19,2.75,1.0576,55,2.72,1.0461,5,2.62,1.0076,2,2.735,1.0519,959,0
SPY190807P288,2019-08-05,2019-08-05 09:40:20,2.75,1.0576,55,2.72,1.0461,5,2.62,1.0076,2,2.735,1.0519,959,0
SPY190807P288,2019-08-05,2019-08-05 09:40:20,2.76,1.0615,55,2.73,1.05,5,2.62,1.0076,2,2.745,1.0557,959,0
SPY190807P288,2019-08-05,2019-08-05 09:40:21,2.76,1.0615,44,2.73,1.05,14,2.62,1.0076,2,2.745,1.0557,959,0
SPY190807P288,2019-08-05,2019-08-05 09:40:21,2.78,1.0692,42,2.73,1.05,14,2.62,1.0076,2,2.755,1.0596,959,0
SPY190807P288,2019-08-05,2019-08-05 09:40:22,2.77,1.0653,10,2.74,1.0538,3,2.76,1.0615,1,2.755,1.0596,971,1
SPY190807P288,2019-08-05,2019-08-05 09:40:22,2.76,1.0615,1,2.76,1.0615,1,2.76,1.0615,1,2.76,1.0615,970,11
SPY190807P288,2019-08-05,2019-08-05 09:40:23,2.77,1.0653,9,2.75,1.0576,5,2.76,1.0615,1,2.76,1.0615,971,0
SPY190807P288,2019-08-05,2019-08-05 09:40:23,2.77,1.0653,10,2.74,1.0538,5,2.76,1.0615,1,2.755,1.0596,971,0
SPY190807P288,2019-08-05,2019-08-05 09:40:24,2.79,1.073,11,2.75,1.0576,5,2.77,1.0653,1,2.77,1.0653,972,1
SPY190807P288,2019-08-05,2019-08-05 09:40:24,2.77,1.0653,9,2.75,1.0576,5,2.76,1.0615,1,2.76,1.0615,971,0
SPY190807P288,2019-08-05,2019-08-05 09:40:25,2.78,1.0692,6,2.75,1.0576,202,2.77,1.0653,1,2.765,1.0634,972,0
SPY190807P288,2019-08-05,2019-08-05 09:40:25,2.78,1.0692,5,2.75,1.0576,5,2.77,1.0653,1,2.765,1.0634,972,0
SPY190807P288,2019-08-05,2019-08-05 09:40:26,2.78,1.0692,6,2.75,1.0576,202,2.78,1.0692,1,2.765,1.0634,973,1
SPY190807P288,2019-08-05,2019-08-05 09:40:26,2.79,1.073,2,2.76,1.0615,165,2.78,1.0692,1,2.775,1.0673,973,0
SPY190807P288,2019-08-05,2019-08-05 09:40:27,2.79,1.073,2,2.76,1.0615,180,2.78,1.0692,1,2.775,1.0673,973,0
SPY190807P288,2019-08-05,2019-08-05 09:40:27,2.81,1.0807,47,2.77,1.0653,201,2.78,1.0692,1,2.79,1.073,973,0
SPY190807P288,2019-08-05,2019-08-05 09:40:28,2.81,1.0807,12,2.78,1.0692,202,2.78,1.0692,1,2.795,1.075,973,0
SPY190807P288,2019-08-05,2019-08-05 09:40:28,2.82,1.0846,55,2.77,1.0653,195,2.78,1.0692,1,2.795,1.075,973,0
SPY190807P288,2019-08-05,2019-08-05 09:40:29,2.81,1.0807,18,2.78,1.0692,50,2.78,1.0692,1,2.795,1.075,973,0
SPY190807P288,2019-08-05,2019-08-05 09:40:29,2.81,1.0807,27,2.77,1.0653,100,2.78,1.0692,1,2.79,1.073,973,0
SPY190807P288,2019-08-05,2019-08-05 09:40:30,2.82,1.0846,46,2.78,1.0692,50,2.78,1.0692,1,2.8,1.0769,973,0
SPY190807P288,2019-08-05,2019-08-05 09:40:30,2.82,1.0846,46,2.78,1.0692,152,2.78,1.0692,1,2.8,1.0769,973,0
SPY190807P288,2019-08-05,2019-08-05 09:40:31,2.82,1.0846,46,2.78,1.0692,152,2.78,1.0692,1,2.8,1.0769,973,0
SPY190807P288,2019-08-05,2019-08-05 09:40:31,2.82,1.0846,18,2.78,1.0692,120,2.78,1.0692,1,2.8,1.0769,973,0
SPY190807P288,2019-08-05,2019-08-05 09:40:32,2.82,1.0846,45,2.79,1.073,71,2.78,1.0692,1,2.805,1.0788,973,0
SPY190807P288,2019-08-05,2019-08-05 09:40:32,2.82,1.0846,18,2.79,1.073,116,2.78,1.0692,1,2.805,1.0788,973,0
SPY190807P288,2019-08-05,2019-08-05 09:40:33,2.84,1.0923,18,2.81,1.0807,6,2.78,1.0692,1,2.825,1.0865,973,0
SPY190807P288,2019-08-05,2019-08-05 09:40:33,2.84,1.0923,10,2.81,1.0807,63,2.78,1.0692,1,2.825,1.0865,973,0
SPY190807P288,2019-08-05,2019-08-05 09:40:34,2.86,1.1,6,2.82,1.0846,183,2.78,1.0692,1,2.84,1.0923,973,0
SPY190807P288,2019-08-05,2019-08-05 09:40:35,2.86,1.1,44,2.82,1.0846,218,2.78,1.0692,1,2.84,1.0923,973,0
SPY190807P288,2019-08-05,2019-08-05 09:40:35,2.86,1.1,44,2.82,1.0846,23,2.78,1.0692,1,2.84,1.0923,973,0
SPY190807P288,2019-08-05,2019-08-05 09:40:36,2.86,1.1,33,2.82,1.0846,212,2.78,1.0692,1,2.84,1.0923,973,0
SPY190807P288,2019-08-05,2019-08-05 09:40:36,2.86,1.1,12,2.82,1.0846,208,2.78,1.0692,1,2.84,1.0923,973,0
SPY190807P288,2019-08-05,2019-08-05 09:40:37,2.83,1.0884,9,2.79,1.073,193,2.78,1.0692,1,2.81,1.0807,973,0
SPY190807P288,2019-08-05,2019-08-05 09:40:37,2.86,1.1,83,2.82,1.0846,212,2.78,1.0692,1,2.84,1.0923,973,0
SPY190807P288,2019-08-05,2019-08-05 09:40:38,2.83,1.0884,79,2.8,1.0769,5,2.78,1.0692,1,2.815,1.0826,973,0
SPY190807P288,2019-08-05,2019-08-05 09:40:38,2.83,1.0884,75,2.79,1.073,192,2.78,1.0692,1,2.81,1.0807,973,0
SPY190807P288,2019-08-05,2019-08-05 09:40:39,2.83,1.0884,28,2.75,1.0576,100,2.78,1.0692,1,2.79,1.073,973,0
SPY190807P288,2019-08-05,2019-08-05 09:40:39,2.81,1.0807,13,2.77,1.0653,197,2.78,1.0692,1,2.79,1.073,973,0
SPY190807P288,2019-08-05,2019-08-05 09:40:40,2.78,1.0692,44,2.75,1.0576,144,2.78,1.0692,1,2.765,1.0634,974,0
SPY190807P288,2019-08-05,2019-08-05 09:40:40,2.78,1.0692,44,2.73,1.05,193,2.78,1.0692,1,2.755,1.0596,974,1
SPY190807P288,2019-08-05,2019-08-05 09:40:41,2.78,1.0692,44,2.75,1.0576,144,2.78,1.0692,1,2.765,1.0634,974,0
SPY190807P288,2019-08-05,2019-08-05 09:40:42,2.79,1.073,111,2.75,1.0576,125,2.78,1.0692,1,2.77,1.0653,974,0
SPY190807P288,2019-08-05,2019-08-05 09:40:42,2.79,1.073,66,2.75,1.0576,100,2.78,1.0692,1,2.77,1.0653,974,0
SPY190807P288,2019-08-05,2019-08-05 09:40:43,2.77,1.0653,18,2.74,1.0538,104,2.78,1.0692,1,2.755,1.0596,974,0
SPY190807P288,2019-08-05,2019-08-05 09:40:43,2.77,1.0653,44,2.75,1.0576,4,2.78,1.0692,1,2.76,1.0615,974,0
SPY190807P288,2019-08-05,2019-08-05 09:40:44,2.77,1.0653,2,2.75,1.0576,154,2.78,1.0692,1,2.76,1.0615,974,0
SPY190807P288,2019-08-05,2019-08-05 09:40:44,2.77,1.0653,6,2.75,1.0576,115,2.78,1.0692,1,2.76,1.0615,974,0
SPY190807P288,2019-08-05,2019-08-05 09:40:45,2.77,1.0653,2,2.75,1.0576,21,2.78,1.0692,1,2.76,1.0615,974,0
SPY190807P288,2019-08-05,2019-08-05 09:40:45,2.77,1.0653,18,2.75,1.0576,104,2.78,1.0692,1,2.76,1.0615,974,0
SPY190807P288,2019-08-05,2019-08-05 09:40:46,2.77,1.0653,2,2.75,1.0576,21,2.78,1.0692,1,2.76,1.0615,974,0
SPY190807P288,2019-08-05,2019-08-05 09:40:46,2.77,1.0653,2,2.74,1.0538,2,2.78,1.0692,1,2.755,1.0596,974,0
SPY190807P288,2019-08-05,2019-08-05 09:40:47,2.77,1.0653,70,2.73,1.05,212,2.78,1.0692,1,2.75,1.0576,974,0
SPY190807P288,2019-08-05,2019-08-05 09:40:47,2.77,1.0653,70,2.74,1.0538,100,2.78,1.0692,1,2.755,1.0596,974,0
SPY190807P288,2019-08-05,2019-08-05 09:40:48,2.76,1.0615,20,2.72,1.0461,3,2.78,1.0692,1,2.74,1.0538,974,0
SPY190807P288,2019-08-05,2019-08-05 09:40:48,2.77,1.0653,70,2.73,1.05,5,2.78,1.0692,1,2.75,1.0576,974,0
SPY190807P288,2019-08-05,2019-08-05 09:40:49,2.74,1.0538,44,2.71,1.0423,8,2.78,1.0692,1,2.725,1.048,974,0
SPY190807P288,2019-08-05,2019-08-05 09:40:49,2.74,1.0538,88,2.7,1.0384,193,2.74,1.0538,5,2.72,1.0461,979,5
SPY190807P288,2019-08-05,2019-08-05 09:40:50,2.74,1.0538,138,2.69,1.0346,202,2.74,1.0538,5,2.715,1.0442,979,0
SPY190807P288,2019-08-05,2019-08-05 09:40:50,2.75,1.0576,44,2.7,1.0384,100,2.74,1.0538,3,2.725,1.048,982,3
SPY190807P288,2019-08-05,2019-08-05 09:40:51,2.74,1.0538,13,2.71,1.0423,148,2.74,1.0538,3,2.725,1.048,982,0
SPY190807P288,2019-08-05,2019-08-05 09:40:52,2.74,1.0538,70,2.7,1.0384,105,2.74,1.0538,3,2.72,1.0461,982,0
SPY190807P288,2019-08-05,2019-08-05 09:40:52,2.74,1.0538,44,2.71,1.0423,187,2.74,1.0538,3,2.725,1.048,982,0
SPY190807P288,2019-08-05,2019-08-05 09:40:53,2.74,1.0538,114,2.7,1.0384,158,2.74,1.0538,3,2.72,1.0461,982,0
SPY190807P288,2019-08-05,2019-08-05 09:40:54,2.71,1.0423,20,2.68,1.0307,100,2.74,1.0538,3,2.695,1.0365,982,0
SPY190807P288,2019-08-05,2019-08-05 09:40:54,2.72,1.0461,15,2.68,1.0307,197,2.74,1.0538,3,2.7,1.0384,982,0
SPY190807P288,2019-08-05,2019-08-05 09:40:55,2.73,1.05,44,2.7,1.0384,102,2.74,1.0538,3,2.715,1.0442,982,0
SPY190807P288,2019-08-05,2019-08-05 09:40:56,2.77,1.0653,121,2.72,1.0461,100,2.74,1.0538,3,2.745,1.0557,982,0
SPY190807P288,2019-08-05,2019-08-05 09:40:56,2.77,1.0653,121,2.72,1.0461,150,2.74,1.0538,3,2.745,1.0557,982,0
SPY190807P288,2019-08-05,2019-08-05 09:40:57,2.76,1.0615,44,2.73,1.05,100,2.74,1.0538,3,2.745,1.0557,982,0
SPY190807P288,2019-08-05,2019-08-05 09:40:57,2.77,1.0653,121,2.72,1.0461,66,2.74,1.0538,3,2.745,1.0557,982,0
SPY190807P288,2019-08-05,2019-08-05 09:40:58,2.76,1.0615,95,2.73,1.05,100,2.74,1.0538,3,2.745,1.0557,982,0
SPY190807P288,2019-08-05,2019-08-05 09:40:58,2.76,1.0615,57,2.72,1.0461,52,2.74,1.0538,3,2.74,1.0538,982,0
SPY190807P288,2019-08-05,2019-08-05 09:40:59,2.73,1.05,12,2.7,1.0384,107,2.74,1.0538,3,2.715,1.0442,982,0
SPY190807P288,2019-08-05,2019-08-05 09:40:59,2.73,1.05,44,2.7,1.0384,114,2.74,1.0538,3,2.715,1.0442,982,0
SPY190807P288,2019-08-05,2019-08-05 09:41:00,2.73,1.05,44,2.69,1.0346,66,2.74,1.0538,3,2.71,1.0423,982,0
SPY190807P288,2019-08-05,2019-08-05 09:41:00,2.73,1.05,54,2.7,1.0384,195,2.74,1.0538,3,2.715,1.0442,982,0
SPY190807P288,2019-08-05,2019-08-05 09:41:01,2.73,1.05,88,2.7,1.0384,100,2.74,1.0538,3,2.715,1.0442,982,0
SPY190807P288,2019-08-05,2019-08-05 09:41:01,2.73,1.05,84,2.7,1.0384,100,2.74,1.0538,3,2.715,1.0442,982,0
SPY190807P288,2019-08-05,2019-08-05 09:41:02,2.73,1.05,80,2.7,1.0384,100,2.74,1.0538,3,2.715,1.0442,982,0
SPY190807P288,2019-08-05,2019-08-05 09:41:03,2.73,1.05,75,2.72,1.0461,100,2.74,1.0538,3,2.725,1.048,982,0
SPY190807P288,2019-08-05,2019-08-05 09:41:03,2.75,1.0576,55,2.72,1.0461,157,2.74,1.0538,3,2.735,1.0519,982,0
SPY190807P288,2019-08-05,2019-08-05 09:41:04,2.75,1.0576,121,2.7,1.0384,100,2.74,1.0538,3,2.725,1.048,982,0
SPY190807P288,2019-08-05,2019-08-05 09:41:04,2.75,1.0576,21,2.73,1.05,100,2.74,1.0538,3,2.74,1.0538,982,0
SPY190807P288,2019-08-05,2019-08-05 09:41:05,2.74,1.0538,55,2.7,1.0384,100,2.74,1.0538,3,2.72,1.0461,982,0
SPY190807P288,2019-08-05,2019-08-05 09:41:05,2.75,1.0576,121,2.7,1.0384,59,2.74,1.0538,3,2.725,1.048,982,0
SPY190807P288,2019-08-05,2019-08-05 09:41:06,2.74,1.0538,55,2.7,1.0384,215,2.74,1.0538,3,2.72,1.0461,982,0
SPY190807P288,2019-08-05,2019-08-05 09:41:06,2.74,1.0538,55,2.7,1.0384,150,2.74,1.0538,3,2.72,1.0461,982,0
SPY190807P288,2019-08-05,2019-08-05 09:41:07,2.73,1.05,9,2.7,1.0384,115,2.74,1.0538,3,2.715,1.0442,982,0
SPY190807P288,2019-08-05,2019-08-05 09:41:07,2.74,1.0538,148,2.7,1.0384,165,2.74,1.0538,3,2.72,1.0461,982,0
SPY190807P288,2019-08-05,2019-08-05 09:41:08,2.74,1.0538,55,2.7,1.0384,195,2.74,1.0538,3,2.72,1.0461,982,0
SPY190807P288,2019-08-05,2019-08-05 09:41:09,2.72,1.0461,75,2.68,1.0307,69,2.74,1.0538,3,2.7,1.0384,982,0
SPY190807P288,2019-08-05,2019-08-05 09:41:09,2.74,1.0538,55,2.7,1.0384,1,2.74,1.0538,3,2.72,1.0461,982,0
SPY190807P288,2019-08-05,2019-08-05 09:41:10,2.72,1.0461,55,2.68,1.0307,5,2.74,1.0538,3,2.7,1.0384,982,0
SPY190807P288,2019-08-05,2019-08-05 09:41:10,2.73,1.05,20,2.7,1.0384,5,2.74,1.0538,3,2.715,1.0442,982,0
SPY190807P288,2019-08-05,2019-08-05 09:41:11,2.73,1.05,15,2.7,1.0384,198,2.74,1.0538,3,2.715,1.0442,982,0
SPY190807P288,2019-08-05,2019-08-05 09:41:11,2.73,1.05,67,2.7,1.0384,5,2.74,1.0538,3,2.715,1.0442,982,0
SPY190807P288,2019-08-05,2019-08-05 09:41:12,2.72,1.0461,102,2.68,1.0307,100,2.7,1.0384,5,2.7,1.0384,987,5
SPY190807P288,2019-08-05,2019-08-05 09:41:13,2.72,1.0461,10,2.67,1.0269,100,2.7,1.0384,5,2.695,1.0365,987,0
SPY190807P288,2019-08-05,2019-08-05 09:41:13,2.72,1.0461,21,2.69,1.0346,5,2.72,1.0461,2,2.705,1.0403,989,2
SPY190807P288,2019-08-05,2019-08-05 09:41:14,2.75,1.0576,150,2.7,1.0384,9,2.72,1.0461,2,2.725,1.048,989,0
SPY190807P288,2019-08-05,2019-08-05 09:41:14,2.73,1.05,89,2.7,1.0384,107,2.72,1.0461,2,2.715,1.0442,989,0
SPY190807P288,2019-08-05,2019-08-05 09:41:15,2.73,1.05,15,2.71,1.0423,3,2.72,1.0461,2,2.72,1.0461,989,0
SPY190807P288,2019-08-05,2019-08-05 09:41:15,2.73,1.05,84,2.71,1.0423,3,2.72,1.0461,2,2.72,1.0461,989,0
SPY190807P288,2019-08-05,2019-08-05 09:41:16,2.73,1.05,84,2.71,1.0423,3,2.72,1.0461,2,2.72,1.0461,989,0
SPY190807P288,2019-08-05,2019-08-05 09:41:16,2.73,1.05,111,2.71,1.0423,3,2.72,1.0461,2,2.72,1.0461,989,0
SPY190807P288,2019-08-05,2019-08-05 09:41:17,2.73,1.05,111,2.71,1.0423,3,2.72,1.0461,2,2.72,1.0461,989,0
SPY190807P288,2019-08-05,2019-08-05 09:41:18,2.72,1.0461,10,2.69,1.0346,113,2.71,1.0423,3,2.705,1.0403,992,3
SPY190807P288,2019-08-05,2019-08-05 09:41:18,2.79,1.073,5,2.71,1.0423,100,2.71,1.0423,3,2.75,1.0576,992,0
SPY190807P288,2019-08-05,2019-08-05 09:41:19,2.76,1.0615,112,2.72,1.0461,15,2.71,1.0423,3,2.74,1.0538,992,0
SPY190807P288,2019-08-05,2019-08-05 09:41:19,2.79,1.073,5,2.72,1.0461,5,2.71,1.0423,3,2.755,1.0596,992,0
SPY190807P288,2019-08-05,2019-08-05 09:41:20,2.75,1.0576,11,2.72,1.0461,200,2.71,1.0423,3,2.735,1.0519,992,0
SPY190807P288,2019-08-05,2019-08-05 09:41:20,2.75,1.0576,11,2.72,1.0461,215,2.74,1.0538,1,2.735,1.0519,993,1
SPY190807P288,2019-08-05,2019-08-05 09:41:21,2.75,1.0576,21,2.72,1.0461,215,2.74,1.0538,1,2.735,1.0519,993,0
SPY190807P288,2019-08-05,2019-08-05 09:41:22,2.75,1.0576,120,2.7,1.0384,223,2.74,1.0538,1,2.725,1.048,993,0
SPY190807P288,2019-08-05,2019-08-05 09:41:22,2.75,1.0576,44,2.72,1.0461,14,2.74,1.0538,1,2.735,1.0519,993,0
SPY190807P288,2019-08-05,2019-08-05 09:41:23,2.74,1.0538,61,2.7,1.0384,119,2.74,1.0538,1,2.72,1.0461,993,0
SPY190807P288,2019-08-05,2019-08-05 09:41:23,2.75,1.0576,115,2.7,1.0384,100,2.74,1.0538,1,2.725,1.048,993,0
SPY190807P288,2019-08-05,2019-08-05 09:41:24,2.74,1.0538,45,2.7,1.0384,12,2.72,1.0461,2,2.72,1.0461,995,2
SPY190807P288,2019-08-05,2019-08-05 09:41:24,2.74,1.0538,61,2.7,1.0384,12,2.74,1.0538,1,2.72,1.0461,993,0
SPY190807P288,2019-08-05,2019-08-05 09:41:25,2.73,1.05,7,2.71,1.0423,1,2.72,1.0461,2,2.72,1.0461,995,0
SPY190807P288,2019-08-05,2019-08-05 09:41:25,2.74,1.0538,89,2.7,1.0384,90,2.72,1.0461,2,2.72,1.0461,995,0
SPY190807P288,2019-08-05,2019-08-05 09:41:26,2.73,1.05,69,2.71,1.0423,1,2.72,1.0461,2,2.72,1.0461,995,0
SPY190807P288,2019-08-05,2019-08-05 09:41:26,2.73,1.05,235,2.71,1.0423,1,2.73,1.05,1,2.72,1.0461,1005,10
SPY190807P288,2019-08-05,2019-08-05 09:41:27,2.72,1.0461,22,2.67,1.0269,136,2.71,1.0423,1,2.695,1.0365,1006,1
SPY190807P288,2019-08-05,2019-08-05 09:41:27,2.71,1.0423,65,2.68,1.0307,5,2.71,1.0423,1,2.695,1.0365,1006,0
SPY190807P288,2019-08-05,2019-08-05 09:41:28,2.7,1.0384,16,2.68,1.0307,5,2.71,1.0423,1,2.69,1.0346,1006,0
SPY190807P288,2019-08-05,2019-08-05 09:41:28,2.7,1.0384,18,2.68,1.0307,8,2.71,1.0423,1,2.69,1.0346,1006,0
SPY190807P288,2019-08-05,2019-08-05 09:41:29,2.71,1.0423,46,2.68,1.0307,5,2.71,1.0423,1,2.695,1.0365,1006,0
SPY190807P288,2019-08-05,2019-08-05 09:41:29,2.7,1.0384,114,2.66,1.023,12,2.71,1.0423,1,2.68,1.0307,1006,0
SPY190807P288,2019-08-05,2019-08-05 09:41:30,2.7,1.0384,114,2.66,1.023,100,2.71,1.0423,1,2.68,1.0307,1006,0
SPY190807P288,2019-08-05,2019-08-05 09:41:30,2.69,1.0346,95,2.66,1.023,80,2.71,1.0423,1,2.675,1.0288,1006,0
SPY190807P288,2019-08-05,2019-08-05 09:41:31,2.69,1.0346,55,2.65,1.0192,181,2.71,1.0423,1,2.67,1.0269,1006,0
SPY190807P288,2019-08-05,2019-08-05 09:41:31,2.7,1.0384,116,2.66,1.023,11,2.71,1.0423,1,2.68,1.0307,1006,0
SPY190807P288,2019-08-05,2019-08-05 09:41:32,2.7,1.0384,96,2.66,1.023,244,2.71,1.0423,1,2.68,1.0307,1006,0
SPY190807P288,2019-08-05,2019-08-05 09:41:32,2.7,1.0384,96,2.65,1.0192,5,2.71,1.0423,1,2.675,1.0288,1006,0
SPY190807P288,2019-08-05,2019-08-05 09:41:33,2.69,1.0346,121,2.65,1.0192,42,2.71,1.0423,1,2.67,1.0269,1006,0
SPY190807P288,2019-08-05,2019-08-05 09:41:33,2.69,1.0346,121,2.64,1.0153,306,2.71,1.0423,1,2.665,1.025,1006,0
SPY190807P288,2019-08-05,2019-08-05 09:41:34,2.69,1.0346,16,2.65,1.0192,42,2.71,1.0423,1,2.67,1.0269,1006,0
SPY190807P288,2019-08-05,2019-08-05 09:41:34,2.69,1.0346,16,2.65,1.0192,231,2.71,1.0423,1,2.67,1.0269,1006,0
SPY190807P288,2019-08-05,2019-08-05 09:41:35,2.69,1.0346,153,2.65,1.0192,78,2.71,1.0423,1,2.67,1.0269,1006,0
SPY190807P288,2019-08-05,2019-08-05 09:41:36,2.71,1.0423,55,2.67,1.0269,100,2.71,1.0423,1,2.69,1.0346,1006,0
SPY190807P288,2019-08-05,2019-08-05 09:41:36,2.71,1.0423,191,2.66,1.023,110,2.71,1.0423,1,2.685,1.0326,1006,0
SPY190807P288,2019-08-05,2019-08-05 09:41:37,2.7,1.0384,55,2.66,1.023,13,2.71,1.0423,1,2.68,1.0307,1006,0
SPY190807P288,2019-08-05,2019-08-05 09:41:37,2.71,1.0423,121,2.67,1.0269,5,2.71,1.0423,1,2.69,1.0346,1006,0
SPY190807P288,2019-08-05,2019-08-05 09:41:38,2.71,1.0423,121,2.67,1.0269,263,2.71,1.0423,1,2.69,1.0346,1006,0
SPY190807P288,2019-08-05,2019-08-05 09:41:38,2.72,1.0461,5,2.68,1.0307,195,2.71,1.0423,1,2.7,1.0384,1006,0
SPY190807P288,2019-08-05,2019-08-05 09:41:39,2.73,1.05,114,2.68,1.0307,25,2.71,1.0423,1,2.705,1.0403,1006,0
SPY190807P288,2019-08-05,2019-08-05 09:41:39,2.73,1.05,11,2.68,1.0307,297,2.71,1.0423,1,2.705,1.0403,1006,0
SPY190807P288,2019-08-05,2019-08-05 09:41:40,2.72,1.0461,121,2.67,1.0269,95,2.71,1.0423,1,2.695,1.0365,1006,0
SPY190807P288,2019-08-05,2019-08-05 09:41:40,2.71,1.0423,88,2.67,1.0269,195,2.71,1.0423,1,2.69,1.0346,1006,0
SPY190807P288,2019-08-05,2019-08-05 09:41:41,2.71,1.0423,71,2.67,1.0269,95,2.71,1.0423,1,2.69,1.0346,1006,0
SPY190807P288,2019-08-05,2019-08-05 09:41:41,2.72,1.0461,99,2.67,1.0269,95,2.71,1.0423,1,2.695,1.0365,1006,0
SPY190807P288,2019-08-05,2019-08-05 09:41:42,2.71,1.0423,91,2.67,1.0269,214,2.71,1.0423,1,2.69,1.0346,1006,0
SPY190807P288,2019-08-05,2019-08-05 09:41:42,2.71,1.0423,21,2.67,1.0269,210,2.71,1.0423,1,2.69,1.0346,1006,0
SPY190807P288,2019-08-05,2019-08-05 09:41:43,2.72,1.0461,82,2.68,1.0307,202,2.71,1.0423,1,2.7,1.0384,1006,0
SPY190807P288,2019-08-05,2019-08-05 09:41:43,2.72,1.0461,25,2.68,1.0307,219,2.71,1.0423,1,2.7,1.0384,1006,0
SPY190807P288,2019-08-05,2019-08-05 09:41:44,2.71,1.0423,16,2.68,1.0307,237,2.71,1.0423,1,2.695,1.0365,1006,0
SPY190807P288,2019-08-05,2019-08-05 09:41:45,2.73,1.05,55,2.7,1.0384,100,2.71,1.0423,1,2.715,1.0442,1006,0
SPY190807P288,2019-08-05,2019-08-05 09:41:45,2.72,1.0461,70,2.69,1.0346,5,2.71,1.0423,1,2.705,1.0403,1006,0
SPY190807P288,2019-08-05,2019-08-05 09:41:46,2.73,1.05,55,2.7,1.0384,134,2.71,1.0423,1,2.715,1.0442,1006,0
SPY190807P288,2019-08-05,2019-08-05 09:41:46,2.74,1.0538,106,2.7,1.0384,166,2.71,1.0423,1,2.72,1.0461,1006,0
SPY190807P288,2019-08-05,2019-08-05 09:41:47,2.77,1.0653,121,2.71,1.0423,193,2.71,1.0423,1,2.74,1.0538,1006,0
SPY190807P288,2019-08-05,2019-08-05 09:41:47,2.74,1.0538,106,2.71,1.0423,174,2.71,1.0423,1,2.725,1.048,1006,0
SPY190807P288,2019-08-05,2019-08-05 09:41:48,2.75,1.0576,79,2.71,1.0423,210,2.71,1.0423,1,2.73,1.05,1006,0
SPY190807P288,2019-08-05,2019-08-05 09:41:49,2.75,1.0576,76,2.71,1.0423,210,2.71,1.0423,1,2.73,1.05,1006,0
SPY190807P288,2019-08-05,2019-08-05 09:41:49,2.75,1.0576,44,2.72,1.0461,180,2.71,1.0423,1,2.735,1.0519,1006,0
SPY190807P288,2019-08-05,2019-08-05 09:41:50,2.77,1.0653,130,2.74,1.0538,100,2.71,1.0423,1,2.755,1.0596,1006,0
SPY190807P288,2019-08-05,2019-08-05 09:41:50,2.75,1.0576,75,2.72,1.0461,175,2.71,1.0423,1,2.735,1.0519,1006,0
SPY190807P288,2019-08-05,2019-08-05 09:41:51,2.77,1.0653,130,2.74,1.0538,100,2.71,1.0423,1,2.755,1.0596,1006,0
SPY190807P288,2019-08-05,2019-08-05 09:41:51,2.77,1.0653,111,2.74,1.0538,100,2.71,1.0423,1,2.755,1.0596,1006,0
SPY190807P288,2019-08-05,2019-08-05 09:41:52,2.81,1.0807,7,2.77,1.0653,197,2.71,1.0423,1,2.79,1.073,1006,0
SPY190807P288,2019-08-05,2019-08-05 09:41:52,2.77,1.0653,111,2.74,1.0538,5,2.71,1.0423,1,2.755,1.0596,1006,0
SPY190807P288,2019-08-05,2019-08-05 09:41:53,2.82,1.0846,56,2.76,1.0615,44,2.71,1.0423,1,2.79,1.073,1006,0
SPY190807P288,2019-08-05,2019-08-05 09:41:53,2.82,1.0846,60,2.78,1.0692,100,2.71,1.0423,1,2.8,1.0769,1006,0
SPY190807P288,2019-08-05,2019-08-05 09:41:54,2.81,1.0807,13,2.78,1.0692,180,2.71,1.0423,1,2.795,1.075,1006,0
SPY190807P288,2019-08-05,2019-08-05 09:41:54,2.82,1.0846,44,2.79,1.073,100,2.71,1.0423,1,2.805,1.0788,1006,0
SPY190807P288,2019-08-05,2019-08-05 09:41:55,2.81,1.0807,13,2.78,1.0692,67,2.71,1.0423,1,2.795,1.075,1006,0
SPY190807P288,2019-08-05,2019-08-05 09:41:55,2.81,1.0807,13,2.77,1.0653,100,2.71,1.0423,1,2.79,1.073,1006,0
SPY190807P288,2019-08-05,2019-08-05 09:41:56,2.81,1.0807,44,2.78,1.0692,155,2.71,1.0423,1,2.795,1.075,1006,0
SPY190807P288,2019-08-05,2019-08-05 09:41:57,2.82,1.0846,117,2.78,1.0692,170,2.71,1.0423,1,2.8,1.0769,1006,0
SPY190807P288,2019-08-05,2019-08-05 09:41:57,2.82,1.0846,44,2.77,1.0653,54,2.71,1.0423,1,2.795,1.075,1006,0
SPY190807P288,2019-08-05,2019-08-05 09:41:58,2.81,1.0807,113,2.76,1.0615,193,2.71,1.0423,1,2.785,1.0711,1006,0
SPY190807P288,2019-08-05,2019-08-05 09:41:58,2.8,1.0769,14,2.76,1.0615,100,2.71,1.0423,1,2.78,1.0692,1006,0
SPY190807P288,2019-08-05,2019-08-05 09:41:59,2.8,1.0769,14,2.77,1.0653,185,2.71,1.0423,1,2.785,1.0711,1006,0
SPY190807P288,2019-08-05,2019-08-05 09:41:59,2.8,1.0769,14,2.77,1.0653,100,2.71,1.0423,1,2.785,1.0711,1006,0
SPY190807P288,2019-08-05,2019-08-05 09:42:00,2.8,1.0769,21,2.78,1.0692,5,2.71,1.0423,1,2.79,1.073,1006,0
SPY190807P288,2019-08-05,2019-08-05 09:42:00,2.8,1.0769,16,2.77,1.0653,200,2.71,1.0423,1,2.785,1.0711,1006,0
SPY190807P288,2019-08-05,2019-08-05 09:42:01,2.8,1.0769,21,2.78,1.0692,10,2.71,1.0423,1,2.79,1.073,1006,0
SPY190807P288,2019-08-05,2019-08-05 09:42:01,2.8,1.0769,21,2.78,1.0692,5,2.71,1.0423,1,2.79,1.073,1006,0
SPY190807P288,2019-08-05,2019-08-05 09:42:02,2.82,1.0846,79,2.78,1.0692,100,2.71,1.0423,1,2.8,1.0769,1006,0
SPY190807P288,2019-08-05,2019-08-05 09:42:02,2.81,1.0807,16,2.78,1.0692,95,2.71,1.0423,1,2.795,1.075,1006,0
SPY190807P288,2019-08-05,2019-08-05 09:42:03,2.81,1.0807,16,2.79,1.073,1,2.71,1.0423,1,2.8,1.0769,1006,0
SPY190807P288,2019-08-05,2019-08-05 09:42:03,2.81,1.0807,16,2.78,1.0692,114,2.71,1.0423,1,2.795,1.075,1006,0
SPY190807P288,2019-08-05,2019-08-05 09:42:04,2.83,1.0884,113,2.78,1.0692,220,2.71,1.0423,1,2.805,1.0788,1006,0
SPY190807P288,2019-08-05,2019-08-05 09:42:04,2.81,1.0807,16,2.78,1.0692,220,2.71,1.0423,1,2.795,1.075,1006,0
SPY190807P288,2019-08-05,2019-08-05 09:42:05,2.83,1.0884,44,2.79,1.073,100,2.71,1.0423,1,2.81,1.0807,1006,0
SPY190807P288,2019-08-05,2019-08-05 09:42:05,2.83,1.0884,116,2.79,1.073,156,2.71,1.0423,1,2.81,1.0807,1006,0
SPY190807P288,2019-08-05,2019-08-05 09:42:06,2.83,1.0884,44,2.8,1.0769,100,2.71,1.0423,1,2.815,1.0826,1006,0
SPY190807P288,2019-08-05,2019-08-05 09:42:06,2.84,1.0923,144,2.79,1.073,157,2.71,1.0423,1,2.815,1.0826,1006,0
SPY190807P288,2019-08-05,2019-08-05 09:42:07,2.83,1.0884,63,2.79,1.073,214,2.71,1.0423,1,2.81,1.0807,1006,0
SPY190807P288,2019-08-05,2019-08-05 09:42:08,2.83,1.0884,44,2.8,1.0769,49,2.71,1.0423,1,2.815,1.0826,1006,0
SPY190807P288,2019-08-05,2019-08-05 09:42:08,2.83,1.0884,44,2.8,1.0769,29,2.71,1.0423,1,2.815,1.0826,1006,0
SPY190807P288,2019-08-05,2019-08-05 09:42:09,2.82,1.0846,78,2.78,1.0692,119,2.81,1.0807,10,2.8,1.0769,1016,10
SPY190807P288,2019-08-05,2019-08-05 09:42:09,2.83,1.0884,44,2.79,1.073,207,2.71,1.0423,1,2.81,1.0807,1006,0
SPY190807P288,2019-08-05,2019-08-05 09:42:10,2.83,1.0884,44,2.79,1.073,213,2.81,1.0807,10,2.81,1.0807,1016,0
SPY190807P288,2019-08-05,2019-08-05 09:42:10,2.83,1.0884,44,2.79,1.073,125,2.81,1.0807,10,2.81,1.0807,1016,0
SPY190807P288,2019-08-05,2019-08-05 09:42:11,2.83,1.0884,44,2.79,1.073,193,2.81,1.0807,10,2.81,1.0807,1016,0
SPY190807P288,2019-08-05,2019-08-05 09:42:11,2.85,1.0961,103,2.81,1.0807,100,2.81,1.0807,10,2.83,1.0884,1016,0
SPY190807P288,2019-08-05,2019-08-05 09:42:12,2.85,1.0961,16,2.82,1.0846,90,2.81,1.0807,10,2.835,1.0903,1016,0
SPY190807P288,2019-08-05,2019-08-05 09:42:12,2.86,1.1,145,2.82,1.0846,73,2.81,1.0807,10,2.84,1.0923,1016,0
SPY190807P288,2019-08-05,2019-08-05 09:42:13,2.86,1.1,111,2.81,1.0807,168,2.81,1.0807,10,2.835,1.0903,1016,0
SPY190807P288,2019-08-05,2019-08-05 09:42:13,2.85,1.0961,7,2.81,1.0807,63,2.81,1.0807,10,2.83,1.0884,1016,0
SPY190807P288,2019-08-05,2019-08-05 09:42:14,2.86,1.1,65,2.82,1.0846,119,2.86,1.1,1,2.84,1.0923,1019,3
SPY190807P288,2019-08-05,2019-08-05 09:42:14,2.87,1.1038,5,2.8,1.0769,33,2.81,1.0807,10,2.835,1.0903,1016,0
SPY190807P288,2019-08-05,2019-08-05 09:42:15,2.86,1.1,65,2.82,1.0846,137,2.86,1.1,1,2.84,1.0923,1019,0
SPY190807P288,2019-08-05,2019-08-05 09:42:15,2.86,1.1,65,2.82,1.0846,115,2.86,1.1,1,2.84,1.0923,1019,0
SPY190807P288,2019-08-05,2019-08-05 09:42:16,2.87,1.1038,117,2.82,1.0846,111,2.86,1.1,1,2.845,1.0942,1019,0
SPY190807P288,2019-08-05,2019-08-05 09:42:16,2.87,1.1038,117,2.83,1.0884,21,2.86,1.1,1,2.85,1.0961,1019,0
SPY190807P288,2019-08-05,2019-08-05 09:42:17,2.86,1.1,46,2.83,1.0884,21,2.86,1.1,1,2.845,1.0942,1019,0
SPY190807P288,2019-08-05,2019-08-05 09:42:17,2.86,1.1,46,2.81,1.0807,100,2.86,1.1,1,2.835,1.0903,1019,0
SPY190807P288,2019-08-05,2019-08-05 09:42:18,2.86,1.1,106,2.82,1.0846,187,2.86,1.1,1,2.84,1.0923,1019,0
SPY190807P288,2019-08-05,2019-08-05 09:42:18,2.86,1.1,106,2.82,1.0846,193,2.86,1.1,1,2.84,1.0923,1019,0
SPY190807P288,2019-08-05,2019-08-05 09:42:19,2.86,1.1,106,2.83,1.0884,21,2.86,1.1,1,2.845,1.0942,1019,0
SPY190807P288,2019-08-05,2019-08-05 09:42:20,2.85,1.0961,21,2.81,1.0807,119,2.85,1.0961,1,2.83,1.0884,1020,1
SPY190807P288,2019-08-05,2019-08-05 09:42:20,2.85,1.0961,9,2.8,1.0769,232,2.85,1.0961,1,2.825,1.0865,1020,0
SPY190807P288,2019-08-05,2019-08-05 09:42:21,2.83,1.0884,5,2.79,1.073,11,2.85,1.0961,1,2.81,1.0807,1020,0
SPY190807P288,2019-08-05,2019-08-05 09:42:21,2.83,1.0884,93,2.79,1.073,96,2.85,1.0961,1,2.81,1.0807,1020,0
SPY190807P288,2019-08-05,2019-08-05 09:42:22,2.84,1.0923,245,2.8,1.0769,16,2.85,1.0961,1,2.82,1.0846,1020,0
SPY190807P288,2019-08-05,2019-08-05 09:42:22,2.85,1.0961,5,2.79,1.073,105,2.85,1.0961,1,2.82,1.0846,1020,0
SPY190807P288,2019-08-05,2019-08-05 09:42:23,2.83,1.0884,16,2.78,1.0692,219,2.85,1.0961,1,2.805,1.0788,1020,0
SPY190807P288,2019-08-05,2019-08-05 09:42:23,2.83,1.0884,16,2.78,1.0692,103,2.85,1.0961,1,2.805,1.0788,1020,0
SPY190807P288,2019-08-05,2019-08-05 09:42:24,2.8,1.0769,2,2.76,1.0615,204,2.85,1.0961,1,2.78,1.0692,1020,0
SPY190807P288,2019-08-05,2019-08-05 09:42:24,2.8,1.0769,23,2.76,1.0615,204,2.85,1.0961,1,2.78,1.0692,1020,0
SPY190807P288,2019-08-05,2019-08-05 09:42:25,2.8,1.0769,2,2.76,1.0615,214,2.85,1.0961,1,2.78,1.0692,1020,0
SPY190807P288,2019-08-05,2019-08-05 09:42:25,2.8,1.0769,2,2.77,1.0653,100,2.85,1.0961,1,2.785,1.0711,1020,0
SPY190807P288,2019-08-05,2019-08-05 09:42:26,2.8,1.0769,23,2.77,1.0653,65,2.85,1.0961,1,2.785,1.0711,1020,0
SPY190807P288,2019-08-05,2019-08-05 09:42:27,2.8,1.0769,23,2.77,1.0653,15,2.85,1.0961,1,2.785,1.0711,1020,0
SPY190807P288,2019-08-05,2019-08-05 09:42:27,2.8,1.0769,44,2.75,1.0576,113,2.85,1.0961,1,2.775,1.0673,1020,0
SPY190807P288,2019-08-05,2019-08-05 09:42:28,2.8,1.0769,2,2.77,1.0653,188,2.85,1.0961,1,2.785,1.0711,1020,0
SPY190807P288,2019-08-05,2019-08-05 09:42:28,2.8,1.0769,170,2.75,1.0576,114,2.85,1.0961,1,2.775,1.0673,1020,0
SPY190807P288,2019-08-05,2019-08-05 09:42:29,2.8,1.0769,2,2.77,1.0653,113,2.85,1.0961,1,2.785,1.0711,1020,0
SPY190807P288,2019-08-05,2019-08-05 09:42:29,2.8,1.0769,2,2.77,1.0653,206,2.85,1.0961,1,2.785,1.0711,1020,0
SPY190807P288,2019-08-05,2019-08-05 09:42:30,2.8,1.0769,2,2.78,1.0692,99,2.85,1.0961,1,2.79,1.073,1020,0
SPY190807P288,2019-08-05,2019-08-05 09:42:31,2.79,1.073,68,2.75,1.0576,217,2.85,1.0961,1,2.77,1.0653,1020,0
SPY190807P288,2019-08-05,2019-08-05 09:42:31,2.8,1.0769,2,2.75,1.0576,212,2.85,1.0961,1,2.775,1.0673,1020,0
SPY190807P288,2019-08-05,2019-08-05 09:42:32,2.8,1.0769,2,2.76,1.0615,21,2.85,1.0961,1,2.78,1.0692,1020,0
SPY190807P288,2019-08-05,2019-08-05 09:42:33,2.8,1.0769,2,2.77,1.0653,99,2.85,1.0961,1,2.785,1.0711,1020,0
SPY190807P288,2019-08-05,2019-08-05 09:42:33,2.8,1.0769,21,2.77,1.0653,94,2.85,1.0961,1,2.785,1.0711,1020,0
SPY190807P288,2019-08-05,2019-08-05 09:42:34,2.8,1.0769,50,2.78,1.0692,24,2.85,1.0961,1,2.79,1.073,1020,0
SPY190807P288,2019-08-05,2019-08-05 09:42:34,2.8,1.0769,21,2.77,1.0653,83,2.85,1.0961,1,2.785,1.0711,1020,0
SPY190807P288,2019-08-05,2019-08-05 09:42:35,2.8,1.0769,2,2.78,1.0692,149,2.79,1.073,1,2.79,1.073,1021,1
SPY190807P288,2019-08-05,2019-08-05 09:42:35,2.8,1.0769,50,2.78,1.0692,24,2.85,1.0961,1,2.79,1.073,1020,0
SPY190807P288,2019-08-05,2019-08-05 09:42:36,2.82,1.0846,21,2.79,1.073,105,2.8,1.0769,2,2.805,1.0788,1023,2
SPY190807P288,2019-08-05,2019-08-05 09:42:36,2.83,1.0884,47,2.79,1.073,210,2.8,1.0769,2,2.81,1.0807,1023,0
SPY190807P288,2019-08-05,2019-08-05 09:42:37,2.85,1.0961,88,2.81,1.0807,103,2.8,1.0769,2,2.83,1.0884,1023,0
SPY190807P288,2019-08-05,2019-08-05 09:42:37,2.85,1.0961,21,2.8,1.0769,231,2.8,1.0769,2,2.825,1.0865,1023,0
SPY190807P288,2019-08-05,2019-08-05 09:42:38,2.85,1.0961,21,2.82,1.0846,159,2.8,1.0769,2,2.835,1.0903,1023,0
SPY190807P288,2019-08-05,2019-08-05 09:42:38,2.85,1.0961,88,2.81,1.0807,203,2.8,1.0769,2,2.83,1.0884,1023,0
SPY190807P288,2019-08-05,2019-08-05 09:42:39,2.85,1.0961,21,2.82,1.0846,158,2.8,1.0769,2,2.835,1.0903,1023,0
SPY190807P288,2019-08-05,2019-08-05 09:42:39,2.85,1.0961,2,2.81,1.0807,183,2.8,1.0769,2,2.83,1.0884,1023,0
SPY190807P288,2019-08-05,2019-08-05 09:42:40,2.85,1.0961,2,2.81,1.0807,119,2.8,1.0769,2,2.83,1.0884,1023,0
SPY190807P288,2019-08-05,2019-08-05 09:42:41,2.85,1.0961,2,2.81,1.0807,173,2.8,1.0769,2,2.83,1.0884,1023,0
SPY190807P288,2019-08-05,2019-08-05 09:42:42,2.84,1.0923,16,2.83,1.0884,1,2.8,1.0769,2,2.835,1.0903,1023,0
SPY190807P288,2019-08-05,2019-08-05 09:42:42,2.85,1.0961,103,2.81,1.0807,173,2.8,1.0769,2,2.83,1.0884,1023,0
SPY190807P288,2019-08-05,2019-08-05 09:42:43,2.83,1.0884,1,2.8,1.0769,192,2.83,1.0884,1,2.815,1.0826,1024,0
SPY190807P288,2019-08-05,2019-08-05 09:42:43,2.84,1.0923,62,2.8,1.0769,192,2.83,1.0884,1,2.82,1.0846,1024,1
SPY190807P288,2019-08-05,2019-08-05 09:42:44,2.83,1.0884,16,2.8,1.0769,169,2.83,1.0884,1,2.815,1.0826,1024,0
SPY190807P288,2019-08-05,2019-08-05 09:42:44,2.83,1.0884,16,2.8,1.0769,195,2.83,1.0884,1,2.815,1.0826,1024,0
SPY190807P288,2019-08-05,2019-08-05 09:42:45,2.83,1.0884,71,2.79,1.073,204,2.83,1.0884,1,2.81,1.0807,1024,0
SPY190807P288,2019-08-05,2019-08-05 09:42:45,2.83,1.0884,92,2.8,1.0769,21,2.83,1.0884,1,2.815,1.0826,1024,0
SPY190807P288,2019-08-05,2019-08-05 09:42:46,2.82,1.0846,97,2.78,1.0692,193,2.83,1.0884,1,2.8,1.0769,1024,0
SPY190807P288,2019-08-05,2019-08-05 09:42:46,2.83,1.0884,75,2.8,1.0769,36,2.83,1.0884,1,2.815,1.0826,1024,0
SPY190807P288,2019-08-05,2019-08-05 09:42:47,2.82,1.0846,97,2.79,1.073,16,2.83,1.0884,1,2.805,1.0788,1024,0
SPY190807P288,2019-08-05,2019-08-05 09:42:47,2.82,1.0846,104,2.79,1.073,28,2.83,1.0884,1,2.805,1.0788,1024,0
SPY190807P288,2019-08-05,2019-08-05 09:42:48,2.84,1.0923,72,2.8,1.0769,123,2.83,1.0884,1,2.82,1.0846,1024,0
SPY190807P288,2019-08-05,2019-08-05 09:42:48,2.84,1.0923,72,2.8,1.0769,186,2.83,1.0884,1,2.82,1.0846,1024,0
SPY190807P288,2019-08-05,2019-08-05 09:42:49,2.84,1.0923,43,2.81,1.0807,171,2.83,1.0884,1,2.825,1.0865,1024,0
SPY190807P288,2019-08-05,2019-08-05 09:42:49,2.84,1.0923,72,2.81,1.0807,111,2.83,1.0884,1,2.825,1.0865,1024,0
SPY190807P288,2019-08-05,2019-08-05 09:42:50,2.84,1.0923,43,2.82,1.0846,111,2.83,1.0884,1,2.83,1.0884,1024,0
SPY190807P288,2019-08-05,2019-08-05 09:42:50,2.84,1.0923,3,2.83,1.0884,16,2.84,1.0923,3,2.835,1.0903,1027,3
SPY190807P288,2019-08-05,2019-08-05 09:42:51,2.84,1.0923,3,2.83,1.0884,21,2.84,1.0923,3,2.835,1.0903,1027,0
SPY190807P288,2019-08-05,2019-08-05 09:42:51,2.87,1.1038,21,2.84,1.0923,156,2.85,1.0961,2,2.855,1.098,1031,4
SPY190807P288,2019-08-05,2019-08-05 09:42:52,2.87,1.1038,21,2.84,1.0923,161,2.85,1.0961,2,2.855,1.098,1031,0
SPY190807P288,2019-08-05,2019-08-05 09:42:53,2.89,1.1115,173,2.84,1.0923,198,2.85,1.0961,2,2.865,1.1019,1031,0
SPY190807P288,2019-08-05,2019-08-05 09:42:53,2.89,1.1115,121,2.85,1.0961,173,2.85,1.0961,2,2.87,1.1038,1031,0
SPY190807P288,2019-08-05,2019-08-05 09:42:54,2.89,1.1115,121,2.85,1.0961,173,2.85,1.0961,2,2.87,1.1038,1031,0
SPY190807P288,2019-08-05,2019-08-05 09:42:55,2.89,1.1115,95,2.86,1.1,16,2.85,1.0961,2,2.875,1.1057,1031,0
SPY190807P288,2019-08-05,2019-08-05 09:42:55,2.89,1.1115,95,2.86,1.1,26,2.85,1.0961,2,2.875,1.1057,1031,0
SPY190807P288,2019-08-05,2019-08-05 09:42:56,2.88,1.1076,16,2.85,1.0961,106,2.85,1.0961,2,2.865,1.1019,1031,0
SPY190807P288,2019-08-05,2019-08-05 09:42:56,2.89,1.1115,68,2.86,1.1,18,2.85,1.0961,2,2.875,1.1057,1031,0
SPY190807P288,2019-08-05,2019-08-05 09:42:57,2.92,1.123,134,2.87,1.1038,121,2.89,1.1115,1,2.895,1.1134,1032,1
SPY190807P288,2019-08-05,2019-08-05 09:42:57,2.89,1.1115,1,2.86,1.1,196,2.85,1.0961,2,2.875,1.1057,1031,0
SPY190807P288,2019-08-05,2019-08-05 09:42:58,2.91,1.1192,10,2.88,1.1076,199,2.89,1.1115,1,2.895,1.1134,1032,0
SPY190807P288,2019-08-05,2019-08-05 09:42:58,2.91,1.1192,72,2.88,1.1076,71,2.89,1.1115,1,2.895,1.1134,1032,0
SPY190807P288,2019-08-05,2019-08-05 09:42:59,2.91,1.1192,8,2.88,1.1076,108,2.89,1.1115,1,2.895,1.1134,1032,0
SPY190807P288,2019-08-05,2019-08-05 09:42:59,2.91,1.1192,10,2.89,1.1115,21,2.89,1.1115,1,2.9,1.1153,1032,0
SPY190807P288,2019-08-05,2019-08-05 09:43:00,2.91,1.1192,5,2.88,1.1076,5,2.89,1.1115,1,2.895,1.1134,1032,0
SPY190807P288,2019-08-05,2019-08-05 09:43:00,2.92,1.123,225,2.88,1.1076,111,2.89,1.1115,1,2.9,1.1153,1032,0
SPY190807P288,2019-08-05,2019-08-05 09:43:01,2.91,1.1192,5,2.87,1.1038,16,2.89,1.1115,1,2.89,1.1115,1032,0
SPY190807P288,2019-08-05,2019-08-05 09:43:01,2.91,1.1192,82,2.86,1.1,110,2.89,1.1115,1,2.885,1.1096,1032,0
SPY190807P288,2019-08-05,2019-08-05 09:43:02,2.91,1.1192,236,2.87,1.1038,69,2.89,1.1115,1,2.89,1.1115,1032,0
SPY190807P288,2019-08-05,2019-08-05 09:43:02,2.93,1.1269,5,2.89,1.1115,100,2.89,1.1115,1,2.91,1.1192,1032,0
SPY190807P288,2019-08-05,2019-08-05 09:43:03,2.92,1.123,111,2.89,1.1115,16,2.89,1.1115,1,2.905,1.1173,1032,0
SPY190807P288,2019-08-05,2019-08-05 09:43:03,2.93,1.1269,5,2.89,1.1115,100,2.89,1.1115,1,2.91,1.1192,1032,0
SPY190807P288,2019-08-05,2019-08-05 09:43:04,2.92,1.123,113,2.89,1.1115,63,2.89,1.1115,1,2.905,1.1173,1032,0
SPY190807P288,2019-08-05,2019-08-05 09:43:04,2.92,1.123,113,2.89,1.1115,16,2.89,1.1115,1,2.905,1.1173,1032,0
SPY190807P288,2019-08-05,2019-08-05 09:43:05,2.92,1.123,113,2.89,1.1115,64,2.89,1.1115,1,2.905,1.1173,1032,0
SPY190807P288,2019-08-05,2019-08-05 09:43:05,2.92,1.123,113,2.89,1.1115,69,2.89,1.1115,1,2.905,1.1173,1032,0
SPY190807P288,2019-08-05,2019-08-05 09:43:06,2.92,1.123,113,2.89,1.1115,64,2.89,1.1115,1,2.905,1.1173,1032,0
SPY190807P288,2019-08-05,2019-08-05 09:43:06,2.92,1.123,113,2.89,1.1115,60,2.89,1.1115,1,2.905,1.1173,1032,0
SPY190807P288,2019-08-05,2019-08-05 09:43:07,2.92,1.123,110,2.89,1.1115,51,2.89,1.1115,1,2.905,1.1173,1032,0
SPY190807P288,2019-08-05,2019-08-05 09:43:07,2.92,1.123,113,2.89,1.1115,60,2.89,1.1115,1,2.905,1.1173,1032,0
SPY190807P288,2019-08-05,2019-08-05 09:43:08,2.91,1.1192,1,2.87,1.1038,25,2.89,1.1115,1,2.89,1.1115,1032,0
SPY190807P288,2019-08-05,2019-08-05 09:43:09,2.91,1.1192,5,2.87,1.1038,96,2.89,1.1115,1,2.89,1.1115,1032,0
SPY190807P288,2019-08-05,2019-08-05 09:43:09,2.91,1.1192,5,2.87,1.1038,193,2.89,1.1115,1,2.89,1.1115,1032,0
SPY190807P288,2019-08-05,2019-08-05 09:43:10,2.92,1.123,121,2.88,1.1076,106,2.89,1.1115,1,2.9,1.1153,1032,0
SPY190807P288,2019-08-05,2019-08-05 09:43:10,2.92,1.123,113,2.86,1.1,100,2.89,1.1115,1,2.89,1.1115,1032,0
SPY190807P288,2019-08-05,2019-08-05 09:43:11,2.91,1.1192,113,2.87,1.1038,118,2.89,1.1115,1,2.89,1.1115,1032,0
SPY190807P288,2019-08-05,2019-08-05 09:43:11,2.91,1.1192,113,2.87,1.1038,125,2.89,1.1115,1,2.89,1.1115,1032,0
SPY190807P288,2019-08-05,2019-08-05 09:43:12,2.91,1.1192,113,2.88,1.1076,28,2.89,1.1115,1,2.895,1.1134,1032,0
SPY190807P288,2019-08-05,2019-08-05 09:43:12,2.91,1.1192,113,2.87,1.1038,213,2.89,1.1115,1,2.89,1.1115,1032,0
SPY190807P288,2019-08-05,2019-08-05 09:43:13,2.9,1.1153,5,2.88,1.1076,28,2.89,1.1115,1,2.89,1.1115,1032,0
SPY190807P288,2019-08-05,2019-08-05 09:43:13,2.91,1.1192,145,2.87,1.1038,16,2.89,1.1115,1,2.89,1.1115,1032,0
SPY190807P288,2019-08-05,2019-08-05 09:43:14,2.91,1.1192,71,2.87,1.1038,76,2.89,1.1115,1,2.89,1.1115,1032,0
SPY190807P288,2019-08-05,2019-08-05 09:43:14,2.91,1.1192,145,2.87,1.1038,101,2.89,1.1115,1,2.89,1.1115,1032,0
SPY190807P288,2019-08-05,2019-08-05 09:43:15,2.89,1.1115,8,2.86,1.1,23,2.89,1.1115,1,2.875,1.1057,1032,0
SPY190807P288,2019-08-05,2019-08-05 09:43:15,2.89,1.1115,152,2.86,1.1,23,2.89,1.1115,1,2.875,1.1057,1032,0
SPY190807P288,2019-08-05,2019-08-05 09:43:16,2.89,1.1115,152,2.86,1.1,21,2.89,1.1115,2,2.875,1.1057,1034,2
SPY190807P288,2019-08-05,2019-08-05 09:43:16,2.89,1.1115,152,2.84,1.0923,100,2.89,1.1115,2,2.865,1.1019,1034,0
SPY190807P288,2019-08-05,2019-08-05 09:43:17,2.89,1.1115,152,2.88,1.1076,2,2.89,1.1115,2,2.885,1.1096,1038,4
SPY190807P288,2019-08-05,2019-08-05 09:43:17,2.89,1.1115,152,2.86,1.1,27,2.89,1.1115,2,2.875,1.1057,1034,0
SPY190807P288,2019-08-05,2019-08-05 09:43:18,2.91,1.1192,1,2.87,1.1038,188,2.89,1.1115,2,2.89,1.1115,1038,0
SPY190807P288,2019-08-05,2019-08-05 09:43:18,2.91,1.1192,1,2.88,1.1076,2,2.89,1.1115,2,2.895,1.1134,1038,0
SPY190807P288,2019-08-05,2019-08-05 09:43:19,2.91,1.1192,1,2.87,1.1038,236,2.9,1.1153,2,2.89,1.1115,1040,0
SPY190807P288,2019-08-05,2019-08-05 09:43:19,2.91,1.1192,1,2.87,1.1038,193,2.9,1.1153,2,2.89,1.1115,1040,2
