symbol,Date,quote_time,ask_price,norm_ask_price,ask_size,bid_price,norm_bid_price,bid_size,last_trade_price,norm_last_trade_price,last_trade_size,mark_price,norm_mark_price,volume,Volume
SPY190802P301,2019-08-01,2019-08-01 09:30:28,3.57,1.0,5,3.28,0.9187,5,3.44,0.9635,2,3.425,0.9593,18,18
SPY190802P301,2019-08-01,2019-08-01 09:30:31,3.57,1.0,5,3.3,0.9243,5,3.44,0.9635,2,3.435,0.9621,18,0
SPY190802P301,2019-08-01,2019-08-01 09:30:33,3.57,1.0,5,3.3,0.9243,5,3.44,0.9635,2,3.435,0.9621,18,0
SPY190802P301,2019-08-01,2019-08-01 09:30:34,3.57,1.0,5,3.29,0.9215,39,3.44,0.9635,2,3.43,0.9607,18,0
SPY190802P301,2019-08-01,2019-08-01 09:30:35,3.56,0.9971,241,3.29,0.9215,5,3.44,0.9635,2,3.425,0.9593,18,0
SPY190802P301,2019-08-01,2019-08-01 09:30:35,3.55,0.9943,5,3.29,0.9215,5,3.44,0.9635,2,3.42,0.9579,18,0
SPY190802P301,2019-08-01,2019-08-01 09:30:36,3.55,0.9943,5,3.29,0.9215,5,3.44,0.9635,2,3.42,0.9579,18,0
SPY190802P301,2019-08-01,2019-08-01 09:30:37,3.55,0.9943,5,3.29,0.9215,5,3.44,0.9635,2,3.42,0.9579,18,0
SPY190802P301,2019-08-01,2019-08-01 09:30:38,3.55,0.9943,5,3.29,0.9215,5,3.44,0.9635,2,3.42,0.9579,18,0
SPY190802P301,2019-08-01,2019-08-01 09:30:38,3.59,1.0056,5,3.31,0.9271,5,3.44,0.9635,2,3.45,0.9663,18,0
SPY190802P301,2019-08-01,2019-08-01 09:30:39,3.6,1.0084,131,3.32,0.9299,131,3.44,0.9635,2,3.46,0.9691,18,0
SPY190802P301,2019-08-01,2019-08-01 09:30:39,3.6,1.0084,110,3.33,0.9327,77,3.44,0.9635,2,3.465,0.9705,18,0
SPY190802P301,2019-08-01,2019-08-01 09:30:40,3.59,1.0056,5,3.34,0.9355,5,3.44,0.9635,2,3.465,0.9705,18,0
SPY190802P301,2019-08-01,2019-08-01 09:30:40,3.6,1.0084,110,3.33,0.9327,77,3.44,0.9635,2,3.465,0.9705,18,0
SPY190802P301,2019-08-01,2019-08-01 09:30:41,3.59,1.0056,5,3.34,0.9355,5,3.44,0.9635,2,3.465,0.9705,18,0
SPY190802P301,2019-08-01,2019-08-01 09:30:41,3.61,1.0112,5,3.34,0.9355,5,3.44,0.9635,2,3.475,0.9733,18,0
SPY190802P301,2019-08-01,2019-08-01 09:30:42,3.6,1.0084,241,3.25,0.9103,3,3.44,0.9635,2,3.425,0.9593,18,0
SPY190802P301,2019-08-01,2019-08-01 09:30:42,3.59,1.0056,5,3.3,0.9243,5,3.44,0.9635,2,3.445,0.9649,18,0
SPY190802P301,2019-08-01,2019-08-01 09:30:43,3.6,1.0084,50,3.29,0.9215,160,3.44,0.9635,2,3.445,0.9649,18,0
SPY190802P301,2019-08-01,2019-08-01 09:30:44,3.57,1.0,5,3.3,0.9243,5,3.44,0.9635,2,3.435,0.9621,18,0
SPY190802P301,2019-08-01,2019-08-01 09:30:45,3.57,1.0,5,3.3,0.9243,5,3.44,0.9635,2,3.435,0.9621,18,0
SPY190802P301,2019-08-01,2019-08-01 09:30:46,3.53,0.9887,5,3.3,0.9243,5,3.44,0.9635,2,3.415,0.9565,18,0
SPY190802P301,2019-08-01,2019-08-01 09:30:46,3.54,0.9915,10,3.29,0.9215,131,3.44,0.9635,2,3.415,0.9565,18,0
SPY190802P301,2019-08-01,2019-08-01 09:30:47,3.47,0.9719,1,3.3,0.9243,5,3.44,0.9635,2,3.385,0.9481,18,0
SPY190802P301,2019-08-01,2019-08-01 09:30:48,3.47,0.9719,1,3.3,0.9243,5,3.44,0.9635,2,3.385,0.9481,18,0
SPY190802P301,2019-08-01,2019-08-01 09:30:48,3.46,0.9691,5,3.29,0.9215,39,3.44,0.9635,2,3.375,0.9453,18,0
SPY190802P301,2019-08-01,2019-08-01 09:30:49,3.47,0.9719,1,3.26,0.9131,5,3.44,0.9635,2,3.365,0.9425,18,0
SPY190802P301,2019-08-01,2019-08-01 09:30:50,3.47,0.9719,1,3.26,0.9131,3,3.44,0.9635,2,3.365,0.9425,18,0
SPY190802P301,2019-08-01,2019-08-01 09:30:50,3.47,0.9719,1,3.26,0.9131,5,3.44,0.9635,2,3.365,0.9425,18,0
SPY190802P301,2019-08-01,2019-08-01 09:30:51,3.45,0.9663,5,3.27,0.9159,5,3.44,0.9635,2,3.36,0.9411,18,0
SPY190802P301,2019-08-01,2019-08-01 09:30:52,3.46,0.9691,5,3.27,0.9159,5,3.44,0.9635,2,3.365,0.9425,18,0
SPY190802P301,2019-08-01,2019-08-01 09:30:52,3.45,0.9663,5,3.27,0.9159,5,3.44,0.9635,2,3.36,0.9411,18,0
SPY190802P301,2019-08-01,2019-08-01 09:30:53,3.45,0.9663,8,3.29,0.9215,5,3.44,0.9635,2,3.37,0.9439,18,0
SPY190802P301,2019-08-01,2019-08-01 09:30:53,3.46,0.9691,5,3.28,0.9187,5,3.44,0.9635,2,3.37,0.9439,18,0
SPY190802P301,2019-08-01,2019-08-01 09:30:54,3.44,0.9635,5,3.26,0.9131,5,3.44,0.9635,2,3.35,0.9383,18,0
SPY190802P301,2019-08-01,2019-08-01 09:30:54,3.45,0.9663,56,3.27,0.9159,244,3.44,0.9635,2,3.36,0.9411,18,0
SPY190802P301,2019-08-01,2019-08-01 09:30:55,3.47,0.9719,120,3.28,0.9187,120,3.44,0.9635,2,3.375,0.9453,18,0
SPY190802P301,2019-08-01,2019-08-01 09:30:55,3.46,0.9691,5,3.29,0.9215,5,3.44,0.9635,2,3.375,0.9453,18,0
SPY190802P301,2019-08-01,2019-08-01 09:30:56,3.46,0.9691,5,3.29,0.9215,5,3.44,0.9635,2,3.375,0.9453,18,0
SPY190802P301,2019-08-01,2019-08-01 09:30:57,3.46,0.9691,185,3.29,0.9215,103,3.44,0.9635,2,3.375,0.9453,18,0
SPY190802P301,2019-08-01,2019-08-01 09:30:57,3.46,0.9691,5,3.29,0.9215,5,3.44,0.9635,2,3.375,0.9453,18,0
SPY190802P301,2019-08-01,2019-08-01 09:30:58,3.38,0.9467,1,3.3,0.9243,5,3.44,0.9635,2,3.34,0.9355,18,0
SPY190802P301,2019-08-01,2019-08-01 09:30:59,3.38,0.9467,1,3.23,0.9047,10,3.44,0.9635,2,3.305,0.9257,18,0
SPY190802P301,2019-08-01,2019-08-01 09:31:00,3.38,0.9467,1,3.27,0.9159,9,3.44,0.9635,2,3.325,0.9313,18,0
SPY190802P301,2019-08-01,2019-08-01 09:31:00,3.38,0.9467,1,3.29,0.9215,5,3.44,0.9635,2,3.335,0.9341,18,0
SPY190802P301,2019-08-01,2019-08-01 09:31:01,3.38,0.9467,1,3.26,0.9131,10,3.44,0.9635,2,3.32,0.9299,18,0
SPY190802P301,2019-08-01,2019-08-01 09:31:01,3.38,0.9467,1,3.25,0.9103,5,3.44,0.9635,2,3.315,0.9285,18,0
SPY190802P301,2019-08-01,2019-08-01 09:31:02,3.38,0.9467,1,3.28,0.9187,5,3.44,0.9635,2,3.33,0.9327,18,0
SPY190802P301,2019-08-01,2019-08-01 09:31:03,3.38,0.9467,1,3.26,0.9131,6,3.44,0.9635,2,3.32,0.9299,18,0
SPY190802P301,2019-08-01,2019-08-01 09:31:03,3.38,0.9467,1,3.27,0.9159,5,3.44,0.9635,2,3.325,0.9313,18,0
SPY190802P301,2019-08-01,2019-08-01 09:31:04,3.38,0.9467,1,3.28,0.9187,5,3.44,0.9635,2,3.33,0.9327,18,0
SPY190802P301,2019-08-01,2019-08-01 09:31:04,3.38,0.9467,1,3.29,0.9215,5,3.44,0.9635,2,3.335,0.9341,18,0
SPY190802P301,2019-08-01,2019-08-01 09:31:05,3.38,0.9467,1,3.23,0.9047,5,3.44,0.9635,2,3.305,0.9257,18,0
SPY190802P301,2019-08-01,2019-08-01 09:31:05,3.38,0.9467,6,3.23,0.9047,5,3.44,0.9635,2,3.305,0.9257,18,0
SPY190802P301,2019-08-01,2019-08-01 09:31:06,3.38,0.9467,6,3.24,0.9075,6,3.44,0.9635,2,3.31,0.9271,18,0
SPY190802P301,2019-08-01,2019-08-01 09:31:06,3.37,0.9439,5,3.22,0.9019,5,3.44,0.9635,2,3.295,0.9229,18,0
SPY190802P301,2019-08-01,2019-08-01 09:31:07,3.37,0.9439,5,3.25,0.9103,5,3.32,0.9299,1,3.31,0.9271,19,1
SPY190802P301,2019-08-01,2019-08-01 09:31:08,3.38,0.9467,1,3.26,0.9131,5,3.32,0.9299,1,3.32,0.9299,19,0
SPY190802P301,2019-08-01,2019-08-01 09:31:08,3.37,0.9439,5,3.27,0.9159,5,3.32,0.9299,1,3.32,0.9299,19,0
SPY190802P301,2019-08-01,2019-08-01 09:31:09,3.37,0.9439,5,3.24,0.9075,5,3.32,0.9299,1,3.305,0.9257,19,0
SPY190802P301,2019-08-01,2019-08-01 09:31:09,3.38,0.9467,6,3.28,0.9187,5,3.32,0.9299,1,3.33,0.9327,19,0
SPY190802P301,2019-08-01,2019-08-01 09:31:10,3.38,0.9467,1,3.19,0.8935,5,3.32,0.9299,1,3.285,0.9201,19,0
SPY190802P301,2019-08-01,2019-08-01 09:31:10,3.37,0.9439,5,3.25,0.9103,5,3.32,0.9299,1,3.31,0.9271,19,0
SPY190802P301,2019-08-01,2019-08-01 09:31:11,3.37,0.9439,5,3.26,0.9131,5,3.32,0.9299,1,3.315,0.9285,19,0
SPY190802P301,2019-08-01,2019-08-01 09:31:12,3.37,0.9439,5,3.27,0.9159,118,3.3,0.9243,1,3.32,0.9299,20,1
SPY190802P301,2019-08-01,2019-08-01 09:31:12,3.37,0.9439,5,3.28,0.9187,5,3.3,0.9243,1,3.325,0.9313,20,0
SPY190802P301,2019-08-01,2019-08-01 09:31:13,3.37,0.9439,5,3.29,0.9215,5,3.3,0.9243,1,3.33,0.9327,20,0
SPY190802P301,2019-08-01,2019-08-01 09:31:13,3.38,0.9467,6,3.3,0.9243,49,3.3,0.9243,1,3.34,0.9355,20,0
SPY190802P301,2019-08-01,2019-08-01 09:31:14,3.37,0.9439,5,3.3,0.9243,119,3.3,0.9243,1,3.335,0.9341,20,0
SPY190802P301,2019-08-01,2019-08-01 09:31:15,3.38,0.9467,6,3.3,0.9243,119,3.3,0.9243,1,3.34,0.9355,20,0
SPY190802P301,2019-08-01,2019-08-01 09:31:16,3.36,0.9411,5,3.28,0.9187,89,3.3,0.9243,1,3.32,0.9299,20,0
SPY190802P301,2019-08-01,2019-08-01 09:31:18,3.37,0.9439,5,3.29,0.9215,5,3.3,0.9243,1,3.33,0.9327,20,0
SPY190802P301,2019-08-01,2019-08-01 09:31:18,3.37,0.9439,5,3.3,0.9243,5,3.3,0.9243,1,3.335,0.9341,20,0
SPY190802P301,2019-08-01,2019-08-01 09:31:19,3.37,0.9439,5,3.18,0.8907,5,3.3,0.9243,1,3.275,0.9173,20,0
SPY190802P301,2019-08-01,2019-08-01 09:31:20,3.37,0.9439,5,3.19,0.8935,5,3.3,0.9243,1,3.28,0.9187,20,0
SPY190802P301,2019-08-01,2019-08-01 09:31:21,3.37,0.9439,5,3.25,0.9103,5,3.3,0.9243,1,3.31,0.9271,20,0
SPY190802P301,2019-08-01,2019-08-01 09:31:21,3.37,0.9439,5,3.22,0.9019,6,3.3,0.9243,1,3.295,0.9229,20,0
SPY190802P301,2019-08-01,2019-08-01 09:31:22,3.37,0.9439,5,3.26,0.9131,5,3.3,0.9243,1,3.315,0.9285,20,0
SPY190802P301,2019-08-01,2019-08-01 09:31:23,3.37,0.9439,5,3.19,0.8935,5,3.3,0.9243,1,3.28,0.9187,20,0
SPY190802P301,2019-08-01,2019-08-01 09:31:24,3.37,0.9439,8,3.16,0.8851,2,3.3,0.9243,1,3.265,0.9145,20,0
SPY190802P301,2019-08-01,2019-08-01 09:31:25,3.38,0.9467,1,3.14,0.8795,5,3.3,0.9243,1,3.26,0.9131,20,0
SPY190802P301,2019-08-01,2019-08-01 09:31:26,3.38,0.9467,1,3.2,0.8963,6,3.3,0.9243,1,3.29,0.9215,20,0
SPY190802P301,2019-08-01,2019-08-01 09:31:26,3.37,0.9439,10,3.15,0.8823,244,3.3,0.9243,1,3.26,0.9131,20,0
SPY190802P301,2019-08-01,2019-08-01 09:31:27,3.37,0.9439,5,3.21,0.8991,5,3.3,0.9243,1,3.29,0.9215,20,0
SPY190802P301,2019-08-01,2019-08-01 09:31:27,3.37,0.9439,5,3.2,0.8963,5,3.3,0.9243,1,3.285,0.9201,20,0
SPY190802P301,2019-08-01,2019-08-01 09:31:28,3.38,0.9467,2,3.13,0.8767,77,3.3,0.9243,1,3.255,0.9117,20,0
SPY190802P301,2019-08-01,2019-08-01 09:31:28,3.36,0.9411,5,3.13,0.8767,244,3.3,0.9243,1,3.245,0.9089,20,0
SPY190802P301,2019-08-01,2019-08-01 09:31:29,3.34,0.9355,5,3.19,0.8935,5,3.3,0.9243,1,3.265,0.9145,20,0
SPY190802P301,2019-08-01,2019-08-01 09:31:30,3.37,0.9439,5,3.22,0.9019,5,3.3,0.9243,1,3.295,0.9229,20,0
SPY190802P301,2019-08-01,2019-08-01 09:31:30,3.38,0.9467,1,3.14,0.8795,5,3.3,0.9243,1,3.26,0.9131,20,0
SPY190802P301,2019-08-01,2019-08-01 09:31:31,3.36,0.9411,8,3.2,0.8963,6,3.3,0.9243,1,3.28,0.9187,20,0
SPY190802P301,2019-08-01,2019-08-01 09:31:31,3.37,0.9439,1,3.17,0.8879,6,3.3,0.9243,1,3.27,0.9159,20,0
SPY190802P301,2019-08-01,2019-08-01 09:31:32,3.35,0.9383,5,3.2,0.8963,6,3.3,0.9243,1,3.275,0.9173,20,0
SPY190802P301,2019-08-01,2019-08-01 09:31:32,3.36,0.9411,10,3.21,0.8991,5,3.3,0.9243,1,3.285,0.9201,20,0
SPY190802P301,2019-08-01,2019-08-01 09:31:33,3.35,0.9383,5,3.21,0.8991,5,3.3,0.9243,1,3.28,0.9187,20,0
SPY190802P301,2019-08-01,2019-08-01 09:31:33,3.38,0.9467,1,3.15,0.8823,162,3.3,0.9243,1,3.265,0.9145,20,0
SPY190802P301,2019-08-01,2019-08-01 09:31:34,3.38,0.9467,120,3.15,0.8823,50,3.3,0.9243,1,3.265,0.9145,20,0
SPY190802P301,2019-08-01,2019-08-01 09:31:35,3.37,0.9439,5,3.2,0.8963,5,3.3,0.9243,1,3.285,0.9201,20,0
SPY190802P301,2019-08-01,2019-08-01 09:31:35,3.37,0.9439,5,3.2,0.8963,5,3.26,0.9131,1,3.285,0.9201,21,1
SPY190802P301,2019-08-01,2019-08-01 09:31:36,3.35,0.9383,103,3.2,0.8963,103,3.26,0.9131,1,3.275,0.9173,21,0
SPY190802P301,2019-08-01,2019-08-01 09:31:36,3.37,0.9439,5,3.2,0.8963,5,3.26,0.9131,1,3.285,0.9201,21,0
SPY190802P301,2019-08-01,2019-08-01 09:31:37,3.32,0.9299,103,3.22,0.9019,103,3.26,0.9131,1,3.27,0.9159,21,0
SPY190802P301,2019-08-01,2019-08-01 09:31:37,3.34,0.9355,5,3.22,0.9019,5,3.26,0.9131,1,3.28,0.9187,21,0
SPY190802P301,2019-08-01,2019-08-01 09:31:38,3.31,0.9271,100,3.22,0.9019,113,3.26,0.9131,1,3.265,0.9145,21,0
SPY190802P301,2019-08-01,2019-08-01 09:31:39,3.31,0.9271,5,3.19,0.8935,5,3.26,0.9131,1,3.25,0.9103,21,0
SPY190802P301,2019-08-01,2019-08-01 09:31:39,3.38,0.9467,244,3.19,0.8935,5,3.26,0.9131,1,3.285,0.9201,21,0
SPY190802P301,2019-08-01,2019-08-01 09:31:40,3.3,0.9243,5,3.19,0.8935,5,3.26,0.9131,1,3.245,0.9089,21,0
SPY190802P301,2019-08-01,2019-08-01 09:31:40,3.29,0.9215,5,3.19,0.8935,5,3.26,0.9131,1,3.24,0.9075,21,0
SPY190802P301,2019-08-01,2019-08-01 09:31:41,3.27,0.9159,39,3.21,0.8991,56,3.26,0.9131,1,3.24,0.9075,21,0
SPY190802P301,2019-08-01,2019-08-01 09:31:41,3.27,0.9159,20,3.21,0.8991,56,3.26,0.9131,1,3.24,0.9075,21,0
SPY190802P301,2019-08-01,2019-08-01 09:31:42,3.23,0.9047,65,3.17,0.8879,56,3.26,0.9131,1,3.2,0.8963,21,0
SPY190802P301,2019-08-01,2019-08-01 09:31:42,3.23,0.9047,20,3.04,0.8515,23,3.26,0.9131,1,3.135,0.8781,21,0
SPY190802P301,2019-08-01,2019-08-01 09:31:43,3.23,0.9047,20,3.18,0.8907,20,3.26,0.9131,1,3.205,0.8977,21,0
SPY190802P301,2019-08-01,2019-08-01 09:31:44,3.24,0.9075,20,3.17,0.8879,56,3.26,0.9131,1,3.205,0.8977,21,0
SPY190802P301,2019-08-01,2019-08-01 09:31:44,3.23,0.9047,20,3.17,0.8879,20,3.26,0.9131,1,3.2,0.8963,21,0
SPY190802P301,2019-08-01,2019-08-01 09:31:45,3.29,0.9215,5,3.19,0.8935,5,3.24,0.9075,1,3.24,0.9075,22,0
SPY190802P301,2019-08-01,2019-08-01 09:31:45,3.34,0.9355,39,3.02,0.8459,191,3.24,0.9075,1,3.18,0.8907,22,1
SPY190802P301,2019-08-01,2019-08-01 09:31:46,3.29,0.9215,10,3.11,0.8711,10,3.24,0.9075,1,3.2,0.8963,22,0
SPY190802P301,2019-08-01,2019-08-01 09:31:46,3.29,0.9215,10,3.23,0.9047,10,3.24,0.9075,1,3.26,0.9131,22,0
SPY190802P301,2019-08-01,2019-08-01 09:31:47,3.3,0.9243,5,3.24,0.9075,10,3.24,0.9075,1,3.27,0.9159,22,0
SPY190802P301,2019-08-01,2019-08-01 09:31:48,3.27,0.9159,20,3.21,0.8991,52,3.24,0.9075,1,3.24,0.9075,22,0
SPY190802P301,2019-08-01,2019-08-01 09:31:48,3.27,0.9159,20,3.21,0.8991,10,3.24,0.9075,1,3.24,0.9075,22,0
SPY190802P301,2019-08-01,2019-08-01 09:31:49,3.27,0.9159,20,3.22,0.9019,5,3.24,0.9075,1,3.245,0.9089,22,0
SPY190802P301,2019-08-01,2019-08-01 09:31:49,3.27,0.9159,10,3.18,0.8907,113,3.24,0.9075,1,3.225,0.9033,22,0
SPY190802P301,2019-08-01,2019-08-01 09:31:50,3.27,0.9159,10,3.19,0.8935,105,3.24,0.9075,1,3.23,0.9047,22,0
SPY190802P301,2019-08-01,2019-08-01 09:31:50,3.28,0.9187,5,3.2,0.8963,5,3.24,0.9075,1,3.24,0.9075,23,1
SPY190802P301,2019-08-01,2019-08-01 09:31:51,3.29,0.9215,10,3.21,0.8991,20,3.24,0.9075,1,3.25,0.9103,23,0
SPY190802P301,2019-08-01,2019-08-01 09:31:52,3.3,0.9243,10,3.23,0.9047,10,3.24,0.9075,1,3.265,0.9145,23,0
SPY190802P301,2019-08-01,2019-08-01 09:31:52,3.31,0.9271,56,3.24,0.9075,5,3.24,0.9075,1,3.275,0.9173,23,0
SPY190802P301,2019-08-01,2019-08-01 09:31:53,3.33,0.9327,100,3.27,0.9159,5,3.24,0.9075,1,3.3,0.9243,23,0
SPY190802P301,2019-08-01,2019-08-01 09:31:53,3.33,0.9327,20,3.25,0.9103,20,3.24,0.9075,1,3.29,0.9215,23,0
SPY190802P301,2019-08-01,2019-08-01 09:31:54,3.38,0.9467,2,3.17,0.8879,10,3.24,0.9075,1,3.275,0.9173,23,0
SPY190802P301,2019-08-01,2019-08-01 09:31:55,3.35,0.9383,5,3.19,0.8935,6,3.24,0.9075,1,3.27,0.9159,23,0
SPY190802P301,2019-08-01,2019-08-01 09:31:55,3.38,0.9467,1,3.26,0.9131,5,3.24,0.9075,1,3.32,0.9299,23,0
SPY190802P301,2019-08-01,2019-08-01 09:31:56,3.38,0.9467,1,3.16,0.8851,120,3.24,0.9075,1,3.27,0.9159,23,0
SPY190802P301,2019-08-01,2019-08-01 09:31:56,3.49,0.9775,27,3.32,0.9299,5,3.38,0.9467,1,3.405,0.9537,24,1
SPY190802P301,2019-08-01,2019-08-01 09:31:57,3.45,0.9663,10,3.39,0.9495,10,3.38,0.9467,1,3.42,0.9579,24,0
SPY190802P301,2019-08-01,2019-08-01 09:31:57,3.5,0.9803,10,3.21,0.8991,10,3.38,0.9467,1,3.355,0.9397,24,0
SPY190802P301,2019-08-01,2019-08-01 09:31:58,3.43,0.9607,5,3.32,0.9299,5,3.38,0.9467,1,3.375,0.9453,24,0
SPY190802P301,2019-08-01,2019-08-01 09:31:58,3.43,0.9607,5,3.36,0.9411,10,3.38,0.9467,1,3.395,0.9509,24,0
SPY190802P301,2019-08-01,2019-08-01 09:31:59,3.45,0.9663,57,3.38,0.9467,5,3.38,0.9467,1,3.415,0.9565,24,0
SPY190802P301,2019-08-01,2019-08-01 09:32:00,3.52,0.9859,21,3.32,0.9299,5,3.38,0.9467,1,3.42,0.9579,24,0
SPY190802P301,2019-08-01,2019-08-01 09:32:00,3.46,0.9691,46,3.32,0.9299,5,3.38,0.9467,1,3.39,0.9495,24,0
SPY190802P301,2019-08-01,2019-08-01 09:32:01,3.52,0.9859,41,3.33,0.9327,5,3.38,0.9467,1,3.425,0.9593,24,0
SPY190802P301,2019-08-01,2019-08-01 09:32:01,3.69,1.0336,191,3.21,0.8991,382,3.38,0.9467,1,3.45,0.9663,24,0
SPY190802P301,2019-08-01,2019-08-01 09:32:02,3.48,0.9747,20,3.41,0.9551,20,3.38,0.9467,1,3.445,0.9649,24,0
SPY190802P301,2019-08-01,2019-08-01 09:32:02,3.51,0.9831,5,3.36,0.9411,6,3.38,0.9467,1,3.435,0.9621,24,0
SPY190802P301,2019-08-01,2019-08-01 09:32:03,3.48,0.9747,47,3.4,0.9523,37,3.38,0.9467,1,3.44,0.9635,24,0
SPY190802P301,2019-08-01,2019-08-01 09:32:04,3.5,0.9803,60,3.43,0.9607,10,3.38,0.9467,1,3.465,0.9705,24,0
SPY190802P301,2019-08-01,2019-08-01 09:32:04,3.49,0.9775,41,3.41,0.9551,10,3.38,0.9467,1,3.45,0.9663,24,0
SPY190802P301,2019-08-01,2019-08-01 09:32:05,3.56,0.9971,5,3.49,0.9775,10,3.38,0.9467,1,3.525,0.9873,24,0
SPY190802P301,2019-08-01,2019-08-01 09:32:05,3.53,0.9887,20,3.46,0.9691,10,3.38,0.9467,1,3.495,0.9789,24,0
SPY190802P301,2019-08-01,2019-08-01 09:32:06,3.56,0.9971,5,3.49,0.9775,20,3.38,0.9467,1,3.525,0.9873,24,0
SPY190802P301,2019-08-01,2019-08-01 09:32:07,3.5,0.9803,20,3.44,0.9635,10,3.38,0.9467,1,3.47,0.9719,24,0
SPY190802P301,2019-08-01,2019-08-01 09:32:07,3.56,0.9971,5,3.42,0.9579,5,3.38,0.9467,1,3.49,0.9775,24,0
SPY190802P301,2019-08-01,2019-08-01 09:32:08,3.51,0.9831,10,3.44,0.9635,20,3.38,0.9467,1,3.475,0.9733,24,0
SPY190802P301,2019-08-01,2019-08-01 09:32:08,3.52,0.9859,20,3.45,0.9663,20,3.38,0.9467,1,3.485,0.9761,24,0
SPY190802P301,2019-08-01,2019-08-01 09:32:09,3.52,0.9859,10,3.45,0.9663,10,3.38,0.9467,1,3.485,0.9761,24,0
SPY190802P301,2019-08-01,2019-08-01 09:32:09,3.67,1.028,5,3.28,0.9187,5,3.38,0.9467,1,3.475,0.9733,24,0
SPY190802P301,2019-08-01,2019-08-01 09:32:10,3.5,0.9803,5,3.25,0.9103,77,3.38,0.9467,1,3.375,0.9453,24,0
SPY190802P301,2019-08-01,2019-08-01 09:32:10,3.5,0.9803,10,3.42,0.9579,10,3.38,0.9467,1,3.46,0.9691,24,0
SPY190802P301,2019-08-01,2019-08-01 09:32:11,3.52,0.9859,10,3.46,0.9691,10,3.38,0.9467,1,3.49,0.9775,24,0
SPY190802P301,2019-08-01,2019-08-01 09:32:12,3.51,0.9831,10,3.28,0.9187,50,3.48,0.9747,1,3.395,0.9509,25,1
SPY190802P301,2019-08-01,2019-08-01 09:32:12,3.5,0.9803,5,3.4,0.9523,43,3.48,0.9747,1,3.45,0.9663,25,0
SPY190802P301,2019-08-01,2019-08-01 09:32:13,3.63,1.0168,5,3.25,0.9103,5,3.48,0.9747,1,3.44,0.9635,25,0
SPY190802P301,2019-08-01,2019-08-01 09:32:14,3.46,0.9691,10,3.39,0.9495,10,3.48,0.9747,1,3.425,0.9593,25,0
SPY190802P301,2019-08-01,2019-08-01 09:32:14,3.45,0.9663,110,3.39,0.9495,10,3.48,0.9747,1,3.42,0.9579,25,0
SPY190802P301,2019-08-01,2019-08-01 09:32:15,3.46,0.9691,98,3.39,0.9495,10,3.48,0.9747,1,3.425,0.9593,25,0
SPY190802P301,2019-08-01,2019-08-01 09:32:16,3.44,0.9635,10,3.37,0.9439,10,3.48,0.9747,1,3.405,0.9537,25,0
SPY190802P301,2019-08-01,2019-08-01 09:32:16,3.45,0.9663,5,3.39,0.9495,10,3.48,0.9747,1,3.42,0.9579,25,0
SPY190802P301,2019-08-01,2019-08-01 09:32:17,3.55,0.9943,1,3.25,0.9103,120,3.48,0.9747,1,3.4,0.9523,25,0
SPY190802P301,2019-08-01,2019-08-01 09:32:17,3.6,1.0084,5,3.25,0.9103,5,3.48,0.9747,1,3.425,0.9593,25,0
SPY190802P301,2019-08-01,2019-08-01 09:32:18,3.55,0.9943,5,3.17,0.8879,5,3.48,0.9747,1,3.36,0.9411,25,0
SPY190802P301,2019-08-01,2019-08-01 09:32:18,3.56,0.9971,50,3.16,0.8851,50,3.48,0.9747,1,3.36,0.9411,25,0
SPY190802P301,2019-08-01,2019-08-01 09:32:19,3.54,0.9915,8,3.18,0.8907,5,3.48,0.9747,1,3.36,0.9411,25,0
SPY190802P301,2019-08-01,2019-08-01 09:32:20,3.4,0.9523,10,3.34,0.9355,10,3.48,0.9747,1,3.37,0.9439,25,0
SPY190802P301,2019-08-01,2019-08-01 09:32:20,3.41,0.9551,120,3.34,0.9355,37,3.48,0.9747,1,3.375,0.9453,25,0
SPY190802P301,2019-08-01,2019-08-01 09:32:21,3.4,0.9523,5,3.35,0.9383,10,3.48,0.9747,1,3.375,0.9453,25,0
SPY190802P301,2019-08-01,2019-08-01 09:32:21,3.41,0.9551,109,3.35,0.9383,10,3.48,0.9747,1,3.38,0.9467,25,0
SPY190802P301,2019-08-01,2019-08-01 09:32:22,3.4,0.9523,10,3.32,0.9299,43,3.48,0.9747,1,3.36,0.9411,25,0
SPY190802P301,2019-08-01,2019-08-01 09:32:23,3.52,0.9859,146,3.15,0.8823,11,3.48,0.9747,1,3.335,0.9341,25,0
SPY190802P301,2019-08-01,2019-08-01 09:32:23,3.34,0.9355,10,3.28,0.9187,10,3.48,0.9747,1,3.31,0.9271,25,0
SPY190802P301,2019-08-01,2019-08-01 09:32:24,3.36,0.9411,10,3.3,0.9243,10,3.48,0.9747,1,3.33,0.9327,25,0
SPY190802P301,2019-08-01,2019-08-01 09:32:24,3.36,0.9411,5,3.28,0.9187,5,3.48,0.9747,1,3.32,0.9299,25,0
SPY190802P301,2019-08-01,2019-08-01 09:32:25,3.4,0.9523,5,3.31,0.9271,5,3.48,0.9747,1,3.355,0.9397,25,0
SPY190802P301,2019-08-01,2019-08-01 09:32:26,3.41,0.9551,10,3.33,0.9327,10,3.48,0.9747,1,3.37,0.9439,25,0
SPY190802P301,2019-08-01,2019-08-01 09:32:26,3.41,0.9551,5,3.31,0.9271,3,3.48,0.9747,1,3.36,0.9411,25,0
SPY190802P301,2019-08-01,2019-08-01 09:32:27,3.41,0.9551,8,3.34,0.9355,50,3.48,0.9747,1,3.375,0.9453,25,0
SPY190802P301,2019-08-01,2019-08-01 09:32:27,3.41,0.9551,8,3.35,0.9383,10,3.48,0.9747,1,3.38,0.9467,25,0
SPY190802P301,2019-08-01,2019-08-01 09:32:28,3.45,0.9663,90,3.35,0.9383,5,3.48,0.9747,1,3.4,0.9523,25,0
SPY190802P301,2019-08-01,2019-08-01 09:32:28,3.41,0.9551,120,3.35,0.9383,10,3.48,0.9747,1,3.38,0.9467,25,0
SPY190802P301,2019-08-01,2019-08-01 09:32:29,3.43,0.9607,5,3.35,0.9383,5,3.48,0.9747,1,3.39,0.9495,25,0
SPY190802P301,2019-08-01,2019-08-01 09:32:30,3.45,0.9663,122,3.38,0.9467,10,3.48,0.9747,1,3.415,0.9565,25,0
SPY190802P301,2019-08-01,2019-08-01 09:32:30,3.45,0.9663,77,3.38,0.9467,57,3.48,0.9747,1,3.415,0.9565,25,0
SPY190802P301,2019-08-01,2019-08-01 09:32:31,3.44,0.9635,20,3.37,0.9439,10,3.48,0.9747,1,3.405,0.9537,25,0
SPY190802P301,2019-08-01,2019-08-01 09:32:31,3.45,0.9663,10,3.37,0.9439,10,3.48,0.9747,1,3.41,0.9551,25,0
SPY190802P301,2019-08-01,2019-08-01 09:32:32,3.43,0.9607,20,3.36,0.9411,10,3.48,0.9747,1,3.395,0.9509,25,0
SPY190802P301,2019-08-01,2019-08-01 09:32:32,3.6,1.0084,25,3.36,0.9411,10,3.48,0.9747,1,3.48,0.9747,25,0
SPY190802P301,2019-08-01,2019-08-01 09:32:33,3.4,0.9523,5,3.31,0.9271,106,3.48,0.9747,1,3.355,0.9397,25,0
SPY190802P301,2019-08-01,2019-08-01 09:32:33,3.39,0.9495,5,3.31,0.9271,99,3.48,0.9747,1,3.35,0.9383,25,0
SPY190802P301,2019-08-01,2019-08-01 09:32:34,3.38,0.9467,5,3.31,0.9271,99,3.48,0.9747,1,3.345,0.9369,25,0
SPY190802P301,2019-08-01,2019-08-01 09:32:35,3.38,0.9467,5,3.32,0.9299,10,3.48,0.9747,1,3.35,0.9383,25,0
SPY190802P301,2019-08-01,2019-08-01 09:32:35,3.38,0.9467,20,3.32,0.9299,10,3.48,0.9747,1,3.35,0.9383,25,0
SPY190802P301,2019-08-01,2019-08-01 09:32:36,3.4,0.9523,5,3.33,0.9327,10,3.48,0.9747,1,3.365,0.9425,25,0
SPY190802P301,2019-08-01,2019-08-01 09:32:36,3.39,0.9495,112,3.32,0.9299,10,3.48,0.9747,1,3.355,0.9397,25,0
SPY190802P301,2019-08-01,2019-08-01 09:32:37,3.4,0.9523,5,3.35,0.9383,10,3.48,0.9747,1,3.375,0.9453,25,0
SPY190802P301,2019-08-01,2019-08-01 09:32:37,3.55,0.9943,5,3.16,0.8851,162,3.48,0.9747,1,3.355,0.9397,25,0
SPY190802P301,2019-08-01,2019-08-01 09:32:38,3.4,0.9523,10,3.32,0.9299,10,3.48,0.9747,1,3.36,0.9411,25,0
SPY190802P301,2019-08-01,2019-08-01 09:32:38,3.4,0.9523,10,3.34,0.9355,10,3.48,0.9747,1,3.37,0.9439,25,0
SPY190802P301,2019-08-01,2019-08-01 09:32:39,3.4,0.9523,170,3.34,0.9355,10,3.48,0.9747,1,3.37,0.9439,25,0
SPY190802P301,2019-08-01,2019-08-01 09:32:40,3.41,0.9551,5,3.35,0.9383,10,3.48,0.9747,1,3.38,0.9467,25,0
SPY190802P301,2019-08-01,2019-08-01 09:32:40,3.4,0.9523,100,3.34,0.9355,38,3.48,0.9747,1,3.37,0.9439,25,0
SPY190802P301,2019-08-01,2019-08-01 09:32:41,3.56,0.9971,5,3.35,0.9383,4,3.48,0.9747,1,3.455,0.9677,25,0
SPY190802P301,2019-08-01,2019-08-01 09:32:41,3.42,0.9579,82,3.36,0.9411,10,3.48,0.9747,1,3.39,0.9495,25,0
SPY190802P301,2019-08-01,2019-08-01 09:32:42,3.41,0.9551,5,3.26,0.9131,5,3.48,0.9747,1,3.335,0.9341,25,0
SPY190802P301,2019-08-01,2019-08-01 09:32:42,3.41,0.9551,10,3.34,0.9355,10,3.48,0.9747,1,3.375,0.9453,25,0
SPY190802P301,2019-08-01,2019-08-01 09:32:43,3.41,0.9551,10,3.35,0.9383,10,3.48,0.9747,1,3.38,0.9467,25,0
SPY190802P301,2019-08-01,2019-08-01 09:32:44,3.48,0.9747,5,3.17,0.8879,50,3.48,0.9747,1,3.325,0.9313,25,0
SPY190802P301,2019-08-01,2019-08-01 09:32:44,3.55,0.9943,5,3.24,0.9075,5,3.48,0.9747,1,3.395,0.9509,25,0
SPY190802P301,2019-08-01,2019-08-01 09:32:45,3.55,0.9943,100,3.28,0.9187,6,3.48,0.9747,1,3.415,0.9565,25,0
SPY190802P301,2019-08-01,2019-08-01 09:32:45,3.46,0.9691,10,3.39,0.9495,10,3.48,0.9747,1,3.425,0.9593,25,0
SPY190802P301,2019-08-01,2019-08-01 09:32:46,3.54,0.9915,5,3.38,0.9467,5,3.48,0.9747,1,3.46,0.9691,25,0
SPY190802P301,2019-08-01,2019-08-01 09:32:46,3.55,0.9943,5,3.37,0.9439,1,3.48,0.9747,1,3.46,0.9691,25,0
SPY190802P301,2019-08-01,2019-08-01 09:32:47,3.44,0.9635,1,3.39,0.9495,5,3.48,0.9747,1,3.415,0.9565,25,0
SPY190802P301,2019-08-01,2019-08-01 09:32:47,3.45,0.9663,5,3.39,0.9495,10,3.48,0.9747,1,3.42,0.9579,25,0
SPY190802P301,2019-08-01,2019-08-01 09:32:48,3.44,0.9635,1,3.37,0.9439,10,3.48,0.9747,1,3.405,0.9537,25,0
SPY190802P301,2019-08-01,2019-08-01 09:32:48,3.44,0.9635,1,3.38,0.9467,48,3.48,0.9747,1,3.41,0.9551,25,0
SPY190802P301,2019-08-01,2019-08-01 09:32:49,3.44,0.9635,1,3.22,0.9019,5,3.48,0.9747,1,3.33,0.9327,25,0
SPY190802P301,2019-08-01,2019-08-01 09:32:50,3.44,0.9635,2,3.37,0.9439,10,3.48,0.9747,1,3.405,0.9537,25,0
SPY190802P301,2019-08-01,2019-08-01 09:32:50,3.43,0.9607,10,3.37,0.9439,10,3.48,0.9747,1,3.4,0.9523,25,0
SPY190802P301,2019-08-01,2019-08-01 09:32:51,3.44,0.9635,1,3.37,0.9439,10,3.44,0.9635,1,3.405,0.9537,26,1
SPY190802P301,2019-08-01,2019-08-01 09:32:51,3.48,0.9747,122,3.41,0.9551,10,3.44,0.9635,1,3.445,0.9649,26,0
SPY190802P301,2019-08-01,2019-08-01 09:32:52,3.5,0.9803,3,3.34,0.9355,3,3.44,0.9635,1,3.42,0.9579,26,0
SPY190802P301,2019-08-01,2019-08-01 09:32:52,3.5,0.9803,10,3.43,0.9607,10,3.44,0.9635,1,3.465,0.9705,26,0
SPY190802P301,2019-08-01,2019-08-01 09:32:53,3.53,0.9887,10,3.46,0.9691,10,3.44,0.9635,1,3.495,0.9789,26,0
SPY190802P301,2019-08-01,2019-08-01 09:32:53,3.51,0.9831,10,3.45,0.9663,10,3.44,0.9635,1,3.48,0.9747,26,0
SPY190802P301,2019-08-01,2019-08-01 09:32:54,3.53,0.9887,10,3.46,0.9691,10,3.44,0.9635,1,3.495,0.9789,26,0
SPY190802P301,2019-08-01,2019-08-01 09:32:55,3.51,0.9831,10,3.45,0.9663,10,3.44,0.9635,1,3.48,0.9747,26,0
SPY190802P301,2019-08-01,2019-08-01 09:32:55,3.5,0.9803,20,3.4,0.9523,10,3.44,0.9635,1,3.45,0.9663,26,0
SPY190802P301,2019-08-01,2019-08-01 09:32:56,3.49,0.9775,5,3.4,0.9523,10,3.44,0.9635,1,3.445,0.9649,26,0
SPY190802P301,2019-08-01,2019-08-01 09:32:56,3.5,0.9803,5,3.41,0.9551,5,3.44,0.9635,1,3.455,0.9677,26,0
SPY190802P301,2019-08-01,2019-08-01 09:32:57,3.61,1.0112,6,3.26,0.9131,5,3.44,0.9635,1,3.435,0.9621,26,0
SPY190802P301,2019-08-01,2019-08-01 09:32:57,3.61,1.0112,5,3.26,0.9131,5,3.44,0.9635,1,3.435,0.9621,26,0
SPY190802P301,2019-08-01,2019-08-01 09:32:58,3.63,1.0168,103,3.38,0.9467,6,3.44,0.9635,1,3.505,0.9817,26,0
SPY190802P301,2019-08-01,2019-08-01 09:32:58,3.66,1.0252,50,3.33,0.9327,11,3.44,0.9635,1,3.495,0.9789,26,0
SPY190802P301,2019-08-01,2019-08-01 09:32:59,3.51,0.9831,10,3.45,0.9663,10,3.44,0.9635,1,3.48,0.9747,26,0
SPY190802P301,2019-08-01,2019-08-01 09:33:00,3.51,0.9831,29,3.44,0.9635,10,3.44,0.9635,1,3.475,0.9733,26,0
SPY190802P301,2019-08-01,2019-08-01 09:33:00,3.59,1.0056,120,3.44,0.9635,29,3.44,0.9635,1,3.515,0.9845,26,0
SPY190802P301,2019-08-01,2019-08-01 09:33:01,3.5,0.9803,10,3.44,0.9635,10,3.44,0.9635,1,3.47,0.9719,26,0
SPY190802P301,2019-08-01,2019-08-01 09:33:01,3.5,0.9803,32,3.44,0.9635,10,3.44,0.9635,1,3.47,0.9719,26,0
SPY190802P301,2019-08-01,2019-08-01 09:33:02,3.47,0.9719,20,3.39,0.9495,10,3.44,0.9635,1,3.43,0.9607,26,0
SPY190802P301,2019-08-01,2019-08-01 09:33:02,3.65,1.0224,15,3.37,0.9439,100,3.44,0.9635,1,3.51,0.9831,26,0
SPY190802P301,2019-08-01,2019-08-01 09:33:03,3.45,0.9663,10,3.38,0.9467,10,3.44,0.9635,1,3.415,0.9565,26,0
SPY190802P301,2019-08-01,2019-08-01 09:33:03,3.45,0.9663,109,3.39,0.9495,10,3.44,0.9635,1,3.42,0.9579,26,0
SPY190802P301,2019-08-01,2019-08-01 09:33:04,3.43,0.9607,10,3.37,0.9439,10,3.44,0.9635,1,3.4,0.9523,26,0
SPY190802P301,2019-08-01,2019-08-01 09:33:05,3.43,0.9607,81,3.37,0.9439,10,3.44,0.9635,1,3.4,0.9523,26,0
SPY190802P301,2019-08-01,2019-08-01 09:33:05,3.43,0.9607,83,3.37,0.9439,10,3.44,0.9635,1,3.4,0.9523,26,0
SPY190802P301,2019-08-01,2019-08-01 09:33:06,3.41,0.9551,10,3.35,0.9383,10,3.44,0.9635,1,3.38,0.9467,26,0
SPY190802P301,2019-08-01,2019-08-01 09:33:06,3.42,0.9579,10,3.34,0.9355,10,3.44,0.9635,1,3.38,0.9467,26,0
SPY190802P301,2019-08-01,2019-08-01 09:33:07,3.55,0.9943,50,3.26,0.9131,100,3.44,0.9635,1,3.405,0.9537,26,0
SPY190802P301,2019-08-01,2019-08-01 09:33:07,3.39,0.9495,20,3.32,0.9299,10,3.44,0.9635,1,3.355,0.9397,26,0
SPY190802P301,2019-08-01,2019-08-01 09:33:08,3.49,0.9775,106,3.18,0.8907,11,3.44,0.9635,1,3.335,0.9341,26,0
SPY190802P301,2019-08-01,2019-08-01 09:33:08,3.39,0.9495,100,3.24,0.9075,100,3.44,0.9635,1,3.315,0.9285,26,0
SPY190802P301,2019-08-01,2019-08-01 09:33:09,3.38,0.9467,10,3.31,0.9271,10,3.44,0.9635,1,3.345,0.9369,26,0
SPY190802P301,2019-08-01,2019-08-01 09:33:09,3.48,0.9747,5,3.19,0.8935,3,3.44,0.9635,1,3.335,0.9341,26,0
SPY190802P301,2019-08-01,2019-08-01 09:33:10,3.38,0.9467,89,3.32,0.9299,10,3.44,0.9635,1,3.35,0.9383,26,0
SPY190802P301,2019-08-01,2019-08-01 09:33:11,3.41,0.9551,89,3.34,0.9355,10,3.44,0.9635,1,3.375,0.9453,26,0
SPY190802P301,2019-08-01,2019-08-01 09:33:11,3.4,0.9523,5,3.33,0.9327,5,3.44,0.9635,1,3.365,0.9425,26,0
SPY190802P301,2019-08-01,2019-08-01 09:33:12,3.43,0.9607,10,3.35,0.9383,108,3.44,0.9635,1,3.39,0.9495,26,0
SPY190802P301,2019-08-01,2019-08-01 09:33:12,3.41,0.9551,89,3.34,0.9355,10,3.44,0.9635,1,3.375,0.9453,26,0
SPY190802P301,2019-08-01,2019-08-01 09:33:13,3.41,0.9551,100,3.24,0.9075,100,3.44,0.9635,1,3.325,0.9313,26,0
SPY190802P301,2019-08-01,2019-08-01 09:33:13,3.41,0.9551,46,3.25,0.9103,50,3.44,0.9635,1,3.33,0.9327,26,0
SPY190802P301,2019-08-01,2019-08-01 09:33:14,3.37,0.9439,10,3.3,0.9243,10,3.44,0.9635,1,3.335,0.9341,26,0
SPY190802P301,2019-08-01,2019-08-01 09:33:15,3.37,0.9439,26,3.32,0.9299,10,3.44,0.9635,1,3.345,0.9369,26,0
SPY190802P301,2019-08-01,2019-08-01 09:33:15,3.37,0.9439,20,3.3,0.9243,10,3.44,0.9635,1,3.335,0.9341,26,0
SPY190802P301,2019-08-01,2019-08-01 09:33:16,3.38,0.9467,92,3.32,0.9299,31,3.44,0.9635,1,3.35,0.9383,26,0
SPY190802P301,2019-08-01,2019-08-01 09:33:16,3.38,0.9467,10,3.32,0.9299,31,3.44,0.9635,1,3.35,0.9383,26,0
SPY190802P301,2019-08-01,2019-08-01 09:33:17,3.37,0.9439,100,3.3,0.9243,10,3.44,0.9635,1,3.335,0.9341,26,0
SPY190802P301,2019-08-01,2019-08-01 09:33:17,3.37,0.9439,10,3.3,0.9243,10,3.44,0.9635,1,3.335,0.9341,26,0
SPY190802P301,2019-08-01,2019-08-01 09:33:18,3.36,0.9411,20,3.3,0.9243,10,3.44,0.9635,1,3.33,0.9327,26,0
SPY190802P301,2019-08-01,2019-08-01 09:33:18,3.35,0.9383,10,3.28,0.9187,10,3.44,0.9635,1,3.315,0.9285,26,0
SPY190802P301,2019-08-01,2019-08-01 09:33:19,3.34,0.9355,10,3.28,0.9187,10,3.44,0.9635,1,3.31,0.9271,26,0
SPY190802P301,2019-08-01,2019-08-01 09:33:20,3.35,0.9383,100,3.29,0.9215,10,3.44,0.9635,1,3.32,0.9299,26,0
SPY190802P301,2019-08-01,2019-08-01 09:33:20,3.34,0.9355,3,3.1,0.8683,49,3.44,0.9635,1,3.22,0.9019,26,0
SPY190802P301,2019-08-01,2019-08-01 09:33:21,3.44,0.9635,39,3.26,0.9131,59,3.44,0.9635,1,3.35,0.9383,26,0
SPY190802P301,2019-08-01,2019-08-01 09:33:21,3.44,0.9635,120,3.26,0.9131,116,3.44,0.9635,1,3.35,0.9383,26,0
SPY190802P301,2019-08-01,2019-08-01 09:33:22,3.34,0.9355,10,3.28,0.9187,10,3.44,0.9635,1,3.31,0.9271,26,0
SPY190802P301,2019-08-01,2019-08-01 09:33:23,3.39,0.9495,61,3.23,0.9047,101,3.44,0.9635,1,3.31,0.9271,26,0
SPY190802P301,2019-08-01,2019-08-01 09:33:23,3.35,0.9383,10,3.28,0.9187,10,3.44,0.9635,1,3.315,0.9285,26,0
SPY190802P301,2019-08-01,2019-08-01 09:33:24,3.39,0.9495,122,3.23,0.9047,101,3.44,0.9635,1,3.31,0.9271,26,0
SPY190802P301,2019-08-01,2019-08-01 09:33:24,3.34,0.9355,7,3.24,0.9075,2,3.44,0.9635,1,3.29,0.9215,26,0
SPY190802P301,2019-08-01,2019-08-01 09:33:25,3.48,0.9747,100,3.1,0.8683,18,3.44,0.9635,1,3.29,0.9215,26,0
SPY190802P301,2019-08-01,2019-08-01 09:33:26,3.34,0.9355,10,3.28,0.9187,10,3.44,0.9635,1,3.31,0.9271,26,0
SPY190802P301,2019-08-01,2019-08-01 09:33:26,3.33,0.9327,10,3.1,0.8683,3,3.44,0.9635,1,3.215,0.9005,26,0
SPY190802P301,2019-08-01,2019-08-01 09:33:27,3.29,0.9215,10,3.24,0.9075,10,3.44,0.9635,1,3.265,0.9145,26,0
SPY190802P301,2019-08-01,2019-08-01 09:33:27,3.31,0.9271,10,3.24,0.9075,10,3.44,0.9635,1,3.275,0.9173,26,0
SPY190802P301,2019-08-01,2019-08-01 09:33:28,3.29,0.9215,10,3.23,0.9047,10,3.44,0.9635,1,3.26,0.9131,26,0
SPY190802P301,2019-08-01,2019-08-01 09:33:29,3.29,0.9215,25,3.23,0.9047,10,3.44,0.9635,1,3.26,0.9131,26,0
SPY190802P301,2019-08-01,2019-08-01 09:33:29,3.29,0.9215,100,3.21,0.8991,10,3.44,0.9635,1,3.25,0.9103,26,0
SPY190802P301,2019-08-01,2019-08-01 09:33:30,3.28,0.9187,10,3.22,0.9019,10,3.44,0.9635,1,3.25,0.9103,26,0
SPY190802P301,2019-08-01,2019-08-01 09:33:30,3.29,0.9215,118,3.23,0.9047,10,3.44,0.9635,1,3.26,0.9131,26,0
SPY190802P301,2019-08-01,2019-08-01 09:33:31,3.3,0.9243,10,3.23,0.9047,40,3.44,0.9635,1,3.265,0.9145,26,0
SPY190802P301,2019-08-01,2019-08-01 09:33:32,3.27,0.9159,10,3.21,0.8991,10,3.44,0.9635,1,3.24,0.9075,26,0
SPY190802P301,2019-08-01,2019-08-01 09:33:33,3.28,0.9187,10,3.23,0.9047,1,3.26,0.9131,10,3.255,0.9117,46,20
SPY190802P301,2019-08-01,2019-08-01 09:33:33,3.26,0.9131,10,3.17,0.8879,5,3.16,0.8851,5,3.215,0.9005,51,5
SPY190802P301,2019-08-01,2019-08-01 09:33:34,3.27,0.9159,115,3.17,0.8879,5,3.2,0.8963,75,3.22,0.9019,126,75
SPY190802P301,2019-08-01,2019-08-01 09:33:34,3.27,0.9159,120,3.17,0.8879,120,3.2,0.8963,75,3.22,0.9019,126,0
SPY190802P301,2019-08-01,2019-08-01 09:33:35,3.27,0.9159,120,3.18,0.8907,5,3.2,0.8963,75,3.225,0.9033,126,0
SPY190802P301,2019-08-01,2019-08-01 09:33:36,3.25,0.9103,10,3.12,0.8739,5,3.2,0.8963,75,3.185,0.8921,126,0
SPY190802P301,2019-08-01,2019-08-01 09:33:36,3.24,0.9075,10,3.12,0.8739,5,3.2,0.8963,75,3.18,0.8907,126,0
SPY190802P301,2019-08-01,2019-08-01 09:33:37,3.24,0.9075,10,3.12,0.8739,5,3.2,0.8963,75,3.18,0.8907,126,0
SPY190802P301,2019-08-01,2019-08-01 09:33:37,3.24,0.9075,5,3.12,0.8739,50,3.2,0.8963,75,3.18,0.8907,126,0
SPY190802P301,2019-08-01,2019-08-01 09:33:38,3.28,0.9187,61,3.16,0.8851,2,3.2,0.8963,75,3.22,0.9019,126,0
SPY190802P301,2019-08-01,2019-08-01 09:33:38,3.23,0.9047,104,3.12,0.8739,153,3.2,0.8963,75,3.175,0.8893,126,0
SPY190802P301,2019-08-01,2019-08-01 09:33:39,3.28,0.9187,61,3.16,0.8851,2,3.2,0.8963,75,3.22,0.9019,126,0
SPY190802P301,2019-08-01,2019-08-01 09:33:40,3.36,0.9411,75,3.13,0.8767,52,3.2,0.8963,75,3.245,0.9089,126,0
SPY190802P301,2019-08-01,2019-08-01 09:33:40,3.3,0.9243,100,3.12,0.8739,120,3.2,0.8963,75,3.21,0.8991,126,0
SPY190802P301,2019-08-01,2019-08-01 09:33:41,3.18,0.8907,10,3.11,0.8711,39,3.2,0.8963,75,3.145,0.8809,126,0
SPY190802P301,2019-08-01,2019-08-01 09:33:41,3.31,0.9271,101,3.11,0.8711,203,3.2,0.8963,75,3.21,0.8991,126,0
SPY190802P301,2019-08-01,2019-08-01 09:33:42,3.18,0.8907,10,3.1,0.8683,100,3.15,0.8823,2,3.14,0.8795,128,2
SPY190802P301,2019-08-01,2019-08-01 09:33:42,3.18,0.8907,27,3.11,0.8711,5,3.2,0.8963,75,3.145,0.8809,126,0
SPY190802P301,2019-08-01,2019-08-01 09:33:43,3.15,0.8823,10,3.08,0.8627,10,3.15,0.8823,2,3.115,0.8725,128,0
SPY190802P301,2019-08-01,2019-08-01 09:33:43,3.18,0.8907,10,3.01,0.8431,5,3.15,0.8823,2,3.095,0.8669,128,0
SPY190802P301,2019-08-01,2019-08-01 09:33:44,3.15,0.8823,100,3.02,0.8459,100,3.15,0.8823,2,3.085,0.8641,128,0
SPY190802P301,2019-08-01,2019-08-01 09:33:44,3.17,0.8879,100,3.03,0.8487,61,3.15,0.8823,2,3.1,0.8683,128,0
SPY190802P301,2019-08-01,2019-08-01 09:33:45,3.14,0.8795,5,3.06,0.8571,5,3.15,0.8823,2,3.1,0.8683,128,0
SPY190802P301,2019-08-01,2019-08-01 09:33:46,3.13,0.8767,33,3.06,0.8571,83,3.15,0.8823,2,3.095,0.8669,128,0
SPY190802P301,2019-08-01,2019-08-01 09:33:46,3.13,0.8767,5,2.96,0.8291,5,3.15,0.8823,2,3.045,0.8529,128,0
SPY190802P301,2019-08-01,2019-08-01 09:33:47,3.11,0.8711,10,3.05,0.8543,10,3.15,0.8823,2,3.08,0.8627,128,0
SPY190802P301,2019-08-01,2019-08-01 09:33:47,3.12,0.8739,10,3.06,0.8571,10,3.15,0.8823,2,3.09,0.8655,128,0
SPY190802P301,2019-08-01,2019-08-01 09:33:48,3.12,0.8739,10,3.06,0.8571,82,3.15,0.8823,2,3.09,0.8655,128,0
SPY190802P301,2019-08-01,2019-08-01 09:33:49,3.12,0.8739,10,3.06,0.8571,139,3.15,0.8823,2,3.09,0.8655,128,0
SPY190802P301,2019-08-01,2019-08-01 09:33:49,3.18,0.8907,10,3.08,0.8627,10,3.15,0.8823,2,3.13,0.8767,128,0
SPY190802P301,2019-08-01,2019-08-01 09:33:50,3.18,0.8907,2,3.12,0.8739,10,3.15,0.8823,2,3.15,0.8823,128,0
SPY190802P301,2019-08-01,2019-08-01 09:33:50,3.19,0.8935,10,3.11,0.8711,10,3.15,0.8823,2,3.15,0.8823,128,0
SPY190802P301,2019-08-01,2019-08-01 09:33:52,3.2,0.8963,10,3.13,0.8767,10,3.15,0.8823,2,3.165,0.8865,128,0
SPY190802P301,2019-08-01,2019-08-01 09:33:52,3.2,0.8963,115,3.14,0.8795,10,3.15,0.8823,2,3.17,0.8879,128,0
SPY190802P301,2019-08-01,2019-08-01 09:33:53,3.2,0.8963,115,3.12,0.8739,10,3.15,0.8823,2,3.16,0.8851,128,0
SPY190802P301,2019-08-01,2019-08-01 09:33:54,3.18,0.8907,100,3.12,0.8739,48,3.15,0.8823,2,3.15,0.8823,128,0
SPY190802P301,2019-08-01,2019-08-01 09:33:54,3.18,0.8907,10,3.12,0.8739,10,3.15,0.8823,2,3.15,0.8823,128,0
SPY190802P301,2019-08-01,2019-08-01 09:33:55,3.18,0.8907,100,3.12,0.8739,48,3.12,0.8739,2,3.15,0.8823,130,0
SPY190802P301,2019-08-01,2019-08-01 09:33:55,3.18,0.8907,100,3.12,0.8739,48,3.12,0.8739,2,3.15,0.8823,130,2
SPY190802P301,2019-08-01,2019-08-01 09:33:56,3.19,0.8935,10,3.12,0.8739,10,3.12,0.8739,2,3.155,0.8837,130,0
SPY190802P301,2019-08-01,2019-08-01 09:33:56,3.17,0.8879,5,3.1,0.8683,124,3.12,0.8739,2,3.135,0.8781,130,0
SPY190802P301,2019-08-01,2019-08-01 09:33:57,3.17,0.8879,10,3.11,0.8711,65,3.12,0.8739,2,3.14,0.8795,130,0
SPY190802P301,2019-08-01,2019-08-01 09:34:00,3.17,0.8879,10,3.1,0.8683,10,3.12,0.8739,2,3.135,0.8781,130,0
SPY190802P301,2019-08-01,2019-08-01 09:34:00,3.17,0.8879,20,3.12,0.8739,10,3.12,0.8739,2,3.145,0.8809,130,0
SPY190802P301,2019-08-01,2019-08-01 09:34:01,3.17,0.8879,67,3.1,0.8683,103,3.12,0.8739,2,3.135,0.8781,130,0
SPY190802P301,2019-08-01,2019-08-01 09:34:02,3.17,0.8879,67,3.1,0.8683,10,3.12,0.8739,1,3.135,0.8781,131,0
SPY190802P301,2019-08-01,2019-08-01 09:34:02,3.17,0.8879,67,3.12,0.8739,10,3.12,0.8739,1,3.145,0.8809,131,1
SPY190802P301,2019-08-01,2019-08-01 09:34:03,3.18,0.8907,2,3.03,0.8487,5,3.12,0.8739,1,3.105,0.8697,131,0
SPY190802P301,2019-08-01,2019-08-01 09:34:03,3.22,0.9019,100,3.1,0.8683,35,3.12,0.8739,1,3.16,0.8851,131,0
SPY190802P301,2019-08-01,2019-08-01 09:34:38,3.1,0.8683,56,3.05,0.8543,55,3.03,0.8487,4,3.075,0.8613,135,0
SPY190802P301,2019-08-01,2019-08-01 09:34:38,3.1,0.8683,71,3.05,0.8543,55,3.03,0.8487,4,3.075,0.8613,135,4
SPY190802P301,2019-08-01,2019-08-01 09:34:39,3.14,0.8795,10,3.07,0.8599,10,3.03,0.8487,4,3.105,0.8697,135,0
SPY190802P301,2019-08-01,2019-08-01 09:34:40,3.15,0.8823,70,3.09,0.8655,87,3.03,0.8487,4,3.12,0.8739,135,0
SPY190802P301,2019-08-01,2019-08-01 09:34:40,3.16,0.8851,124,3.09,0.8655,87,3.03,0.8487,4,3.125,0.8753,135,0
SPY190802P301,2019-08-01,2019-08-01 09:34:41,3.14,0.8795,20,3.09,0.8655,26,3.03,0.8487,4,3.115,0.8725,135,0
SPY190802P301,2019-08-01,2019-08-01 09:34:41,3.15,0.8823,10,3.09,0.8655,10,3.03,0.8487,4,3.12,0.8739,135,0
SPY190802P301,2019-08-01,2019-08-01 09:34:42,3.16,0.8851,25,3.11,0.8711,10,3.03,0.8487,4,3.135,0.8781,135,0
SPY190802P301,2019-08-01,2019-08-01 09:34:42,3.18,0.8907,81,3.12,0.8739,10,3.03,0.8487,4,3.15,0.8823,135,0
SPY190802P301,2019-08-01,2019-08-01 09:34:43,3.18,0.8907,185,3.12,0.8739,10,3.03,0.8487,4,3.15,0.8823,135,0
SPY190802P301,2019-08-01,2019-08-01 09:34:43,3.18,0.8907,81,3.12,0.8739,10,3.03,0.8487,4,3.15,0.8823,135,0
SPY190802P301,2019-08-01,2019-08-01 09:34:44,3.18,0.8907,100,3.12,0.8739,69,3.03,0.8487,4,3.15,0.8823,135,0
SPY190802P301,2019-08-01,2019-08-01 09:34:45,3.17,0.8879,10,3.12,0.8739,10,3.03,0.8487,4,3.145,0.8809,135,0
SPY190802P301,2019-08-01,2019-08-01 09:34:45,3.17,0.8879,94,3.11,0.8711,10,3.03,0.8487,4,3.14,0.8795,135,0
SPY190802P301,2019-08-01,2019-08-01 09:34:46,3.19,0.8935,10,3.13,0.8767,10,3.03,0.8487,4,3.16,0.8851,135,0
SPY190802P301,2019-08-01,2019-08-01 09:34:46,3.19,0.8935,5,3.13,0.8767,10,3.03,0.8487,4,3.16,0.8851,135,0
SPY190802P301,2019-08-01,2019-08-01 09:34:47,3.15,0.8823,10,3.09,0.8655,37,3.03,0.8487,4,3.12,0.8739,135,0
SPY190802P301,2019-08-01,2019-08-01 09:34:47,3.18,0.8907,100,3.11,0.8711,57,3.03,0.8487,4,3.145,0.8809,135,0
SPY190802P301,2019-08-01,2019-08-01 09:34:48,3.16,0.8851,129,3.1,0.8683,10,3.03,0.8487,4,3.13,0.8767,135,0
SPY190802P301,2019-08-01,2019-08-01 09:34:48,3.16,0.8851,129,3.1,0.8683,42,3.03,0.8487,4,3.13,0.8767,135,0
SPY190802P301,2019-08-01,2019-08-01 09:34:49,3.17,0.8879,92,3.11,0.8711,10,3.03,0.8487,4,3.14,0.8795,135,0
SPY190802P301,2019-08-01,2019-08-01 09:34:50,3.17,0.8879,5,2.98,0.8347,61,3.03,0.8487,4,3.075,0.8613,135,0
SPY190802P301,2019-08-01,2019-08-01 09:34:50,3.17,0.8879,100,2.98,0.8347,61,3.03,0.8487,4,3.075,0.8613,135,0
SPY190802P301,2019-08-01,2019-08-01 09:34:51,3.16,0.8851,5,3.01,0.8431,31,3.03,0.8487,4,3.085,0.8641,135,0
SPY190802P301,2019-08-01,2019-08-01 09:34:51,3.17,0.8879,100,3.02,0.8459,100,3.03,0.8487,4,3.095,0.8669,135,0
SPY190802P301,2019-08-01,2019-08-01 09:34:52,3.13,0.8767,7,3.05,0.8543,105,3.03,0.8487,4,3.09,0.8655,135,0
SPY190802P301,2019-08-01,2019-08-01 09:34:52,3.13,0.8767,20,3.05,0.8543,10,3.03,0.8487,4,3.09,0.8655,135,0
SPY190802P301,2019-08-01,2019-08-01 09:34:53,3.12,0.8739,10,3.07,0.8599,10,3.03,0.8487,4,3.095,0.8669,135,0
SPY190802P301,2019-08-01,2019-08-01 09:34:53,3.13,0.8767,7,3.05,0.8543,133,3.03,0.8487,4,3.09,0.8655,135,0
SPY190802P301,2019-08-01,2019-08-01 09:34:54,3.13,0.8767,81,3.07,0.8599,51,3.03,0.8487,4,3.1,0.8683,135,0
SPY190802P301,2019-08-01,2019-08-01 09:34:55,3.15,0.8823,10,3.08,0.8627,10,3.03,0.8487,4,3.115,0.8725,135,0
SPY190802P301,2019-08-01,2019-08-01 09:34:55,3.13,0.8767,10,3.07,0.8599,51,3.03,0.8487,4,3.1,0.8683,135,0
SPY190802P301,2019-08-01,2019-08-01 09:34:56,3.15,0.8823,5,3.0,0.8403,5,3.03,0.8487,4,3.075,0.8613,135,0
SPY190802P301,2019-08-01,2019-08-01 09:34:56,3.15,0.8823,10,3.09,0.8655,10,3.03,0.8487,4,3.12,0.8739,135,0
SPY190802P301,2019-08-01,2019-08-01 09:34:57,3.23,0.9047,10,2.9,0.8123,11,3.03,0.8487,4,3.065,0.8585,135,0
SPY190802P301,2019-08-01,2019-08-01 09:34:58,3.18,0.8907,5,3.04,0.8515,5,3.03,0.8487,4,3.11,0.8711,135,0
SPY190802P301,2019-08-01,2019-08-01 09:34:58,3.15,0.8823,10,3.08,0.8627,10,3.03,0.8487,4,3.115,0.8725,135,0
SPY190802P301,2019-08-01,2019-08-01 09:34:59,3.13,0.8767,10,3.07,0.8599,106,3.03,0.8487,4,3.1,0.8683,135,0
SPY190802P301,2019-08-01,2019-08-01 09:35:00,3.13,0.8767,10,3.07,0.8599,10,3.03,0.8487,4,3.1,0.8683,135,0
SPY190802P301,2019-08-01,2019-08-01 09:35:00,3.13,0.8767,10,3.07,0.8599,106,3.03,0.8487,4,3.1,0.8683,135,0
SPY190802P301,2019-08-01,2019-08-01 09:35:01,3.13,0.8767,5,3.0,0.8403,5,3.03,0.8487,4,3.065,0.8585,135,0
SPY190802P301,2019-08-01,2019-08-01 09:35:01,3.12,0.8739,10,3.05,0.8543,10,3.03,0.8487,4,3.085,0.8641,135,0
SPY190802P301,2019-08-01,2019-08-01 09:35:02,3.12,0.8739,30,3.05,0.8543,10,3.03,0.8487,4,3.085,0.8641,135,0
SPY190802P301,2019-08-01,2019-08-01 09:35:03,3.12,0.8739,26,3.06,0.8571,10,3.03,0.8487,4,3.09,0.8655,135,0
SPY190802P301,2019-08-01,2019-08-01 09:35:03,3.12,0.8739,10,3.06,0.8571,105,3.03,0.8487,4,3.09,0.8655,135,0
SPY190802P301,2019-08-01,2019-08-01 09:35:04,3.13,0.8767,5,2.92,0.8179,25,3.03,0.8487,4,3.025,0.8473,135,0
SPY190802P301,2019-08-01,2019-08-01 09:35:04,3.1,0.8683,10,3.05,0.8543,10,3.03,0.8487,4,3.075,0.8613,135,0
SPY190802P301,2019-08-01,2019-08-01 09:35:05,3.1,0.8683,10,3.03,0.8487,10,3.03,0.8487,4,3.065,0.8585,135,0
SPY190802P301,2019-08-01,2019-08-01 09:35:05,3.09,0.8655,42,3.03,0.8487,10,3.03,0.8487,4,3.06,0.8571,135,0
SPY190802P301,2019-08-01,2019-08-01 09:35:06,3.09,0.8655,42,3.03,0.8487,74,3.03,0.8487,4,3.06,0.8571,135,0
SPY190802P301,2019-08-01,2019-08-01 09:35:06,3.09,0.8655,20,3.03,0.8487,65,3.03,0.8487,4,3.06,0.8571,135,0
SPY190802P301,2019-08-01,2019-08-01 09:35:07,3.1,0.8683,10,3.04,0.8515,10,3.03,0.8487,4,3.07,0.8599,135,0
SPY190802P301,2019-08-01,2019-08-01 09:35:08,3.1,0.8683,10,3.04,0.8515,10,3.03,0.8487,4,3.07,0.8599,135,0
SPY190802P301,2019-08-01,2019-08-01 09:35:09,3.21,0.8991,5,3.04,0.8515,100,3.07,0.8599,1,3.125,0.8753,136,0
SPY190802P301,2019-08-01,2019-08-01 09:35:09,3.1,0.8683,10,3.04,0.8515,10,3.07,0.8599,1,3.07,0.8599,136,1
SPY190802P301,2019-08-01,2019-08-01 09:35:10,3.12,0.8739,10,3.06,0.8571,83,3.07,0.8599,1,3.09,0.8655,136,0
SPY190802P301,2019-08-01,2019-08-01 09:35:10,3.12,0.8739,20,3.06,0.8571,44,3.07,0.8599,1,3.09,0.8655,136,0
SPY190802P301,2019-08-01,2019-08-01 09:35:11,3.15,0.8823,61,3.09,0.8655,10,3.07,0.8599,1,3.12,0.8739,136,0
SPY190802P301,2019-08-01,2019-08-01 09:35:11,3.13,0.8767,10,3.07,0.8599,10,3.07,0.8599,1,3.1,0.8683,136,0
SPY190802P301,2019-08-01,2019-08-01 09:35:12,3.16,0.8851,10,3.1,0.8683,10,3.07,0.8599,1,3.13,0.8767,136,0
SPY190802P301,2019-08-01,2019-08-01 09:35:13,3.15,0.8823,20,3.1,0.8683,10,3.07,0.8599,1,3.125,0.8753,136,0
SPY190802P301,2019-08-01,2019-08-01 09:35:13,3.16,0.8851,94,3.1,0.8683,10,3.07,0.8599,1,3.13,0.8767,136,0
SPY190802P301,2019-08-01,2019-08-01 09:35:14,3.14,0.8795,10,3.07,0.8599,10,3.07,0.8599,1,3.105,0.8697,136,0
SPY190802P301,2019-08-01,2019-08-01 09:35:14,3.14,0.8795,10,3.09,0.8655,10,3.07,0.8599,1,3.115,0.8725,136,0
SPY190802P301,2019-08-01,2019-08-01 09:35:15,3.12,0.8739,10,3.07,0.8599,10,3.07,0.8599,1,3.095,0.8669,136,0
SPY190802P301,2019-08-01,2019-08-01 09:35:15,3.13,0.8767,10,3.07,0.8599,94,3.07,0.8599,1,3.1,0.8683,136,0
SPY190802P301,2019-08-01,2019-08-01 09:35:16,3.13,0.8767,59,3.08,0.8627,10,3.07,0.8599,1,3.105,0.8697,136,0
SPY190802P301,2019-08-01,2019-08-01 09:35:17,3.13,0.8767,20,3.07,0.8599,28,3.07,0.8599,1,3.1,0.8683,136,0
SPY190802P301,2019-08-01,2019-08-01 09:35:17,3.13,0.8767,20,3.08,0.8627,10,3.07,0.8599,1,3.105,0.8697,136,0
SPY190802P301,2019-08-01,2019-08-01 09:35:18,3.26,0.9131,67,2.92,0.8179,15,3.07,0.8599,1,3.09,0.8655,136,0
SPY190802P301,2019-08-01,2019-08-01 09:35:18,3.14,0.8795,10,3.08,0.8627,52,3.07,0.8599,1,3.11,0.8711,136,0
SPY190802P301,2019-08-01,2019-08-01 09:35:19,3.14,0.8795,84,2.95,0.8263,25,3.07,0.8599,1,3.045,0.8529,136,0
SPY190802P301,2019-08-01,2019-08-01 09:35:19,3.14,0.8795,76,3.07,0.8599,5,3.07,0.8599,1,3.105,0.8697,136,0
SPY190802P301,2019-08-01,2019-08-01 09:35:20,3.14,0.8795,10,3.07,0.8599,10,3.07,0.8599,1,3.105,0.8697,136,0
SPY190802P301,2019-08-01,2019-08-01 09:35:20,3.13,0.8767,7,3.07,0.8599,8,3.07,0.8599,1,3.1,0.8683,136,0
SPY190802P301,2019-08-01,2019-08-01 09:35:21,3.14,0.8795,10,3.07,0.8599,8,3.07,0.8599,1,3.105,0.8697,136,0
SPY190802P301,2019-08-01,2019-08-01 09:35:22,3.14,0.8795,114,3.07,0.8599,8,3.07,0.8599,1,3.105,0.8697,136,0
SPY190802P301,2019-08-01,2019-08-01 09:35:22,3.14,0.8795,123,3.07,0.8599,8,3.07,0.8599,1,3.105,0.8697,136,0
SPY190802P301,2019-08-01,2019-08-01 09:35:23,3.12,0.8739,25,3.05,0.8543,36,3.07,0.8599,1,3.085,0.8641,136,0
SPY190802P301,2019-08-01,2019-08-01 09:35:23,3.12,0.8739,10,3.07,0.8599,29,3.07,0.8599,1,3.095,0.8669,136,0
SPY190802P301,2019-08-01,2019-08-01 09:35:24,3.1,0.8683,71,3.05,0.8543,10,3.07,0.8599,1,3.075,0.8613,136,0
SPY190802P301,2019-08-01,2019-08-01 09:35:24,3.11,0.8711,10,3.04,0.8515,85,3.07,0.8599,1,3.075,0.8613,136,0
SPY190802P301,2019-08-01,2019-08-01 09:35:25,3.1,0.8683,47,3.05,0.8543,10,3.07,0.8599,1,3.075,0.8613,136,0
SPY190802P301,2019-08-01,2019-08-01 09:35:25,3.22,0.9019,15,3.04,0.8515,31,3.07,0.8599,1,3.13,0.8767,136,0
SPY190802P301,2019-08-01,2019-08-01 09:35:26,3.1,0.8683,105,3.03,0.8487,10,3.07,0.8599,1,3.065,0.8585,136,0
SPY190802P301,2019-08-01,2019-08-01 09:35:27,3.1,0.8683,56,3.04,0.8515,93,3.07,0.8599,1,3.07,0.8599,136,0
SPY190802P301,2019-08-01,2019-08-01 09:35:27,3.09,0.8655,73,3.03,0.8487,89,3.07,0.8599,1,3.06,0.8571,136,0
SPY190802P301,2019-08-01,2019-08-01 09:35:28,3.1,0.8683,48,3.04,0.8515,108,3.07,0.8599,1,3.07,0.8599,136,0
SPY190802P301,2019-08-01,2019-08-01 09:35:28,3.1,0.8683,10,3.04,0.8515,10,3.07,0.8599,1,3.07,0.8599,136,0
SPY190802P301,2019-08-01,2019-08-01 09:35:29,3.09,0.8655,10,3.03,0.8487,60,3.07,0.8599,1,3.06,0.8571,136,0
SPY190802P301,2019-08-01,2019-08-01 09:35:29,3.1,0.8683,10,3.04,0.8515,108,3.07,0.8599,1,3.07,0.8599,136,0
SPY190802P301,2019-08-01,2019-08-01 09:35:30,3.08,0.8627,10,3.03,0.8487,51,3.07,0.8599,1,3.055,0.8557,136,0
SPY190802P301,2019-08-01,2019-08-01 09:35:31,3.08,0.8627,10,3.03,0.8487,59,3.07,0.8599,1,3.055,0.8557,136,0
SPY190802P301,2019-08-01,2019-08-01 09:35:31,3.08,0.8627,54,3.03,0.8487,59,3.07,0.8599,1,3.055,0.8557,136,0
SPY190802P301,2019-08-01,2019-08-01 09:35:32,3.09,0.8655,10,3.03,0.8487,5,3.07,0.8599,1,3.06,0.8571,136,0
SPY190802P301,2019-08-01,2019-08-01 09:35:32,3.08,0.8627,54,3.03,0.8487,59,3.07,0.8599,1,3.055,0.8557,136,0
SPY190802P301,2019-08-01,2019-08-01 09:35:33,3.08,0.8627,10,3.02,0.8459,77,3.07,0.8599,1,3.05,0.8543,136,0
SPY190802P301,2019-08-01,2019-08-01 09:35:33,3.08,0.8627,93,3.02,0.8459,62,3.07,0.8599,1,3.05,0.8543,136,0
SPY190802P301,2019-08-01,2019-08-01 09:35:34,3.08,0.8627,5,3.02,0.8459,10,3.07,0.8599,1,3.05,0.8543,136,0
SPY190802P301,2019-08-01,2019-08-01 09:35:34,3.08,0.8627,10,3.01,0.8431,10,3.07,0.8599,1,3.045,0.8529,136,0
SPY190802P301,2019-08-01,2019-08-01 09:35:35,3.06,0.8571,10,3.01,0.8431,52,3.07,0.8599,1,3.035,0.8501,136,0
SPY190802P301,2019-08-01,2019-08-01 09:35:36,3.06,0.8571,43,3.01,0.8431,10,3.07,0.8599,1,3.035,0.8501,136,0
SPY190802P301,2019-08-01,2019-08-01 09:35:36,3.06,0.8571,35,3.01,0.8431,52,3.07,0.8599,1,3.035,0.8501,136,0
SPY190802P301,2019-08-01,2019-08-01 09:35:37,3.06,0.8571,51,3.01,0.8431,10,3.07,0.8599,1,3.035,0.8501,136,0
SPY190802P301,2019-08-01,2019-08-01 09:35:37,3.04,0.8515,10,2.98,0.8347,10,3.07,0.8599,1,3.01,0.8431,136,0
SPY190802P301,2019-08-01,2019-08-01 09:35:38,3.04,0.8515,101,2.98,0.8347,79,3.07,0.8599,1,3.01,0.8431,136,0
SPY190802P301,2019-08-01,2019-08-01 09:35:39,3.06,0.8571,86,3.0,0.8403,10,3.07,0.8599,1,3.03,0.8487,136,0
SPY190802P301,2019-08-01,2019-08-01 09:35:39,3.06,0.8571,86,3.0,0.8403,102,3.07,0.8599,1,3.03,0.8487,136,0
SPY190802P301,2019-08-01,2019-08-01 09:35:40,3.09,0.8655,94,3.02,0.8459,10,3.07,0.8599,1,3.055,0.8557,136,0
SPY190802P301,2019-08-01,2019-08-01 09:35:41,3.12,0.8739,5,3.03,0.8487,8,3.07,0.8599,1,3.075,0.8613,136,0
SPY190802P301,2019-08-01,2019-08-01 09:35:41,3.08,0.8627,10,3.02,0.8459,10,3.07,0.8599,1,3.05,0.8543,136,0
SPY190802P301,2019-08-01,2019-08-01 09:35:42,3.11,0.8711,2,3.03,0.8487,8,3.07,0.8599,1,3.07,0.8599,136,0
SPY190802P301,2019-08-01,2019-08-01 09:35:42,3.11,0.8711,5,3.03,0.8487,101,3.07,0.8599,1,3.07,0.8599,136,0
SPY190802P301,2019-08-01,2019-08-01 09:35:43,3.1,0.8683,10,3.03,0.8487,10,3.07,0.8599,1,3.065,0.8585,136,0
SPY190802P301,2019-08-01,2019-08-01 09:35:43,3.1,0.8683,100,2.96,0.8291,39,3.07,0.8599,1,3.03,0.8487,136,0
SPY190802P301,2019-08-01,2019-08-01 09:35:44,3.06,0.8571,5,2.95,0.8263,100,3.07,0.8599,1,3.005,0.8417,136,0
SPY190802P301,2019-08-01,2019-08-01 09:35:45,3.06,0.8571,10,3.01,0.8431,63,3.01,0.8431,5,3.035,0.8501,141,5
SPY190802P301,2019-08-01,2019-08-01 09:35:46,3.08,0.8627,100,3.02,0.8459,108,3.02,0.8459,5,3.05,0.8543,146,5
SPY190802P301,2019-08-01,2019-08-01 09:35:46,3.06,0.8571,10,3.01,0.8431,59,3.02,0.8459,5,3.035,0.8501,146,0
SPY190802P301,2019-08-01,2019-08-01 09:35:47,3.08,0.8627,10,3.01,0.8431,10,3.02,0.8459,5,3.045,0.8529,146,0
SPY190802P301,2019-08-01,2019-08-01 09:35:47,3.06,0.8571,85,3.01,0.8431,10,3.02,0.8459,5,3.035,0.8501,146,0
SPY190802P301,2019-08-01,2019-08-01 09:35:48,3.06,0.8571,10,3.01,0.8431,10,3.02,0.8459,5,3.035,0.8501,146,0
SPY190802P301,2019-08-01,2019-08-01 09:35:49,3.06,0.8571,74,3.01,0.8431,10,3.02,0.8459,5,3.035,0.8501,146,0
SPY190802P301,2019-08-01,2019-08-01 09:35:49,3.08,0.8627,62,3.01,0.8431,10,3.02,0.8459,5,3.045,0.8529,146,0
SPY190802P301,2019-08-01,2019-08-01 09:35:50,3.07,0.8599,120,3.0,0.8403,80,3.02,0.8459,5,3.035,0.8501,146,0
SPY190802P301,2019-08-01,2019-08-01 09:35:50,3.07,0.8599,120,3.01,0.8431,79,3.02,0.8459,5,3.04,0.8515,146,0
SPY190802P301,2019-08-01,2019-08-01 09:35:51,3.06,0.8571,5,2.88,0.8067,5,3.02,0.8459,5,2.97,0.8319,146,0
SPY190802P301,2019-08-01,2019-08-01 09:35:51,3.06,0.8571,10,2.99,0.8375,10,3.02,0.8459,5,3.025,0.8473,146,0
SPY190802P301,2019-08-01,2019-08-01 09:35:52,3.05,0.8543,10,2.98,0.8347,63,3.02,0.8459,5,3.015,0.8445,146,0
SPY190802P301,2019-08-01,2019-08-01 09:35:52,3.04,0.8515,10,2.98,0.8347,98,3.02,0.8459,5,3.01,0.8431,146,0
SPY190802P301,2019-08-01,2019-08-01 09:35:53,3.04,0.8515,90,2.99,0.8375,10,3.02,0.8459,5,3.015,0.8445,146,0
SPY190802P301,2019-08-01,2019-08-01 09:35:54,3.04,0.8515,90,2.99,0.8375,27,3.02,0.8459,5,3.015,0.8445,146,0
SPY190802P301,2019-08-01,2019-08-01 09:35:54,3.05,0.8543,85,2.99,0.8375,10,3.02,0.8459,5,3.02,0.8459,146,0
SPY190802P301,2019-08-01,2019-08-01 09:35:55,3.05,0.8543,85,2.99,0.8375,10,3.02,0.8459,5,3.02,0.8459,146,0
SPY190802P301,2019-08-01,2019-08-01 09:35:55,3.06,0.8571,113,3.0,0.8403,10,3.02,0.8459,5,3.03,0.8487,146,0
SPY190802P301,2019-08-01,2019-08-01 09:35:56,3.05,0.8543,42,2.99,0.8375,68,3.02,0.8459,5,3.02,0.8459,146,0
SPY190802P301,2019-08-01,2019-08-01 09:35:56,3.05,0.8543,10,2.99,0.8375,57,3.02,0.8459,5,3.02,0.8459,146,0
SPY190802P301,2019-08-01,2019-08-01 09:35:57,3.05,0.8543,27,3.0,0.8403,69,3.02,0.8459,5,3.025,0.8473,146,0
SPY190802P301,2019-08-01,2019-08-01 09:35:58,3.07,0.8599,10,3.01,0.8431,10,3.02,0.8459,5,3.04,0.8515,146,0
SPY190802P301,2019-08-01,2019-08-01 09:35:58,3.06,0.8571,62,3.0,0.8403,69,3.02,0.8459,5,3.03,0.8487,146,0
SPY190802P301,2019-08-01,2019-08-01 09:35:59,3.08,0.8627,43,3.01,0.8431,10,3.02,0.8459,5,3.045,0.8529,146,0
SPY190802P301,2019-08-01,2019-08-01 09:35:59,3.12,0.8739,10,3.04,0.8515,10,3.02,0.8459,5,3.08,0.8627,146,0
SPY190802P301,2019-08-01,2019-08-01 09:36:00,3.12,0.8739,10,3.07,0.8599,10,3.02,0.8459,5,3.095,0.8669,146,0
SPY190802P301,2019-08-01,2019-08-01 09:36:01,3.11,0.8711,88,3.05,0.8543,10,3.02,0.8459,5,3.08,0.8627,146,0
SPY190802P301,2019-08-01,2019-08-01 09:36:01,3.12,0.8739,28,2.94,0.8235,5,3.02,0.8459,5,3.03,0.8487,146,0
SPY190802P301,2019-08-01,2019-08-01 09:36:02,3.12,0.8739,5,2.91,0.8151,50,3.02,0.8459,5,3.015,0.8445,146,0
SPY190802P301,2019-08-01,2019-08-01 09:36:02,3.09,0.8655,10,3.03,0.8487,72,3.02,0.8459,5,3.06,0.8571,146,0
SPY190802P301,2019-08-01,2019-08-01 09:36:03,3.08,0.8627,5,3.04,0.8515,10,3.02,0.8459,5,3.06,0.8571,146,0
SPY190802P301,2019-08-01,2019-08-01 09:36:03,3.09,0.8655,103,3.03,0.8487,85,3.02,0.8459,5,3.06,0.8571,146,0
SPY190802P301,2019-08-01,2019-08-01 09:36:04,3.09,0.8655,100,3.03,0.8487,10,3.02,0.8459,5,3.06,0.8571,146,0
SPY190802P301,2019-08-01,2019-08-01 09:36:05,3.09,0.8655,120,3.03,0.8487,10,3.02,0.8459,5,3.06,0.8571,146,0
SPY190802P301,2019-08-01,2019-08-01 09:36:05,3.08,0.8627,5,3.03,0.8487,10,3.02,0.8459,5,3.055,0.8557,146,0
SPY190802P301,2019-08-01,2019-08-01 09:36:06,3.07,0.8599,5,3.01,0.8431,10,3.02,0.8459,5,3.04,0.8515,146,0
SPY190802P301,2019-08-01,2019-08-01 09:36:06,3.07,0.8599,40,3.01,0.8431,57,3.02,0.8459,5,3.04,0.8515,146,0
SPY190802P301,2019-08-01,2019-08-01 09:36:07,3.07,0.8599,120,2.89,0.8095,5,3.02,0.8459,5,2.98,0.8347,146,0
SPY190802P301,2019-08-01,2019-08-01 09:36:07,3.07,0.8599,40,3.0,0.8403,51,3.02,0.8459,5,3.035,0.8501,146,0
SPY190802P301,2019-08-01,2019-08-01 09:36:08,3.07,0.8599,104,3.0,0.8403,100,3.02,0.8459,5,3.035,0.8501,146,0
SPY190802P301,2019-08-01,2019-08-01 09:36:08,3.07,0.8599,10,3.0,0.8403,10,3.02,0.8459,5,3.035,0.8501,146,0
SPY190802P301,2019-08-01,2019-08-01 09:36:09,3.07,0.8599,192,3.01,0.8431,10,3.02,0.8459,5,3.04,0.8515,146,0
SPY190802P301,2019-08-01,2019-08-01 09:36:10,3.07,0.8599,75,3.01,0.8431,39,3.02,0.8459,5,3.04,0.8515,146,0
SPY190802P301,2019-08-01,2019-08-01 09:36:10,3.07,0.8599,75,3.01,0.8431,10,3.02,0.8459,5,3.04,0.8515,146,0
SPY190802P301,2019-08-01,2019-08-01 09:36:11,3.07,0.8599,115,3.01,0.8431,10,3.02,0.8459,5,3.04,0.8515,146,0
SPY190802P301,2019-08-01,2019-08-01 09:36:12,3.07,0.8599,115,3.01,0.8431,10,3.02,0.8459,5,3.04,0.8515,146,0
SPY190802P301,2019-08-01,2019-08-01 09:36:12,3.09,0.8655,5,3.02,0.8459,10,3.02,0.8459,5,3.055,0.8557,146,0
SPY190802P301,2019-08-01,2019-08-01 09:36:13,3.09,0.8655,5,3.0,0.8403,5,3.02,0.8459,5,3.045,0.8529,146,0
SPY190802P301,2019-08-01,2019-08-01 09:36:14,3.04,0.8515,10,2.98,0.8347,10,3.02,0.8459,5,3.01,0.8431,146,0
SPY190802P301,2019-08-01,2019-08-01 09:36:14,3.04,0.8515,92,2.98,0.8347,77,3.02,0.8459,5,3.01,0.8431,146,0
SPY190802P301,2019-08-01,2019-08-01 09:36:15,3.06,0.8571,10,2.99,0.8375,10,3.02,0.8459,5,3.025,0.8473,146,0
SPY190802P301,2019-08-01,2019-08-01 09:36:15,3.06,0.8571,10,3.01,0.8431,10,3.02,0.8459,5,3.035,0.8501,146,0
SPY190802P301,2019-08-01,2019-08-01 09:36:16,3.08,0.8627,52,3.02,0.8459,10,3.02,0.8459,5,3.05,0.8543,146,0
SPY190802P301,2019-08-01,2019-08-01 09:36:16,3.06,0.8571,10,3.01,0.8431,101,3.02,0.8459,5,3.035,0.8501,146,0
SPY190802P301,2019-08-01,2019-08-01 09:36:17,3.07,0.8599,58,3.02,0.8459,10,3.02,0.8459,5,3.045,0.8529,146,0
SPY190802P301,2019-08-01,2019-08-01 09:36:17,3.07,0.8599,71,3.01,0.8431,100,3.02,0.8459,5,3.04,0.8515,146,0
SPY190802P301,2019-08-01,2019-08-01 09:36:18,3.06,0.8571,10,3.01,0.8431,10,3.02,0.8459,5,3.035,0.8501,146,0
SPY190802P301,2019-08-01,2019-08-01 09:36:18,3.06,0.8571,10,3.01,0.8431,57,3.02,0.8459,5,3.035,0.8501,146,0
SPY190802P301,2019-08-01,2019-08-01 09:36:19,3.06,0.8571,10,3.01,0.8431,57,3.02,0.8459,5,3.035,0.8501,146,0
SPY190802P301,2019-08-01,2019-08-01 09:36:20,3.06,0.8571,59,3.01,0.8431,77,3.02,0.8459,5,3.035,0.8501,146,0
SPY190802P301,2019-08-01,2019-08-01 09:36:20,3.06,0.8571,39,3.01,0.8431,57,3.02,0.8459,5,3.035,0.8501,146,0
SPY190802P301,2019-08-01,2019-08-01 09:36:21,3.06,0.8571,59,3.01,0.8431,77,3.02,0.8459,5,3.035,0.8501,146,0
SPY190802P301,2019-08-01,2019-08-01 09:36:21,3.08,0.8627,10,3.01,0.8431,77,3.02,0.8459,5,3.045,0.8529,146,0
SPY190802P301,2019-08-01,2019-08-01 09:36:22,3.08,0.8627,10,3.02,0.8459,98,3.02,0.8459,5,3.05,0.8543,146,0
SPY190802P301,2019-08-01,2019-08-01 09:36:22,3.08,0.8627,31,3.03,0.8487,59,3.02,0.8459,5,3.055,0.8557,146,0
SPY190802P301,2019-08-01,2019-08-01 09:36:23,3.1,0.8683,16,2.92,0.8179,15,3.02,0.8459,5,3.01,0.8431,146,0
SPY190802P301,2019-08-01,2019-08-01 09:36:23,3.1,0.8683,31,3.05,0.8543,10,3.02,0.8459,5,3.075,0.8613,146,0
SPY190802P301,2019-08-01,2019-08-01 09:36:24,3.13,0.8767,10,2.96,0.8291,6,3.02,0.8459,5,3.045,0.8529,146,0
SPY190802P301,2019-08-01,2019-08-01 09:36:25,3.21,0.8991,5,3.07,0.8599,5,3.02,0.8459,5,3.14,0.8795,146,0
SPY190802P301,2019-08-01,2019-08-01 09:36:25,3.13,0.8767,10,2.94,0.8235,120,3.02,0.8459,5,3.035,0.8501,146,0
SPY190802P301,2019-08-01,2019-08-01 09:36:26,3.16,0.8851,10,3.1,0.8683,10,3.02,0.8459,5,3.13,0.8767,146,0
SPY190802P301,2019-08-01,2019-08-01 09:36:26,3.15,0.8823,10,3.1,0.8683,49,3.02,0.8459,5,3.125,0.8753,146,0
SPY190802P301,2019-08-01,2019-08-01 09:36:27,3.15,0.8823,5,3.1,0.8683,5,3.02,0.8459,5,3.125,0.8753,146,0
SPY190802P301,2019-08-01,2019-08-01 09:36:27,3.15,0.8823,10,3.1,0.8683,34,3.02,0.8459,5,3.125,0.8753,146,0
SPY190802P301,2019-08-01,2019-08-01 09:36:28,3.17,0.8879,10,3.12,0.8739,10,3.02,0.8459,5,3.145,0.8809,146,0
SPY190802P301,2019-08-01,2019-08-01 09:36:29,3.2,0.8963,33,3.13,0.8767,5,3.14,0.8795,2,3.165,0.8865,148,0
SPY190802P301,2019-08-01,2019-08-01 09:36:29,3.2,0.8963,33,3.13,0.8767,5,3.14,0.8795,2,3.165,0.8865,148,2
SPY190802P301,2019-08-01,2019-08-01 09:36:30,3.22,0.9019,10,3.15,0.8823,10,3.14,0.8795,2,3.185,0.8921,148,0
SPY190802P301,2019-08-01,2019-08-01 09:36:30,3.22,0.9019,10,3.16,0.8851,10,3.14,0.8795,2,3.19,0.8935,148,0
SPY190802P301,2019-08-01,2019-08-01 09:36:31,3.22,0.9019,10,3.17,0.8879,10,3.14,0.8795,2,3.195,0.8949,148,0
SPY190802P301,2019-08-01,2019-08-01 09:36:31,3.22,0.9019,20,3.15,0.8823,10,3.14,0.8795,2,3.185,0.8921,148,0
SPY190802P301,2019-08-01,2019-08-01 09:36:32,3.2,0.8963,20,3.15,0.8823,10,3.14,0.8795,2,3.175,0.8893,148,0
SPY190802P301,2019-08-01,2019-08-01 09:36:33,3.2,0.8963,124,3.06,0.8571,147,3.14,0.8795,2,3.13,0.8767,148,0
SPY190802P301,2019-08-01,2019-08-01 09:36:33,3.18,0.8907,10,3.13,0.8767,10,3.14,0.8795,2,3.155,0.8837,148,0
SPY190802P301,2019-08-01,2019-08-01 09:36:34,3.18,0.8907,5,3.13,0.8767,10,3.14,0.8795,2,3.155,0.8837,148,0
SPY190802P301,2019-08-01,2019-08-01 09:36:35,3.2,0.8963,122,3.15,0.8823,10,3.14,0.8795,2,3.175,0.8893,148,0
SPY190802P301,2019-08-01,2019-08-01 09:36:35,3.2,0.8963,10,3.13,0.8767,10,3.14,0.8795,2,3.165,0.8865,148,0
SPY190802P301,2019-08-01,2019-08-01 09:36:36,3.2,0.8963,122,3.15,0.8823,10,3.14,0.8795,2,3.175,0.8893,148,0
SPY190802P301,2019-08-01,2019-08-01 09:36:37,3.2,0.8963,120,3.15,0.8823,10,3.14,0.8795,2,3.175,0.8893,148,0
SPY190802P301,2019-08-01,2019-08-01 09:36:38,3.18,0.8907,5,3.12,0.8739,5,3.14,0.8795,2,3.15,0.8823,148,0
SPY190802P301,2019-08-01,2019-08-01 09:36:39,3.17,0.8879,5,3.03,0.8487,61,3.14,0.8795,2,3.1,0.8683,148,0
SPY190802P301,2019-08-01,2019-08-01 09:36:39,3.18,0.8907,139,3.12,0.8739,59,3.14,0.8795,2,3.15,0.8823,148,0
SPY190802P301,2019-08-01,2019-08-01 09:36:40,3.18,0.8907,28,3.11,0.8711,10,3.14,0.8795,2,3.145,0.8809,148,0
SPY190802P301,2019-08-01,2019-08-01 09:36:41,3.18,0.8907,163,3.11,0.8711,10,3.14,0.8795,2,3.145,0.8809,148,0
SPY190802P301,2019-08-01,2019-08-01 09:36:41,3.18,0.8907,163,3.12,0.8739,10,3.14,0.8795,2,3.15,0.8823,148,0
SPY190802P301,2019-08-01,2019-08-01 09:36:42,3.18,0.8907,188,3.12,0.8739,10,3.14,0.8795,2,3.15,0.8823,148,0
SPY190802P301,2019-08-01,2019-08-01 09:36:43,3.18,0.8907,69,3.13,0.8767,10,3.14,0.8795,2,3.155,0.8837,148,0
SPY190802P301,2019-08-01,2019-08-01 09:36:43,3.2,0.8963,183,3.14,0.8795,10,3.14,0.8795,2,3.17,0.8879,148,0
SPY190802P301,2019-08-01,2019-08-01 09:36:44,3.2,0.8963,183,3.14,0.8795,10,3.14,0.8795,2,3.17,0.8879,148,0
SPY190802P301,2019-08-01,2019-08-01 09:36:45,3.19,0.8935,5,3.13,0.8767,10,3.14,0.8795,2,3.16,0.8851,148,0
SPY190802P301,2019-08-01,2019-08-01 09:36:45,3.18,0.8907,20,3.12,0.8739,10,3.14,0.8795,2,3.15,0.8823,148,0
SPY190802P301,2019-08-01,2019-08-01 09:36:46,3.19,0.8935,118,3.13,0.8767,10,3.14,0.8795,2,3.16,0.8851,148,0
SPY190802P301,2019-08-01,2019-08-01 09:36:46,3.19,0.8935,10,3.14,0.8795,79,3.14,0.8795,2,3.165,0.8865,148,0
SPY190802P301,2019-08-01,2019-08-01 09:36:47,3.19,0.8935,29,3.14,0.8795,79,3.14,0.8795,2,3.165,0.8865,148,0
SPY190802P301,2019-08-01,2019-08-01 09:36:48,3.19,0.8935,38,3.13,0.8767,44,3.14,0.8795,2,3.16,0.8851,148,0
SPY190802P301,2019-08-01,2019-08-01 09:36:48,3.19,0.8935,36,3.15,0.8823,10,3.14,0.8795,2,3.17,0.8879,148,0
SPY190802P301,2019-08-01,2019-08-01 09:36:49,3.17,0.8879,10,3.11,0.8711,10,3.14,0.8795,2,3.14,0.8795,148,0
SPY190802P301,2019-08-01,2019-08-01 09:36:49,3.17,0.8879,56,3.11,0.8711,5,3.14,0.8795,2,3.14,0.8795,148,0
SPY190802P301,2019-08-01,2019-08-01 09:36:50,3.2,0.8963,170,3.13,0.8767,20,3.14,0.8795,2,3.165,0.8865,148,0
SPY190802P301,2019-08-01,2019-08-01 09:36:50,3.2,0.8963,170,3.14,0.8795,10,3.14,0.8795,2,3.17,0.8879,148,0
SPY190802P301,2019-08-01,2019-08-01 09:36:51,3.2,0.8963,49,3.14,0.8795,10,3.14,0.8795,2,3.17,0.8879,148,0
SPY190802P301,2019-08-01,2019-08-01 09:36:52,3.2,0.8963,161,3.14,0.8795,10,3.14,0.8795,2,3.17,0.8879,148,0
SPY190802P301,2019-08-01,2019-08-01 09:36:53,3.19,0.8935,20,3.13,0.8767,10,3.14,0.8795,2,3.16,0.8851,148,0
SPY190802P301,2019-08-01,2019-08-01 09:36:53,3.2,0.8963,161,3.15,0.8823,10,3.14,0.8795,2,3.175,0.8893,148,0
SPY190802P301,2019-08-01,2019-08-01 09:36:54,3.19,0.8935,93,3.13,0.8767,10,3.14,0.8795,2,3.16,0.8851,148,0
SPY190802P301,2019-08-01,2019-08-01 09:36:55,3.19,0.8935,99,3.14,0.8795,10,3.14,0.8795,2,3.165,0.8865,148,0
SPY190802P301,2019-08-01,2019-08-01 09:36:55,3.2,0.8963,95,3.14,0.8795,10,3.14,0.8795,2,3.17,0.8879,148,0
SPY190802P301,2019-08-01,2019-08-01 09:36:56,3.18,0.8907,123,3.12,0.8739,10,3.14,0.8795,2,3.15,0.8823,148,0
SPY190802P301,2019-08-01,2019-08-01 09:36:56,3.18,0.8907,160,3.02,0.8459,14,3.14,0.8795,2,3.1,0.8683,148,0
SPY190802P301,2019-08-01,2019-08-01 09:36:57,3.18,0.8907,5,3.03,0.8487,5,3.14,0.8795,2,3.105,0.8697,148,0
SPY190802P301,2019-08-01,2019-08-01 09:36:58,3.14,0.8795,10,3.1,0.8683,20,3.14,0.8795,2,3.12,0.8739,148,0
SPY190802P301,2019-08-01,2019-08-01 09:36:58,3.14,0.8795,10,3.04,0.8515,5,3.14,0.8795,2,3.09,0.8655,148,0
SPY190802P301,2019-08-01,2019-08-01 09:36:59,3.14,0.8795,10,3.11,0.8711,10,3.14,0.8795,2,3.125,0.8753,148,0
SPY190802P301,2019-08-01,2019-08-01 09:36:59,3.14,0.8795,10,3.12,0.8739,10,3.14,0.8795,2,3.13,0.8767,148,0
SPY190802P301,2019-08-01,2019-08-01 09:37:00,3.17,0.8879,73,3.12,0.8739,10,3.14,0.8795,10,3.145,0.8809,158,10
SPY190802P301,2019-08-01,2019-08-01 09:37:00,3.14,0.8795,10,3.12,0.8739,10,3.14,0.8795,2,3.13,0.8767,148,0
SPY190802P301,2019-08-01,2019-08-01 09:37:01,3.17,0.8879,83,3.12,0.8739,10,3.14,0.8795,10,3.145,0.8809,158,0
SPY190802P301,2019-08-01,2019-08-01 09:37:02,3.16,0.8851,191,3.1,0.8683,10,3.14,0.8795,10,3.13,0.8767,158,0
SPY190802P301,2019-08-01,2019-08-01 09:37:02,3.17,0.8879,176,3.11,0.8711,56,3.14,0.8795,10,3.14,0.8795,158,0
SPY190802P301,2019-08-01,2019-08-01 09:37:03,3.15,0.8823,5,3.1,0.8683,10,3.14,0.8795,10,3.125,0.8753,158,0
SPY190802P301,2019-08-01,2019-08-01 09:37:03,3.15,0.8823,8,3.09,0.8655,54,3.14,0.8795,10,3.12,0.8739,158,0
SPY190802P301,2019-08-01,2019-08-01 09:37:04,3.16,0.8851,88,3.11,0.8711,10,3.14,0.8795,10,3.135,0.8781,158,0
SPY190802P301,2019-08-01,2019-08-01 09:37:04,3.17,0.8879,61,3.02,0.8459,6,3.14,0.8795,10,3.095,0.8669,158,0
SPY190802P301,2019-08-01,2019-08-01 09:37:05,3.17,0.8879,61,3.05,0.8543,5,3.14,0.8795,10,3.11,0.8711,158,0
SPY190802P301,2019-08-01,2019-08-01 09:37:06,3.18,0.8907,92,3.12,0.8739,10,3.14,0.8795,10,3.15,0.8823,158,0
SPY190802P301,2019-08-01,2019-08-01 09:37:06,3.17,0.8879,113,3.11,0.8711,35,3.14,0.8795,10,3.14,0.8795,158,0
SPY190802P301,2019-08-01,2019-08-01 09:37:07,3.16,0.8851,20,3.11,0.8711,10,3.14,0.8795,10,3.135,0.8781,158,0
SPY190802P301,2019-08-01,2019-08-01 09:37:07,3.16,0.8851,30,3.11,0.8711,10,3.14,0.8795,10,3.135,0.8781,158,0
SPY190802P301,2019-08-01,2019-08-01 09:37:08,3.17,0.8879,10,3.1,0.8683,20,3.14,0.8795,10,3.135,0.8781,158,0
SPY190802P301,2019-08-01,2019-08-01 09:37:08,3.17,0.8879,20,3.1,0.8683,10,3.14,0.8795,10,3.135,0.8781,158,0
SPY190802P301,2019-08-01,2019-08-01 09:37:09,3.18,0.8907,161,3.11,0.8711,20,3.14,0.8795,10,3.145,0.8809,158,0
SPY190802P301,2019-08-01,2019-08-01 09:37:09,3.18,0.8907,189,3.11,0.8711,20,3.14,0.8795,10,3.145,0.8809,158,0
SPY190802P301,2019-08-01,2019-08-01 09:37:10,3.18,0.8907,10,3.13,0.8767,10,3.14,0.8795,10,3.155,0.8837,158,0
SPY190802P301,2019-08-01,2019-08-01 09:37:10,3.18,0.8907,181,3.12,0.8739,10,3.14,0.8795,10,3.15,0.8823,158,0
SPY190802P301,2019-08-01,2019-08-01 09:37:11,3.19,0.8935,61,3.13,0.8767,10,3.14,0.8795,10,3.16,0.8851,158,0
SPY190802P301,2019-08-01,2019-08-01 09:37:12,3.19,0.8935,132,3.13,0.8767,10,3.14,0.8795,10,3.16,0.8851,158,0
SPY190802P301,2019-08-01,2019-08-01 09:37:12,3.19,0.8935,122,3.13,0.8767,10,3.14,0.8795,10,3.16,0.8851,158,0
SPY190802P301,2019-08-01,2019-08-01 09:37:13,3.2,0.8963,56,3.13,0.8767,10,3.14,0.8795,10,3.165,0.8865,158,0
SPY190802P301,2019-08-01,2019-08-01 09:37:13,3.19,0.8935,34,3.13,0.8767,10,3.14,0.8795,10,3.16,0.8851,158,0
SPY190802P301,2019-08-01,2019-08-01 09:37:14,3.2,0.8963,26,3.15,0.8823,20,3.14,0.8795,10,3.175,0.8893,158,0
SPY190802P301,2019-08-01,2019-08-01 09:37:14,3.2,0.8963,26,3.15,0.8823,49,3.14,0.8795,10,3.175,0.8893,158,0
SPY190802P301,2019-08-01,2019-08-01 09:37:15,3.2,0.8963,26,3.15,0.8823,49,3.14,0.8795,10,3.175,0.8893,158,0
SPY190802P301,2019-08-01,2019-08-01 09:37:16,3.19,0.8935,72,3.13,0.8767,98,3.14,0.8795,10,3.16,0.8851,158,0
SPY190802P301,2019-08-01,2019-08-01 09:37:17,3.19,0.8935,26,3.15,0.8823,10,3.14,0.8795,10,3.17,0.8879,158,0
SPY190802P301,2019-08-01,2019-08-01 09:37:18,3.2,0.8963,26,3.15,0.8823,10,3.14,0.8795,10,3.175,0.8893,158,0
SPY190802P301,2019-08-01,2019-08-01 09:37:18,3.2,0.8963,26,3.15,0.8823,26,3.14,0.8795,10,3.175,0.8893,158,0
SPY190802P301,2019-08-01,2019-08-01 09:37:19,3.2,0.8963,26,3.15,0.8823,64,3.14,0.8795,10,3.175,0.8893,158,0
SPY190802P301,2019-08-01,2019-08-01 09:37:19,3.19,0.8935,26,3.15,0.8823,64,3.14,0.8795,10,3.17,0.8879,158,0
SPY190802P301,2019-08-01,2019-08-01 09:37:20,3.2,0.8963,36,3.15,0.8823,64,3.14,0.8795,10,3.175,0.8893,158,0
SPY190802P301,2019-08-01,2019-08-01 09:37:21,3.2,0.8963,26,3.15,0.8823,64,3.14,0.8795,10,3.175,0.8893,158,0
SPY190802P301,2019-08-01,2019-08-01 09:37:21,3.2,0.8963,26,3.16,0.8851,29,3.14,0.8795,10,3.18,0.8907,158,0
SPY190802P301,2019-08-01,2019-08-01 09:37:22,3.22,0.9019,26,3.18,0.8907,32,3.14,0.8795,10,3.2,0.8963,158,0
SPY190802P301,2019-08-01,2019-08-01 09:37:22,3.22,0.9019,26,3.17,0.8879,10,3.14,0.8795,10,3.195,0.8949,158,0
SPY190802P301,2019-08-01,2019-08-01 09:37:23,3.23,0.9047,40,3.18,0.8907,32,3.14,0.8795,10,3.205,0.8977,158,0
SPY190802P301,2019-08-01,2019-08-01 09:37:23,3.26,0.9131,70,3.18,0.8907,32,3.14,0.8795,10,3.22,0.9019,158,0
SPY190802P301,2019-08-01,2019-08-01 09:37:24,3.23,0.9047,36,3.18,0.8907,10,3.14,0.8795,10,3.205,0.8977,158,0
SPY190802P301,2019-08-01,2019-08-01 09:37:24,3.24,0.9075,26,3.18,0.8907,58,3.14,0.8795,10,3.21,0.8991,158,0
SPY190802P301,2019-08-01,2019-08-01 09:37:25,3.22,0.9019,26,3.18,0.8907,10,3.14,0.8795,10,3.2,0.8963,158,0
SPY190802P301,2019-08-01,2019-08-01 09:37:26,3.24,0.9075,39,3.09,0.8655,5,3.14,0.8795,10,3.165,0.8865,158,0
SPY190802P301,2019-08-01,2019-08-01 09:37:26,3.22,0.9019,90,3.16,0.8851,5,3.14,0.8795,10,3.19,0.8935,158,0
SPY190802P301,2019-08-01,2019-08-01 09:37:27,3.22,0.9019,36,3.17,0.8879,100,3.14,0.8795,10,3.195,0.8949,158,0
SPY190802P301,2019-08-01,2019-08-01 09:37:27,3.22,0.9019,90,3.17,0.8879,10,3.14,0.8795,10,3.195,0.8949,158,0
SPY190802P301,2019-08-01,2019-08-01 09:37:28,3.24,0.9075,125,3.19,0.8935,10,3.14,0.8795,10,3.215,0.9005,158,0
SPY190802P301,2019-08-01,2019-08-01 09:37:28,3.22,0.9019,36,3.18,0.8907,10,3.14,0.8795,10,3.2,0.8963,158,0
SPY190802P301,2019-08-01,2019-08-01 09:37:29,3.23,0.9047,26,3.16,0.8851,10,3.14,0.8795,10,3.195,0.8949,158,0
SPY190802P301,2019-08-01,2019-08-01 09:37:29,3.24,0.9075,152,3.19,0.8935,10,3.14,0.8795,10,3.215,0.9005,158,0
SPY190802P301,2019-08-01,2019-08-01 09:37:30,3.23,0.9047,69,3.17,0.8879,100,3.14,0.8795,10,3.2,0.8963,158,0
SPY190802P301,2019-08-01,2019-08-01 09:37:30,3.23,0.9047,101,3.18,0.8907,10,3.14,0.8795,10,3.205,0.8977,158,0
SPY190802P301,2019-08-01,2019-08-01 09:37:31,3.26,0.9131,81,3.19,0.8935,5,3.14,0.8795,10,3.225,0.9033,158,0
SPY190802P301,2019-08-01,2019-08-01 09:37:32,3.26,0.9131,112,3.21,0.8991,10,3.14,0.8795,10,3.235,0.9061,158,0
SPY190802P301,2019-08-01,2019-08-01 09:37:32,3.26,0.9131,78,3.19,0.8935,5,3.14,0.8795,10,3.225,0.9033,158,0
SPY190802P301,2019-08-01,2019-08-01 09:37:33,3.26,0.9131,99,3.21,0.8991,10,3.14,0.8795,10,3.235,0.9061,158,0
SPY190802P301,2019-08-01,2019-08-01 09:37:33,3.26,0.9131,152,3.21,0.8991,4,3.14,0.8795,10,3.235,0.9061,158,0
SPY190802P301,2019-08-01,2019-08-01 09:37:34,3.27,0.9159,26,3.22,0.9019,49,3.14,0.8795,10,3.245,0.9089,158,0
SPY190802P301,2019-08-01,2019-08-01 09:37:35,3.27,0.9159,41,3.22,0.9019,1,3.14,0.8795,10,3.245,0.9089,158,0
SPY190802P301,2019-08-01,2019-08-01 09:37:35,3.25,0.9103,29,3.21,0.8991,10,3.14,0.8795,10,3.23,0.9047,158,0
SPY190802P301,2019-08-01,2019-08-01 09:37:36,3.25,0.9103,39,3.21,0.8991,10,3.14,0.8795,10,3.23,0.9047,158,0
SPY190802P301,2019-08-01,2019-08-01 09:37:36,3.25,0.9103,29,3.21,0.8991,10,3.14,0.8795,10,3.23,0.9047,158,0
SPY190802P301,2019-08-01,2019-08-01 09:37:37,3.24,0.9075,39,3.21,0.8991,10,3.14,0.8795,10,3.225,0.9033,158,0
SPY190802P301,2019-08-01,2019-08-01 09:37:38,3.24,0.9075,39,3.07,0.8599,15,3.14,0.8795,10,3.155,0.8837,158,0
SPY190802P301,2019-08-01,2019-08-01 09:37:38,3.24,0.9075,120,3.18,0.8907,10,3.14,0.8795,10,3.21,0.8991,158,0
SPY190802P301,2019-08-01,2019-08-01 09:37:39,3.23,0.9047,10,3.16,0.8851,20,3.14,0.8795,10,3.195,0.8949,158,0
SPY190802P301,2019-08-01,2019-08-01 09:37:40,3.23,0.9047,29,3.19,0.8935,5,3.14,0.8795,10,3.21,0.8991,158,0
SPY190802P301,2019-08-01,2019-08-01 09:37:40,3.24,0.9075,39,3.2,0.8963,10,3.14,0.8795,10,3.22,0.9019,158,0
SPY190802P301,2019-08-01,2019-08-01 09:37:41,3.24,0.9075,29,3.2,0.8963,10,3.14,0.8795,10,3.22,0.9019,158,0
SPY190802P301,2019-08-01,2019-08-01 09:37:41,3.25,0.9103,29,3.2,0.8963,10,3.14,0.8795,10,3.225,0.9033,158,0
SPY190802P301,2019-08-01,2019-08-01 09:37:42,3.25,0.9103,29,3.21,0.8991,10,3.14,0.8795,10,3.23,0.9047,158,0
SPY190802P301,2019-08-01,2019-08-01 09:37:42,3.25,0.9103,39,3.21,0.8991,10,3.14,0.8795,10,3.23,0.9047,158,0
SPY190802P301,2019-08-01,2019-08-01 09:37:43,3.24,0.9075,10,3.19,0.8935,10,3.14,0.8795,10,3.215,0.9005,158,0
SPY190802P301,2019-08-01,2019-08-01 09:37:43,3.25,0.9103,39,3.2,0.8963,56,3.14,0.8795,10,3.225,0.9033,158,0
SPY190802P301,2019-08-01,2019-08-01 09:37:44,3.26,0.9131,116,3.19,0.8935,10,3.14,0.8795,10,3.225,0.9033,158,0
SPY190802P301,2019-08-01,2019-08-01 09:37:45,3.26,0.9131,129,3.2,0.8963,10,3.14,0.8795,10,3.23,0.9047,158,0
SPY190802P301,2019-08-01,2019-08-01 09:37:45,3.25,0.9103,81,3.2,0.8963,10,3.23,0.9047,10,3.225,0.9033,168,10
SPY190802P301,2019-08-01,2019-08-01 09:37:46,3.27,0.9159,69,3.21,0.8991,10,3.23,0.9047,10,3.24,0.9075,168,0
SPY190802P301,2019-08-01,2019-08-01 09:37:46,3.25,0.9103,20,3.2,0.8963,10,3.23,0.9047,10,3.225,0.9033,168,0
SPY190802P301,2019-08-01,2019-08-01 09:37:47,3.26,0.9131,82,3.21,0.8991,10,3.23,0.9047,10,3.235,0.9061,168,0
SPY190802P301,2019-08-01,2019-08-01 09:37:48,3.24,0.9075,1,3.2,0.8963,10,3.23,0.9047,10,3.22,0.9019,168,0
SPY190802P301,2019-08-01,2019-08-01 09:37:48,3.25,0.9103,1,3.2,0.8963,10,3.23,0.9047,10,3.225,0.9033,168,0
SPY190802P301,2019-08-01,2019-08-01 09:37:49,3.26,0.9131,76,3.2,0.8963,10,3.23,0.9047,10,3.23,0.9047,168,0
SPY190802P301,2019-08-01,2019-08-01 09:37:50,3.25,0.9103,8,3.17,0.8879,27,3.23,0.9047,10,3.21,0.8991,168,0
SPY190802P301,2019-08-01,2019-08-01 09:37:50,3.25,0.9103,8,3.17,0.8879,5,3.23,0.9047,10,3.21,0.8991,168,0
SPY190802P301,2019-08-01,2019-08-01 09:37:51,3.23,0.9047,43,3.17,0.8879,20,3.23,0.9047,10,3.2,0.8963,168,0
SPY190802P301,2019-08-01,2019-08-01 09:37:52,3.23,0.9047,43,3.18,0.8907,10,3.23,0.9047,10,3.205,0.8977,168,0
SPY190802P301,2019-08-01,2019-08-01 09:37:52,3.23,0.9047,48,3.18,0.8907,10,3.23,0.9047,10,3.205,0.8977,168,0
SPY190802P301,2019-08-01,2019-08-01 09:37:53,3.23,0.9047,48,3.18,0.8907,10,3.23,0.9047,10,3.205,0.8977,168,0
SPY190802P301,2019-08-01,2019-08-01 09:37:54,3.23,0.9047,10,3.08,0.8627,50,3.23,0.9047,10,3.155,0.8837,168,0
SPY190802P301,2019-08-01,2019-08-01 09:37:54,3.22,0.9019,5,3.08,0.8627,50,3.23,0.9047,10,3.15,0.8823,168,0
SPY190802P301,2019-08-01,2019-08-01 09:37:55,3.22,0.9019,106,3.16,0.8851,10,3.23,0.9047,10,3.19,0.8935,168,0
SPY190802P301,2019-08-01,2019-08-01 09:37:55,3.21,0.8991,10,3.16,0.8851,10,3.23,0.9047,10,3.185,0.8921,168,0
SPY190802P301,2019-08-01,2019-08-01 09:37:56,3.21,0.8991,30,3.16,0.8851,10,3.23,0.9047,10,3.185,0.8921,168,0
SPY190802P301,2019-08-01,2019-08-01 09:37:56,3.22,0.9019,127,3.16,0.8851,10,3.23,0.9047,10,3.19,0.8935,168,0
SPY190802P301,2019-08-01,2019-08-01 09:37:57,3.21,0.8991,37,3.16,0.8851,10,3.23,0.9047,10,3.185,0.8921,168,0
SPY190802P301,2019-08-01,2019-08-01 09:37:58,3.21,0.8991,86,3.16,0.8851,10,3.23,0.9047,10,3.185,0.8921,168,0
SPY190802P301,2019-08-01,2019-08-01 09:37:59,3.21,0.8991,15,3.14,0.8795,10,3.23,0.9047,10,3.175,0.8893,168,0
SPY190802P301,2019-08-01,2019-08-01 09:38:00,3.17,0.8879,20,3.12,0.8739,10,3.23,0.9047,10,3.145,0.8809,168,0
SPY190802P301,2019-08-01,2019-08-01 09:38:00,3.19,0.8935,10,3.12,0.8739,10,3.23,0.9047,10,3.155,0.8837,168,0
SPY190802P301,2019-08-01,2019-08-01 09:38:01,3.19,0.8935,76,3.14,0.8795,10,3.23,0.9047,10,3.165,0.8865,168,0
SPY190802P301,2019-08-01,2019-08-01 09:38:01,3.21,0.8991,20,3.15,0.8823,10,3.23,0.9047,10,3.18,0.8907,168,0
SPY190802P301,2019-08-01,2019-08-01 09:38:02,3.23,0.9047,81,3.16,0.8851,10,3.23,0.9047,10,3.195,0.8949,168,0
SPY190802P301,2019-08-01,2019-08-01 09:38:03,3.23,0.9047,113,3.18,0.8907,10,3.23,0.9047,10,3.205,0.8977,168,0
SPY190802P301,2019-08-01,2019-08-01 09:38:03,3.22,0.9019,8,3.18,0.8907,10,3.23,0.9047,10,3.2,0.8963,168,0
SPY190802P301,2019-08-01,2019-08-01 09:38:04,3.22,0.9019,20,3.17,0.8879,10,3.23,0.9047,10,3.195,0.8949,168,0
SPY190802P301,2019-08-01,2019-08-01 09:38:04,3.21,0.8991,10,3.16,0.8851,10,3.23,0.9047,10,3.185,0.8921,168,0
SPY190802P301,2019-08-01,2019-08-01 09:38:05,3.22,0.9019,70,3.16,0.8851,10,3.23,0.9047,10,3.19,0.8935,168,0
SPY190802P301,2019-08-01,2019-08-01 09:38:05,3.21,0.8991,72,3.16,0.8851,10,3.23,0.9047,10,3.185,0.8921,168,0
SPY190802P301,2019-08-01,2019-08-01 09:38:06,3.22,0.9019,10,3.16,0.8851,3,3.23,0.9047,10,3.19,0.8935,168,0
SPY190802P301,2019-08-01,2019-08-01 09:38:07,3.2,0.8963,5,3.13,0.8767,110,3.23,0.9047,10,3.165,0.8865,168,0
SPY190802P301,2019-08-01,2019-08-01 09:38:07,3.21,0.8991,20,3.16,0.8851,10,3.23,0.9047,10,3.185,0.8921,168,0
SPY190802P301,2019-08-01,2019-08-01 09:38:08,3.2,0.8963,61,3.13,0.8767,110,3.23,0.9047,10,3.165,0.8865,168,0
SPY190802P301,2019-08-01,2019-08-01 09:38:08,3.2,0.8963,10,3.14,0.8795,10,3.23,0.9047,10,3.17,0.8879,168,0
SPY190802P301,2019-08-01,2019-08-01 09:38:09,3.18,0.8907,10,3.12,0.8739,10,3.23,0.9047,10,3.15,0.8823,168,0
SPY190802P301,2019-08-01,2019-08-01 09:38:09,3.2,0.8963,5,3.13,0.8767,56,3.23,0.9047,10,3.165,0.8865,168,0
SPY190802P301,2019-08-01,2019-08-01 09:38:10,3.18,0.8907,103,3.12,0.8739,10,3.23,0.9047,10,3.15,0.8823,168,0
SPY190802P301,2019-08-01,2019-08-01 09:38:11,3.17,0.8879,60,3.11,0.8711,4,3.23,0.9047,10,3.14,0.8795,168,0
SPY190802P301,2019-08-01,2019-08-01 09:38:11,3.17,0.8879,10,3.11,0.8711,10,3.23,0.9047,10,3.14,0.8795,168,0
SPY190802P301,2019-08-01,2019-08-01 09:38:12,3.16,0.8851,20,3.1,0.8683,142,3.23,0.9047,10,3.13,0.8767,168,0
SPY190802P301,2019-08-01,2019-08-01 09:38:12,3.16,0.8851,45,3.1,0.8683,142,3.23,0.9047,10,3.13,0.8767,168,0
SPY190802P301,2019-08-01,2019-08-01 09:38:13,3.16,0.8851,45,3.1,0.8683,88,3.23,0.9047,10,3.13,0.8767,168,0
SPY190802P301,2019-08-01,2019-08-01 09:38:13,3.16,0.8851,45,3.1,0.8683,10,3.23,0.9047,10,3.13,0.8767,168,0
SPY190802P301,2019-08-01,2019-08-01 09:38:14,3.15,0.8823,30,3.1,0.8683,10,3.23,0.9047,10,3.125,0.8753,168,0
SPY190802P301,2019-08-01,2019-08-01 09:38:15,3.14,0.8795,10,3.09,0.8655,10,3.23,0.9047,10,3.115,0.8725,168,0
SPY190802P301,2019-08-01,2019-08-01 09:38:15,3.14,0.8795,10,3.0,0.8403,50,3.23,0.9047,10,3.07,0.8599,168,0
SPY190802P301,2019-08-01,2019-08-01 09:38:16,3.14,0.8795,5,3.07,0.8599,5,3.23,0.9047,10,3.105,0.8697,168,0
SPY190802P301,2019-08-01,2019-08-01 09:38:17,3.14,0.8795,10,3.08,0.8627,10,3.23,0.9047,10,3.11,0.8711,168,0
SPY190802P301,2019-08-01,2019-08-01 09:38:17,3.17,0.8879,56,3.0,0.8403,5,3.23,0.9047,10,3.085,0.8641,168,0
SPY190802P301,2019-08-01,2019-08-01 09:38:18,3.12,0.8739,98,3.06,0.8571,28,3.23,0.9047,10,3.09,0.8655,168,0
SPY190802P301,2019-08-01,2019-08-01 09:38:19,3.12,0.8739,20,3.06,0.8571,28,3.23,0.9047,10,3.09,0.8655,168,0
SPY190802P301,2019-08-01,2019-08-01 09:38:19,3.13,0.8767,10,3.08,0.8627,10,3.23,0.9047,10,3.105,0.8697,168,0
SPY190802P301,2019-08-01,2019-08-01 09:38:20,3.12,0.8739,5,3.06,0.8571,10,3.23,0.9047,10,3.09,0.8655,168,0
SPY190802P301,2019-08-01,2019-08-01 09:38:20,3.12,0.8739,83,3.06,0.8571,20,3.23,0.9047,10,3.09,0.8655,168,0
SPY190802P301,2019-08-01,2019-08-01 09:38:21,3.13,0.8767,30,3.08,0.8627,10,3.23,0.9047,10,3.105,0.8697,168,0
SPY190802P301,2019-08-01,2019-08-01 09:38:21,3.13,0.8767,99,3.08,0.8627,10,3.23,0.9047,10,3.105,0.8697,168,0
SPY190802P301,2019-08-01,2019-08-01 09:38:22,3.13,0.8767,10,3.08,0.8627,10,3.23,0.9047,10,3.105,0.8697,168,0
SPY190802P301,2019-08-01,2019-08-01 09:38:23,3.13,0.8767,10,3.08,0.8627,10,3.23,0.9047,10,3.105,0.8697,168,0
SPY190802P301,2019-08-01,2019-08-01 09:38:24,3.13,0.8767,15,3.08,0.8627,10,3.23,0.9047,10,3.105,0.8697,168,0
SPY190802P301,2019-08-01,2019-08-01 09:38:24,3.13,0.8767,15,3.08,0.8627,29,3.23,0.9047,10,3.105,0.8697,168,0
SPY190802P301,2019-08-01,2019-08-01 09:38:25,3.13,0.8767,10,3.08,0.8627,29,3.23,0.9047,10,3.105,0.8697,168,0
SPY190802P301,2019-08-01,2019-08-01 09:38:25,3.16,0.8851,10,3.08,0.8627,5,3.23,0.9047,10,3.12,0.8739,168,0
SPY190802P301,2019-08-01,2019-08-01 09:38:26,3.16,0.8851,20,3.1,0.8683,10,3.23,0.9047,10,3.13,0.8767,168,0
SPY190802P301,2019-08-01,2019-08-01 09:38:27,3.23,0.9047,101,3.02,0.8459,244,3.23,0.9047,10,3.125,0.8753,168,0
SPY190802P301,2019-08-01,2019-08-01 09:38:27,3.21,0.8991,103,3.03,0.8487,5,3.23,0.9047,10,3.12,0.8739,168,0
SPY190802P301,2019-08-01,2019-08-01 09:38:28,3.16,0.8851,37,3.1,0.8683,10,3.23,0.9047,10,3.13,0.8767,168,0
SPY190802P301,2019-08-01,2019-08-01 09:38:28,3.17,0.8879,10,3.03,0.8487,5,3.23,0.9047,10,3.1,0.8683,168,0
SPY190802P301,2019-08-01,2019-08-01 09:38:29,3.18,0.8907,10,3.1,0.8683,31,3.23,0.9047,10,3.14,0.8795,168,0
SPY190802P301,2019-08-01,2019-08-01 09:38:29,3.18,0.8907,20,3.12,0.8739,10,3.23,0.9047,10,3.15,0.8823,168,0
SPY190802P301,2019-08-01,2019-08-01 09:38:30,3.18,0.8907,20,3.12,0.8739,10,3.23,0.9047,10,3.15,0.8823,168,0
SPY190802P301,2019-08-01,2019-08-01 09:38:30,3.18,0.8907,20,3.14,0.8795,10,3.23,0.9047,10,3.16,0.8851,168,0
SPY190802P301,2019-08-01,2019-08-01 09:38:31,3.2,0.8963,5,3.12,0.8739,37,3.23,0.9047,10,3.16,0.8851,168,0
SPY190802P301,2019-08-01,2019-08-01 09:38:32,3.19,0.8935,5,3.12,0.8739,10,3.23,0.9047,10,3.155,0.8837,168,0
SPY190802P301,2019-08-01,2019-08-01 09:38:32,3.19,0.8935,65,3.12,0.8739,50,3.23,0.9047,10,3.155,0.8837,168,0
SPY190802P301,2019-08-01,2019-08-01 09:38:33,3.19,0.8935,41,3.14,0.8795,10,3.23,0.9047,10,3.165,0.8865,168,0
SPY190802P301,2019-08-01,2019-08-01 09:38:34,3.18,0.8907,1,3.12,0.8739,50,3.23,0.9047,10,3.15,0.8823,168,0
SPY190802P301,2019-08-01,2019-08-01 09:38:35,3.19,0.8935,62,3.12,0.8739,36,3.23,0.9047,10,3.155,0.8837,168,0
SPY190802P301,2019-08-01,2019-08-01 09:38:35,3.19,0.8935,67,3.12,0.8739,36,3.23,0.9047,10,3.155,0.8837,168,0
SPY190802P301,2019-08-01,2019-08-01 09:38:36,3.18,0.8907,10,3.13,0.8767,10,3.23,0.9047,10,3.155,0.8837,168,0
SPY190802P301,2019-08-01,2019-08-01 09:38:36,3.19,0.8935,62,3.13,0.8767,10,3.23,0.9047,10,3.16,0.8851,168,0
SPY190802P301,2019-08-01,2019-08-01 09:38:37,3.21,0.8991,30,3.15,0.8823,10,3.23,0.9047,10,3.18,0.8907,168,0
SPY190802P301,2019-08-01,2019-08-01 09:38:37,3.2,0.8963,10,3.13,0.8767,10,3.23,0.9047,10,3.165,0.8865,168,0
SPY190802P301,2019-08-01,2019-08-01 09:38:38,3.2,0.8963,10,3.15,0.8823,10,3.23,0.9047,10,3.175,0.8893,168,0
SPY190802P301,2019-08-01,2019-08-01 09:38:39,3.2,0.8963,10,3.15,0.8823,10,3.23,0.9047,10,3.175,0.8893,168,0
SPY190802P301,2019-08-01,2019-08-01 09:38:39,3.22,0.9019,11,3.04,0.8515,77,3.23,0.9047,10,3.13,0.8767,168,0
SPY190802P301,2019-08-01,2019-08-01 09:38:40,3.22,0.9019,20,3.15,0.8823,10,3.23,0.9047,10,3.185,0.8921,168,0
SPY190802P301,2019-08-01,2019-08-01 09:38:40,3.22,0.9019,1,3.16,0.8851,55,3.23,0.9047,10,3.19,0.8935,168,0
SPY190802P301,2019-08-01,2019-08-01 09:38:41,3.23,0.9047,125,3.16,0.8851,20,3.23,0.9047,10,3.195,0.8949,168,0
SPY190802P301,2019-08-01,2019-08-01 09:38:41,3.22,0.9019,24,3.16,0.8851,20,3.23,0.9047,10,3.19,0.8935,168,0
SPY190802P301,2019-08-01,2019-08-01 09:38:42,3.21,0.8991,24,3.15,0.8823,10,3.23,0.9047,10,3.18,0.8907,168,0
SPY190802P301,2019-08-01,2019-08-01 09:38:42,3.21,0.8991,24,3.16,0.8851,20,3.23,0.9047,10,3.185,0.8921,168,0
SPY190802P301,2019-08-01,2019-08-01 09:38:43,3.21,0.8991,24,3.14,0.8795,33,3.23,0.9047,10,3.175,0.8893,168,0
SPY190802P301,2019-08-01,2019-08-01 09:38:44,3.18,0.8907,24,3.15,0.8823,10,3.23,0.9047,10,3.165,0.8865,168,0
SPY190802P301,2019-08-01,2019-08-01 09:38:44,3.21,0.8991,24,3.15,0.8823,10,3.23,0.9047,10,3.18,0.8907,168,0
SPY190802P301,2019-08-01,2019-08-01 09:38:45,3.18,0.8907,10,3.15,0.8823,10,3.18,0.8907,1,3.165,0.8865,169,0
SPY190802P301,2019-08-01,2019-08-01 09:38:45,3.18,0.8907,20,3.15,0.8823,10,3.18,0.8907,1,3.165,0.8865,169,1
SPY190802P301,2019-08-01,2019-08-01 09:38:46,3.19,0.8935,227,3.12,0.8739,10,3.18,0.8907,1,3.155,0.8837,169,0
SPY190802P301,2019-08-01,2019-08-01 09:38:46,3.18,0.8907,46,3.11,0.8711,41,3.18,0.8907,1,3.145,0.8809,169,0
SPY190802P301,2019-08-01,2019-08-01 09:38:47,3.18,0.8907,10,3.13,0.8767,10,3.18,0.8907,1,3.155,0.8837,169,0
SPY190802P301,2019-08-01,2019-08-01 09:38:48,3.19,0.8935,158,3.13,0.8767,10,3.18,0.8907,1,3.16,0.8851,169,0
SPY190802P301,2019-08-01,2019-08-01 09:38:48,3.19,0.8935,100,3.13,0.8767,10,3.18,0.8907,1,3.16,0.8851,169,0
SPY190802P301,2019-08-01,2019-08-01 09:38:49,3.18,0.8907,20,3.13,0.8767,10,3.18,0.8907,1,3.155,0.8837,169,0
SPY190802P301,2019-08-01,2019-08-01 09:38:49,3.19,0.8935,152,3.13,0.8767,10,3.18,0.8907,1,3.16,0.8851,169,0
SPY190802P301,2019-08-01,2019-08-01 09:38:50,3.19,0.8935,152,3.13,0.8767,10,3.18,0.8907,1,3.16,0.8851,169,0
SPY190802P301,2019-08-01,2019-08-01 09:38:50,3.19,0.8935,77,3.13,0.8767,10,3.18,0.8907,1,3.16,0.8851,169,0
SPY190802P301,2019-08-01,2019-08-01 09:38:51,3.19,0.8935,77,3.13,0.8767,33,3.18,0.8907,1,3.16,0.8851,169,0
SPY190802P301,2019-08-01,2019-08-01 09:38:52,3.18,0.8907,20,3.12,0.8739,10,3.18,0.8907,1,3.15,0.8823,169,0
SPY190802P301,2019-08-01,2019-08-01 09:38:52,3.18,0.8907,30,3.12,0.8739,10,3.18,0.8907,1,3.15,0.8823,169,0
SPY190802P301,2019-08-01,2019-08-01 09:38:53,3.18,0.8907,77,3.12,0.8739,10,3.18,0.8907,1,3.15,0.8823,169,0
SPY190802P301,2019-08-01,2019-08-01 09:38:53,3.16,0.8851,121,3.1,0.8683,10,3.18,0.8907,1,3.13,0.8767,169,0
SPY190802P301,2019-08-01,2019-08-01 09:38:54,3.14,0.8795,66,3.08,0.8627,10,3.18,0.8907,1,3.11,0.8711,169,0
SPY190802P301,2019-08-01,2019-08-01 09:38:55,3.14,0.8795,102,3.08,0.8627,5,3.18,0.8907,1,3.11,0.8711,169,0
SPY190802P301,2019-08-01,2019-08-01 09:38:55,3.23,0.9047,5,3.0,0.8403,5,3.18,0.8907,1,3.115,0.8725,169,0
SPY190802P301,2019-08-01,2019-08-01 09:38:56,3.14,0.8795,10,3.08,0.8627,10,3.18,0.8907,1,3.11,0.8711,169,0
SPY190802P301,2019-08-01,2019-08-01 09:38:57,3.17,0.8879,1,3.06,0.8571,10,3.18,0.8907,1,3.115,0.8725,169,0
SPY190802P301,2019-08-01,2019-08-01 09:38:57,3.13,0.8767,10,3.06,0.8571,10,3.18,0.8907,1,3.095,0.8669,169,0
SPY190802P301,2019-08-01,2019-08-01 09:38:58,3.14,0.8795,20,3.08,0.8627,10,3.18,0.8907,1,3.11,0.8711,169,0
SPY190802P301,2019-08-01,2019-08-01 09:38:58,3.14,0.8795,168,3.08,0.8627,46,3.18,0.8907,1,3.11,0.8711,169,0
SPY190802P301,2019-08-01,2019-08-01 09:38:59,3.14,0.8795,123,3.08,0.8627,45,3.18,0.8907,1,3.11,0.8711,169,0
SPY190802P301,2019-08-01,2019-08-01 09:39:00,3.14,0.8795,28,3.04,0.8515,10,3.18,0.8907,1,3.09,0.8655,169,0
SPY190802P301,2019-08-01,2019-08-01 09:39:00,3.11,0.8711,81,3.04,0.8515,10,3.18,0.8907,1,3.075,0.8613,169,0
SPY190802P301,2019-08-01,2019-08-01 09:39:01,3.09,0.8655,5,3.01,0.8431,5,3.18,0.8907,1,3.05,0.8543,169,0
SPY190802P301,2019-08-01,2019-08-01 09:39:02,3.07,0.8599,10,3.01,0.8431,10,3.18,0.8907,1,3.04,0.8515,169,0
SPY190802P301,2019-08-01,2019-08-01 09:39:02,3.1,0.8683,5,2.94,0.8235,5,3.18,0.8907,1,3.02,0.8459,169,0
SPY190802P301,2019-08-01,2019-08-01 09:39:03,3.07,0.8599,104,3.01,0.8431,10,3.18,0.8907,1,3.04,0.8515,169,0
SPY190802P301,2019-08-01,2019-08-01 09:39:03,3.06,0.8571,113,2.98,0.8347,5,3.18,0.8907,1,3.02,0.8459,169,0
SPY190802P301,2019-08-01,2019-08-01 09:39:04,3.06,0.8571,5,2.91,0.8151,5,3.18,0.8907,1,2.985,0.8361,169,0
SPY190802P301,2019-08-01,2019-08-01 09:39:04,3.05,0.8543,104,2.9,0.8123,5,3.18,0.8907,1,2.975,0.8333,169,0
SPY190802P301,2019-08-01,2019-08-01 09:39:05,3.02,0.8459,5,2.95,0.8263,35,3.18,0.8907,1,2.985,0.8361,169,0
SPY190802P301,2019-08-01,2019-08-01 09:39:05,3.03,0.8487,61,2.89,0.8095,2,3.18,0.8907,1,2.96,0.8291,169,0
SPY190802P301,2019-08-01,2019-08-01 09:39:06,3.01,0.8431,10,2.92,0.8179,10,3.18,0.8907,1,2.965,0.8305,169,0
SPY190802P301,2019-08-01,2019-08-01 09:39:07,2.98,0.8347,10,2.92,0.8179,42,3.18,0.8907,1,2.95,0.8263,169,0
SPY190802P301,2019-08-01,2019-08-01 09:39:07,2.98,0.8347,20,2.93,0.8207,10,3.18,0.8907,1,2.955,0.8277,169,0
SPY190802P301,2019-08-01,2019-08-01 09:39:08,3.07,0.8599,20,2.81,0.7871,77,3.18,0.8907,1,2.94,0.8235,169,0
SPY190802P301,2019-08-01,2019-08-01 09:39:08,2.98,0.8347,71,2.92,0.8179,10,3.18,0.8907,1,2.95,0.8263,169,0
SPY190802P301,2019-08-01,2019-08-01 09:39:09,2.97,0.8319,10,2.9,0.8123,138,3.18,0.8907,1,2.935,0.8221,169,0
SPY190802P301,2019-08-01,2019-08-01 09:39:09,2.96,0.8291,20,2.9,0.8123,100,3.18,0.8907,1,2.93,0.8207,169,0
SPY190802P301,2019-08-01,2019-08-01 09:39:10,2.96,0.8291,99,2.9,0.8123,77,3.18,0.8907,1,2.93,0.8207,169,0
SPY190802P301,2019-08-01,2019-08-01 09:39:10,2.96,0.8291,44,2.9,0.8123,20,3.18,0.8907,1,2.93,0.8207,169,0
SPY190802P301,2019-08-01,2019-08-01 09:39:11,2.96,0.8291,129,2.9,0.8123,28,3.18,0.8907,1,2.93,0.8207,169,0
SPY190802P301,2019-08-01,2019-08-01 09:39:12,2.96,0.8291,129,2.9,0.8123,28,3.18,0.8907,1,2.93,0.8207,169,0
SPY190802P301,2019-08-01,2019-08-01 09:39:12,2.97,0.8319,82,2.9,0.8123,20,3.18,0.8907,1,2.935,0.8221,169,0
SPY190802P301,2019-08-01,2019-08-01 09:39:13,2.96,0.8291,85,2.91,0.8151,10,3.18,0.8907,1,2.935,0.8221,169,0
SPY190802P301,2019-08-01,2019-08-01 09:39:13,2.97,0.8319,181,2.91,0.8151,10,3.18,0.8907,1,2.94,0.8235,169,0
SPY190802P301,2019-08-01,2019-08-01 09:39:14,2.96,0.8291,139,2.9,0.8123,100,3.18,0.8907,1,2.93,0.8207,169,0
SPY190802P301,2019-08-01,2019-08-01 09:39:14,2.96,0.8291,139,2.9,0.8123,150,3.18,0.8907,1,2.93,0.8207,169,0
SPY190802P301,2019-08-01,2019-08-01 09:39:15,2.96,0.8291,78,2.9,0.8123,100,3.18,0.8907,1,2.93,0.8207,169,0
SPY190802P301,2019-08-01,2019-08-01 09:39:16,2.95,0.8263,10,2.9,0.8123,40,3.18,0.8907,1,2.925,0.8193,169,0
SPY190802P301,2019-08-01,2019-08-01 09:39:16,2.96,0.8291,191,2.9,0.8123,40,3.18,0.8907,1,2.93,0.8207,169,0
SPY190802P301,2019-08-01,2019-08-01 09:39:17,2.95,0.8263,20,2.9,0.8123,10,3.18,0.8907,1,2.925,0.8193,169,0
SPY190802P301,2019-08-01,2019-08-01 09:39:17,2.95,0.8263,20,2.9,0.8123,66,3.18,0.8907,1,2.925,0.8193,169,0
SPY190802P301,2019-08-01,2019-08-01 09:39:18,2.95,0.8263,20,2.77,0.7759,2,3.18,0.8907,1,2.86,0.8011,169,0
SPY190802P301,2019-08-01,2019-08-01 09:39:18,2.97,0.8319,150,2.91,0.8151,10,3.18,0.8907,1,2.94,0.8235,169,0
SPY190802P301,2019-08-01,2019-08-01 09:39:19,3.05,0.8543,100,2.91,0.8151,5,3.18,0.8907,1,2.98,0.8347,169,0
SPY190802P301,2019-08-01,2019-08-01 09:39:19,3.06,0.8571,100,2.91,0.8151,5,3.18,0.8907,1,2.985,0.8361,169,0
SPY190802P301,2019-08-01,2019-08-01 09:39:20,3.01,0.8431,20,2.94,0.8235,20,3.18,0.8907,1,2.975,0.8333,169,0
SPY190802P301,2019-08-01,2019-08-01 09:39:21,3.01,0.8431,198,2.95,0.8263,10,3.18,0.8907,1,2.98,0.8347,169,0
SPY190802P301,2019-08-01,2019-08-01 09:39:21,3.01,0.8431,90,2.96,0.8291,10,3.18,0.8907,1,2.985,0.8361,169,0
SPY190802P301,2019-08-01,2019-08-01 09:39:22,3.0,0.8403,30,2.95,0.8263,10,3.18,0.8907,1,2.975,0.8333,169,0
SPY190802P301,2019-08-01,2019-08-01 09:39:22,3.01,0.8431,153,2.95,0.8263,10,3.18,0.8907,1,2.98,0.8347,169,0
SPY190802P301,2019-08-01,2019-08-01 09:39:23,3.01,0.8431,100,2.95,0.8263,10,3.18,0.8907,1,2.98,0.8347,169,0
SPY190802P301,2019-08-01,2019-08-01 09:39:23,3.01,0.8431,5,2.95,0.8263,10,3.18,0.8907,1,2.98,0.8347,169,0
SPY190802P301,2019-08-01,2019-08-01 09:39:24,3.01,0.8431,136,2.95,0.8263,10,3.18,0.8907,1,2.98,0.8347,169,0
SPY190802P301,2019-08-01,2019-08-01 09:39:25,2.99,0.8375,2,2.79,0.7815,50,3.18,0.8907,1,2.89,0.8095,169,0
SPY190802P301,2019-08-01,2019-08-01 09:39:25,2.99,0.8375,10,2.93,0.8207,10,3.18,0.8907,1,2.96,0.8291,169,0
SPY190802P301,2019-08-01,2019-08-01 09:39:26,3.05,0.8543,24,2.82,0.7899,38,3.18,0.8907,1,2.935,0.8221,169,0
SPY190802P301,2019-08-01,2019-08-01 09:39:26,3.06,0.8571,24,2.82,0.7899,38,3.18,0.8907,1,2.94,0.8235,169,0
SPY190802P301,2019-08-01,2019-08-01 09:39:27,3.03,0.8487,24,2.85,0.7983,2,3.18,0.8907,1,2.94,0.8235,169,0
SPY190802P301,2019-08-01,2019-08-01 09:39:27,2.96,0.8291,65,2.91,0.8151,10,3.18,0.8907,1,2.935,0.8221,169,0
SPY190802P301,2019-08-01,2019-08-01 09:39:28,2.95,0.8263,10,2.88,0.8067,10,3.18,0.8907,1,2.915,0.8165,169,0
SPY190802P301,2019-08-01,2019-08-01 09:39:28,2.94,0.8235,34,2.88,0.8067,177,3.18,0.8907,1,2.91,0.8151,169,0
SPY190802P301,2019-08-01,2019-08-01 09:39:29,2.94,0.8235,24,2.9,0.8123,10,3.18,0.8907,1,2.92,0.8179,169,0
SPY190802P301,2019-08-01,2019-08-01 09:39:30,2.97,0.8319,24,2.9,0.8123,10,3.18,0.8907,1,2.935,0.8221,169,0
SPY190802P301,2019-08-01,2019-08-01 09:39:30,2.94,0.8235,24,2.9,0.8123,34,3.18,0.8907,1,2.92,0.8179,169,0
SPY190802P301,2019-08-01,2019-08-01 09:39:31,2.98,0.8347,105,2.84,0.7955,5,3.18,0.8907,1,2.91,0.8151,169,0
SPY190802P301,2019-08-01,2019-08-01 09:39:31,2.97,0.8319,24,2.93,0.8207,10,3.18,0.8907,1,2.95,0.8263,169,0
SPY190802P301,2019-08-01,2019-08-01 09:39:32,2.99,0.8375,24,2.94,0.8235,10,3.18,0.8907,1,2.965,0.8305,169,0
SPY190802P301,2019-08-01,2019-08-01 09:39:33,2.99,0.8375,62,2.94,0.8235,10,3.18,0.8907,1,2.965,0.8305,169,0
SPY190802P301,2019-08-01,2019-08-01 09:39:33,2.99,0.8375,50,2.94,0.8235,37,3.18,0.8907,1,2.965,0.8305,169,0
SPY190802P301,2019-08-01,2019-08-01 09:39:34,2.98,0.8347,34,2.93,0.8207,10,3.18,0.8907,1,2.955,0.8277,169,0
SPY190802P301,2019-08-01,2019-08-01 09:39:35,2.96,0.8291,24,2.92,0.8179,41,3.18,0.8907,1,2.94,0.8235,169,0
SPY190802P301,2019-08-01,2019-08-01 09:39:35,2.98,0.8347,34,2.93,0.8207,72,3.18,0.8907,1,2.955,0.8277,169,0
SPY190802P301,2019-08-01,2019-08-01 09:39:36,2.99,0.8375,112,2.93,0.8207,10,3.18,0.8907,1,2.96,0.8291,169,0
SPY190802P301,2019-08-01,2019-08-01 09:39:36,2.99,0.8375,188,2.92,0.8179,10,3.18,0.8907,1,2.955,0.8277,169,0
SPY190802P301,2019-08-01,2019-08-01 09:39:37,2.98,0.8347,24,2.93,0.8207,10,3.18,0.8907,1,2.955,0.8277,169,0
SPY190802P301,2019-08-01,2019-08-01 09:39:38,2.98,0.8347,37,2.93,0.8207,35,3.18,0.8907,1,2.955,0.8277,169,0
SPY190802P301,2019-08-01,2019-08-01 09:39:38,2.98,0.8347,67,2.93,0.8207,10,3.18,0.8907,1,2.955,0.8277,169,0
SPY190802P301,2019-08-01,2019-08-01 09:39:39,2.99,0.8375,10,2.77,0.7759,77,3.18,0.8907,1,2.88,0.8067,169,0
SPY190802P301,2019-08-01,2019-08-01 09:39:39,2.99,0.8375,28,2.94,0.8235,20,3.18,0.8907,1,2.965,0.8305,169,0
SPY190802P301,2019-08-01,2019-08-01 09:39:40,2.99,0.8375,10,2.93,0.8207,94,3.18,0.8907,1,2.96,0.8291,169,0
SPY190802P301,2019-08-01,2019-08-01 09:39:41,3.0,0.8403,97,2.94,0.8235,20,3.18,0.8907,1,2.97,0.8319,169,0
SPY190802P301,2019-08-01,2019-08-01 09:39:41,2.99,0.8375,37,2.94,0.8235,32,3.18,0.8907,1,2.965,0.8305,169,0
SPY190802P301,2019-08-01,2019-08-01 09:39:42,3.0,0.8403,24,2.95,0.8263,10,3.18,0.8907,1,2.975,0.8333,169,0
SPY190802P301,2019-08-01,2019-08-01 09:39:42,2.99,0.8375,24,2.95,0.8263,10,3.18,0.8907,1,2.97,0.8319,169,0
SPY190802P301,2019-08-01,2019-08-01 09:39:43,3.0,0.8403,77,2.95,0.8263,10,3.18,0.8907,1,2.975,0.8333,169,0
SPY190802P301,2019-08-01,2019-08-01 09:39:44,2.99,0.8375,65,2.95,0.8263,10,3.18,0.8907,1,2.97,0.8319,169,0
SPY190802P301,2019-08-01,2019-08-01 09:39:44,2.99,0.8375,136,2.93,0.8207,68,3.18,0.8907,1,2.96,0.8291,169,0
SPY190802P301,2019-08-01,2019-08-01 09:39:45,2.99,0.8375,89,2.93,0.8207,130,3.18,0.8907,1,2.96,0.8291,169,0
SPY190802P301,2019-08-01,2019-08-01 09:39:45,2.99,0.8375,37,2.93,0.8207,42,3.18,0.8907,1,2.96,0.8291,169,0
SPY190802P301,2019-08-01,2019-08-01 09:39:46,3.0,0.8403,57,2.94,0.8235,100,3.18,0.8907,1,2.97,0.8319,169,0
SPY190802P301,2019-08-01,2019-08-01 09:39:46,3.0,0.8403,57,2.93,0.8207,130,3.18,0.8907,1,2.965,0.8305,169,0
SPY190802P301,2019-08-01,2019-08-01 09:39:47,3.0,0.8403,57,2.94,0.8235,5,3.18,0.8907,1,2.97,0.8319,169,0
SPY190802P301,2019-08-01,2019-08-01 09:39:48,3.0,0.8403,29,2.94,0.8235,59,3.18,0.8907,1,2.97,0.8319,169,0
SPY190802P301,2019-08-01,2019-08-01 09:39:48,3.07,0.8599,2,2.94,0.8235,40,3.18,0.8907,1,3.005,0.8417,169,0
SPY190802P301,2019-08-01,2019-08-01 09:39:49,3.0,0.8403,29,2.94,0.8235,59,3.18,0.8907,1,2.97,0.8319,169,0
SPY190802P301,2019-08-01,2019-08-01 09:39:49,3.0,0.8403,29,2.95,0.8263,38,3.18,0.8907,1,2.975,0.8333,169,0
SPY190802P301,2019-08-01,2019-08-01 09:39:50,3.02,0.8459,5,2.95,0.8263,50,3.18,0.8907,1,2.985,0.8361,169,0
SPY190802P301,2019-08-01,2019-08-01 09:39:52,3.05,0.8543,143,2.99,0.8375,63,3.18,0.8907,1,3.02,0.8459,169,0
SPY190802P301,2019-08-01,2019-08-01 09:39:52,3.02,0.8459,57,2.96,0.8291,10,3.18,0.8907,1,2.99,0.8375,169,0
SPY190802P301,2019-08-01,2019-08-01 09:39:53,3.05,0.8543,153,2.99,0.8375,78,3.18,0.8907,1,3.02,0.8459,169,0
SPY190802P301,2019-08-01,2019-08-01 09:39:54,3.05,0.8543,153,2.99,0.8375,78,3.18,0.8907,1,3.02,0.8459,169,0
SPY190802P301,2019-08-01,2019-08-01 09:39:55,3.05,0.8543,153,2.99,0.8375,78,3.18,0.8907,1,3.02,0.8459,169,0
SPY190802P301,2019-08-01,2019-08-01 09:39:56,3.04,0.8515,29,3.0,0.8403,10,3.18,0.8907,1,3.02,0.8459,169,0
SPY190802P301,2019-08-01,2019-08-01 09:39:56,3.02,0.8459,29,2.89,0.8095,2,3.18,0.8907,1,2.955,0.8277,169,0
SPY190802P301,2019-08-01,2019-08-01 09:39:57,3.02,0.8459,114,2.9,0.8123,2,3.18,0.8907,1,2.96,0.8291,169,0
SPY190802P301,2019-08-01,2019-08-01 09:39:57,3.02,0.8459,29,2.97,0.8319,10,3.18,0.8907,1,2.995,0.8389,169,0
SPY190802P301,2019-08-01,2019-08-01 09:39:58,3.01,0.8431,29,2.95,0.8263,10,3.18,0.8907,1,2.98,0.8347,169,0
SPY190802P301,2019-08-01,2019-08-01 09:39:59,3.01,0.8431,39,2.94,0.8235,10,3.18,0.8907,1,2.975,0.8333,169,0
SPY190802P301,2019-08-01,2019-08-01 09:40:00,3.02,0.8459,71,2.96,0.8291,10,3.18,0.8907,1,2.99,0.8375,169,0
SPY190802P301,2019-08-01,2019-08-01 09:40:01,2.99,0.8375,10,2.81,0.7871,15,3.18,0.8907,1,2.9,0.8123,169,0
SPY190802P301,2019-08-01,2019-08-01 09:40:01,2.99,0.8375,158,2.93,0.8207,83,3.18,0.8907,1,2.96,0.8291,169,0
SPY190802P301,2019-08-01,2019-08-01 09:40:02,2.99,0.8375,158,2.93,0.8207,83,3.18,0.8907,1,2.96,0.8291,169,0
SPY190802P301,2019-08-01,2019-08-01 09:40:03,2.99,0.8375,41,2.93,0.8207,83,3.18,0.8907,1,2.96,0.8291,169,0
SPY190802P301,2019-08-01,2019-08-01 09:40:03,2.99,0.8375,128,2.93,0.8207,84,3.18,0.8907,1,2.96,0.8291,169,0
SPY190802P301,2019-08-01,2019-08-01 09:40:04,2.99,0.8375,20,2.94,0.8235,5,3.18,0.8907,1,2.965,0.8305,169,0
SPY190802P301,2019-08-01,2019-08-01 09:40:05,3.01,0.8431,109,2.95,0.8263,20,3.18,0.8907,1,2.98,0.8347,169,0
SPY190802P301,2019-08-01,2019-08-01 09:40:05,3.02,0.8459,140,2.96,0.8291,54,3.18,0.8907,1,2.99,0.8375,169,0
SPY190802P301,2019-08-01,2019-08-01 09:40:06,3.03,0.8487,140,2.97,0.8319,20,3.18,0.8907,1,3.0,0.8403,169,0
SPY190802P301,2019-08-01,2019-08-01 09:40:06,3.02,0.8459,10,2.97,0.8319,67,3.18,0.8907,1,2.995,0.8389,169,0
SPY190802P301,2019-08-01,2019-08-01 09:40:07,3.03,0.8487,100,2.97,0.8319,67,3.18,0.8907,1,3.0,0.8403,169,0
SPY190802P301,2019-08-01,2019-08-01 09:40:08,3.04,0.8515,71,2.98,0.8347,10,3.18,0.8907,1,3.01,0.8431,169,0
SPY190802P301,2019-08-01,2019-08-01 09:40:08,3.03,0.8487,100,2.84,0.7955,10,3.18,0.8907,1,2.935,0.8221,169,0
SPY190802P301,2019-08-01,2019-08-01 09:40:09,3.02,0.8459,37,2.97,0.8319,89,3.18,0.8907,1,2.995,0.8389,169,0
SPY190802P301,2019-08-01,2019-08-01 09:40:09,3.02,0.8459,27,2.97,0.8319,89,3.18,0.8907,1,2.995,0.8389,169,0
SPY190802P301,2019-08-01,2019-08-01 09:40:10,3.04,0.8515,26,2.98,0.8347,20,3.18,0.8907,1,3.01,0.8431,169,0
SPY190802P301,2019-08-01,2019-08-01 09:40:11,3.05,0.8543,20,2.99,0.8375,10,3.18,0.8907,1,3.02,0.8459,169,0
SPY190802P301,2019-08-01,2019-08-01 09:40:11,3.05,0.8543,26,3.0,0.8403,20,3.18,0.8907,1,3.025,0.8473,169,0
SPY190802P301,2019-08-01,2019-08-01 09:40:12,3.06,0.8571,26,3.02,0.8459,10,3.18,0.8907,1,3.04,0.8515,169,0
SPY190802P301,2019-08-01,2019-08-01 09:40:12,3.07,0.8599,106,3.02,0.8459,10,3.18,0.8907,1,3.045,0.8529,169,0
SPY190802P301,2019-08-01,2019-08-01 09:40:13,3.08,0.8627,146,3.03,0.8487,10,3.18,0.8907,1,3.055,0.8557,169,0
SPY190802P301,2019-08-01,2019-08-01 09:40:13,3.06,0.8571,26,3.02,0.8459,10,3.18,0.8907,1,3.04,0.8515,169,0
SPY190802P301,2019-08-01,2019-08-01 09:40:14,3.07,0.8599,26,3.02,0.8459,10,3.18,0.8907,1,3.045,0.8529,169,0
SPY190802P301,2019-08-01,2019-08-01 09:40:15,3.08,0.8627,131,3.03,0.8487,10,3.18,0.8907,1,3.055,0.8557,169,0
SPY190802P301,2019-08-01,2019-08-01 09:40:16,3.09,0.8655,20,3.03,0.8487,20,3.18,0.8907,1,3.06,0.8571,169,0
SPY190802P301,2019-08-01,2019-08-01 09:40:17,3.11,0.8711,10,3.05,0.8543,10,3.18,0.8907,1,3.08,0.8627,169,0
SPY190802P301,2019-08-01,2019-08-01 09:40:17,3.11,0.8711,127,3.06,0.8571,10,3.18,0.8907,1,3.085,0.8641,169,0
SPY190802P301,2019-08-01,2019-08-01 09:40:18,3.1,0.8683,75,3.05,0.8543,10,3.18,0.8907,1,3.075,0.8613,169,0
SPY190802P301,2019-08-01,2019-08-01 09:40:19,3.11,0.8711,52,3.06,0.8571,10,3.18,0.8907,1,3.085,0.8641,169,0
SPY190802P301,2019-08-01,2019-08-01 09:40:19,3.14,0.8795,58,3.08,0.8627,10,3.18,0.8907,1,3.11,0.8711,169,0
SPY190802P301,2019-08-01,2019-08-01 09:40:20,3.13,0.8767,20,3.06,0.8571,96,3.18,0.8907,1,3.095,0.8669,169,0
