symbol,Date,quote_time,ask_price,norm_ask_price,ask_size,bid_price,norm_bid_price,bid_size,last_trade_price,norm_last_trade_price,last_trade_size,mark_price,norm_mark_price,volume,Volume
SPY190812C293,2019-08-09,2019-08-09 09:30:00,1.35,0.7336,727,1.3,0.7065,276,1.34,0.7282,2,1.325,0.7201,3,3
SPY190812C293,2019-08-09,2019-08-09 09:30:00,1.84,1.0,2,0.0,0.0,0,2.0,1.0869,1,0.92,0.5,0,0
SPY190812C293,2019-08-09,2019-08-09 09:30:01,1.34,0.7282,100,1.3,0.7065,100,1.34,0.7282,2,1.32,0.7173,3,0
SPY190812C293,2019-08-09,2019-08-09 09:30:01,1.34,0.7282,100,1.29,0.701,55,1.34,0.7282,2,1.315,0.7146,3,0
SPY190812C293,2019-08-09,2019-08-09 09:30:02,1.32,0.7173,391,1.27,0.6902,50,1.34,0.7282,2,1.295,0.7038,3,0
SPY190812C293,2019-08-09,2019-08-09 09:30:02,1.32,0.7173,5,1.27,0.6902,5,1.34,0.7282,2,1.295,0.7038,3,0
SPY190812C293,2019-08-09,2019-08-09 09:30:03,1.34,0.7282,294,1.26,0.6847,70,1.34,0.7282,2,1.3,0.7065,3,0
SPY190812C293,2019-08-09,2019-08-09 09:30:04,1.34,0.7282,294,1.26,0.6847,70,1.34,0.7282,2,1.3,0.7065,3,0
SPY190812C293,2019-08-09,2019-08-09 09:30:05,1.34,0.7282,294,1.29,0.701,60,1.34,0.7282,2,1.315,0.7146,3,0
SPY190812C293,2019-08-09,2019-08-09 09:30:05,1.34,0.7282,294,1.26,0.6847,70,1.34,0.7282,2,1.3,0.7065,3,0
SPY190812C293,2019-08-09,2019-08-09 09:30:06,1.34,0.7282,294,1.29,0.701,60,1.34,0.7282,2,1.315,0.7146,3,0
SPY190812C293,2019-08-09,2019-08-09 09:30:06,1.34,0.7282,377,1.29,0.701,60,1.34,0.7282,2,1.315,0.7146,3,0
SPY190812C293,2019-08-09,2019-08-09 09:30:07,1.34,0.7282,377,1.29,0.701,60,1.34,0.7282,2,1.315,0.7146,3,0
SPY190812C293,2019-08-09,2019-08-09 09:30:07,1.32,0.7173,5,1.29,0.701,60,1.34,0.7282,2,1.305,0.7092,3,0
SPY190812C293,2019-08-09,2019-08-09 09:30:08,1.32,0.7173,5,1.29,0.701,60,1.34,0.7282,2,1.305,0.7092,3,0
SPY190812C293,2019-08-09,2019-08-09 09:30:09,1.35,0.7336,289,1.29,0.701,60,1.28,0.6956,1,1.32,0.7173,4,1
SPY190812C293,2019-08-09,2019-08-09 09:30:09,1.35,0.7336,289,1.29,0.701,60,1.28,0.6956,1,1.32,0.7173,4,0
SPY190812C293,2019-08-09,2019-08-09 09:30:10,1.35,0.7336,289,1.29,0.701,60,1.28,0.6956,1,1.32,0.7173,4,0
SPY190812C293,2019-08-09,2019-08-09 09:30:11,1.35,0.7336,289,1.29,0.701,60,1.28,0.6956,1,1.32,0.7173,4,0
SPY190812C293,2019-08-09,2019-08-09 09:30:12,1.35,0.7336,289,1.29,0.701,60,1.28,0.6956,1,1.32,0.7173,4,0
SPY190812C293,2019-08-09,2019-08-09 09:30:12,1.35,0.7336,289,1.29,0.701,60,1.29,0.701,1,1.32,0.7173,20,16
SPY190812C293,2019-08-09,2019-08-09 09:30:13,1.34,0.7282,60,1.29,0.701,60,1.29,0.701,1,1.315,0.7146,20,0
SPY190812C293,2019-08-09,2019-08-09 09:30:13,1.35,0.7336,289,1.29,0.701,60,1.29,0.701,1,1.32,0.7173,20,0
SPY190812C293,2019-08-09,2019-08-09 09:30:14,1.34,0.7282,236,1.29,0.701,60,1.29,0.701,1,1.315,0.7146,20,0
SPY190812C293,2019-08-09,2019-08-09 09:30:15,1.32,0.7173,5,1.29,0.701,60,1.29,0.701,1,1.305,0.7092,20,0
SPY190812C293,2019-08-09,2019-08-09 09:30:16,1.33,0.7228,263,1.29,0.701,60,1.29,0.701,1,1.31,0.7119,20,0
SPY190812C293,2019-08-09,2019-08-09 09:30:17,1.33,0.7228,263,1.29,0.701,60,1.29,0.701,1,1.31,0.7119,20,0
SPY190812C293,2019-08-09,2019-08-09 09:30:18,1.33,0.7228,327,1.29,0.701,60,1.29,0.701,1,1.31,0.7119,20,0
SPY190812C293,2019-08-09,2019-08-09 09:30:19,1.33,0.7228,327,1.28,0.6956,100,1.3,0.7065,3,1.305,0.7092,26,0
SPY190812C293,2019-08-09,2019-08-09 09:30:19,1.33,0.7228,327,1.29,0.701,60,1.3,0.7065,3,1.31,0.7119,26,6
SPY190812C293,2019-08-09,2019-08-09 09:30:20,1.32,0.7173,77,1.28,0.6956,100,1.3,0.7065,3,1.3,0.7065,26,0
SPY190812C293,2019-08-09,2019-08-09 09:30:20,1.33,0.7228,327,1.28,0.6956,100,1.3,0.7065,3,1.305,0.7092,26,0
SPY190812C293,2019-08-09,2019-08-09 09:30:21,1.29,0.701,118,1.26,0.6847,29,1.3,0.7065,3,1.275,0.6929,26,0
SPY190812C293,2019-08-09,2019-08-09 09:30:21,1.3,0.7065,435,1.26,0.6847,29,1.3,0.7065,3,1.28,0.6956,26,0
SPY190812C293,2019-08-09,2019-08-09 09:30:22,1.28,0.6956,5,1.25,0.6793,134,1.3,0.7065,3,1.265,0.6875,26,0
SPY190812C293,2019-08-09,2019-08-09 09:30:22,1.3,0.7065,464,1.26,0.6847,50,1.3,0.7065,3,1.28,0.6956,26,0
SPY190812C293,2019-08-09,2019-08-09 09:30:23,1.32,0.7173,231,1.29,0.701,118,1.3,0.7065,3,1.305,0.7092,26,0
SPY190812C293,2019-08-09,2019-08-09 09:30:23,1.33,0.7228,335,1.29,0.701,134,1.3,0.7065,3,1.31,0.7119,26,0
SPY190812C293,2019-08-09,2019-08-09 09:30:24,1.31,0.7119,14,1.29,0.701,14,1.3,0.7065,3,1.3,0.7065,26,0
SPY190812C293,2019-08-09,2019-08-09 09:30:24,1.32,0.7173,451,1.28,0.6956,32,1.3,0.7065,3,1.3,0.7065,26,0
SPY190812C293,2019-08-09,2019-08-09 09:30:25,1.32,0.7173,79,1.3,0.7065,8,1.3,0.7065,3,1.31,0.7119,26,0
SPY190812C293,2019-08-09,2019-08-09 09:30:25,1.32,0.7173,6,1.3,0.7065,8,1.3,0.7065,3,1.31,0.7119,26,0
SPY190812C293,2019-08-09,2019-08-09 09:30:26,1.32,0.7173,6,1.3,0.7065,3,1.3,0.7065,3,1.31,0.7119,26,0
SPY190812C293,2019-08-09,2019-08-09 09:30:26,1.32,0.7173,11,1.3,0.7065,3,1.3,0.7065,3,1.31,0.7119,26,0
SPY190812C293,2019-08-09,2019-08-09 09:30:27,1.32,0.7173,1,1.3,0.7065,8,1.3,0.7065,3,1.31,0.7119,26,0
SPY190812C293,2019-08-09,2019-08-09 09:30:27,1.32,0.7173,1,1.31,0.7119,3,1.3,0.7065,3,1.315,0.7146,26,0
SPY190812C293,2019-08-09,2019-08-09 09:30:28,1.32,0.7173,1,1.3,0.7065,168,1.3,0.7065,3,1.31,0.7119,26,0
SPY190812C293,2019-08-09,2019-08-09 09:30:29,1.31,0.7119,110,1.3,0.7065,1,1.31,0.7119,3,1.305,0.7092,34,8
SPY190812C293,2019-08-09,2019-08-09 09:30:29,1.32,0.7173,110,1.3,0.7065,3,1.3,0.7065,3,1.31,0.7119,26,0
SPY190812C293,2019-08-09,2019-08-09 09:30:30,1.31,0.7119,64,1.3,0.7065,1,1.31,0.7119,3,1.305,0.7092,34,0
SPY190812C293,2019-08-09,2019-08-09 09:30:30,1.31,0.7119,110,1.3,0.7065,1,1.31,0.7119,3,1.305,0.7092,34,0
SPY190812C293,2019-08-09,2019-08-09 09:30:31,1.31,0.7119,3,1.3,0.7065,1,1.31,0.7119,3,1.305,0.7092,34,0
SPY190812C293,2019-08-09,2019-08-09 09:30:31,1.31,0.7119,231,1.27,0.6902,5,1.3,0.7065,1,1.29,0.701,35,1
SPY190812C293,2019-08-09,2019-08-09 09:30:32,1.3,0.7065,165,1.27,0.6902,115,1.3,0.7065,1,1.285,0.6983,35,0
SPY190812C293,2019-08-09,2019-08-09 09:30:32,1.3,0.7065,165,1.28,0.6956,32,1.3,0.7065,1,1.29,0.701,35,0
SPY190812C293,2019-08-09,2019-08-09 09:30:33,1.3,0.7065,5,1.28,0.6956,82,1.3,0.7065,10,1.29,0.701,45,0
SPY190812C293,2019-08-09,2019-08-09 09:30:33,1.31,0.7119,3,1.29,0.701,5,1.3,0.7065,10,1.3,0.7065,45,10
SPY190812C293,2019-08-09,2019-08-09 09:30:34,1.31,0.7119,3,1.29,0.701,5,1.3,0.7065,10,1.3,0.7065,45,0
SPY190812C293,2019-08-09,2019-08-09 09:30:35,1.31,0.7119,6,1.28,0.6956,115,1.3,0.7065,10,1.295,0.7038,45,0
SPY190812C293,2019-08-09,2019-08-09 09:30:35,1.31,0.7119,6,1.29,0.701,5,1.3,0.7065,10,1.3,0.7065,45,0
SPY190812C293,2019-08-09,2019-08-09 09:30:36,1.31,0.7119,5,1.29,0.701,5,1.3,0.7065,10,1.3,0.7065,45,0
SPY190812C293,2019-08-09,2019-08-09 09:30:37,1.31,0.7119,5,1.29,0.701,5,1.3,0.7065,10,1.3,0.7065,45,0
SPY190812C293,2019-08-09,2019-08-09 09:30:38,1.31,0.7119,3,1.27,0.6902,92,1.3,0.7065,10,1.29,0.701,45,0
SPY190812C293,2019-08-09,2019-08-09 09:30:38,1.3,0.7065,5,1.28,0.6956,60,1.3,0.7065,10,1.29,0.701,45,0
SPY190812C293,2019-08-09,2019-08-09 09:30:39,1.3,0.7065,5,1.29,0.701,14,1.3,0.7065,10,1.295,0.7038,45,0
SPY190812C293,2019-08-09,2019-08-09 09:30:39,1.3,0.7065,14,1.29,0.701,14,1.3,0.7065,10,1.295,0.7038,45,0
SPY190812C293,2019-08-09,2019-08-09 09:30:40,1.29,0.701,1,1.28,0.6956,47,1.3,0.7065,10,1.285,0.6983,45,0
SPY190812C293,2019-08-09,2019-08-09 09:30:40,1.29,0.701,1,1.27,0.6902,87,1.3,0.7065,10,1.28,0.6956,45,0
SPY190812C293,2019-08-09,2019-08-09 09:30:41,1.29,0.701,5,1.27,0.6902,5,1.3,0.7065,10,1.28,0.6956,45,0
SPY190812C293,2019-08-09,2019-08-09 09:30:41,1.29,0.701,5,1.26,0.6847,245,1.3,0.7065,10,1.275,0.6929,45,0
SPY190812C293,2019-08-09,2019-08-09 09:30:42,1.29,0.701,1,1.27,0.6902,139,1.29,0.701,1,1.28,0.6956,46,1
SPY190812C293,2019-08-09,2019-08-09 09:30:42,1.31,0.7119,5,1.28,0.6956,165,1.29,0.701,1,1.295,0.7038,46,0
SPY190812C293,2019-08-09,2019-08-09 09:30:43,1.31,0.7119,3,1.3,0.7065,47,1.29,0.701,1,1.305,0.7092,46,0
SPY190812C293,2019-08-09,2019-08-09 09:30:43,1.31,0.7119,3,1.3,0.7065,14,1.31,0.7119,1,1.305,0.7092,47,1
SPY190812C293,2019-08-09,2019-08-09 09:30:44,1.31,0.7119,3,1.3,0.7065,14,1.31,0.7119,1,1.305,0.7092,47,0
SPY190812C293,2019-08-09,2019-08-09 09:30:45,1.31,0.7119,39,1.3,0.7065,14,1.31,0.7119,1,1.305,0.7092,47,0
SPY190812C293,2019-08-09,2019-08-09 09:30:45,1.31,0.7119,3,1.3,0.7065,14,1.31,0.7119,1,1.305,0.7092,47,0
SPY190812C293,2019-08-09,2019-08-09 09:30:46,1.32,0.7173,14,1.31,0.7119,14,1.31,0.7119,1,1.315,0.7146,47,0
SPY190812C293,2019-08-09,2019-08-09 09:30:46,1.32,0.7173,64,1.31,0.7119,14,1.31,0.7119,1,1.315,0.7146,47,0
SPY190812C293,2019-08-09,2019-08-09 09:30:47,1.31,0.7119,5,1.28,0.6956,92,1.31,0.7119,1,1.295,0.7038,47,0
SPY190812C293,2019-08-09,2019-08-09 09:30:47,1.31,0.7119,5,1.28,0.6956,216,1.31,0.7119,1,1.295,0.7038,47,0
SPY190812C293,2019-08-09,2019-08-09 09:30:48,1.3,0.7065,5,1.28,0.6956,165,1.31,0.7119,1,1.29,0.701,48,0
SPY190812C293,2019-08-09,2019-08-09 09:30:48,1.31,0.7119,5,1.28,0.6956,42,1.31,0.7119,1,1.295,0.7038,48,1
SPY190812C293,2019-08-09,2019-08-09 09:30:49,1.3,0.7065,5,1.27,0.6902,198,1.31,0.7119,1,1.285,0.6983,48,0
SPY190812C293,2019-08-09,2019-08-09 09:30:49,1.31,0.7119,1,1.28,0.6956,165,1.31,0.7119,1,1.295,0.7038,48,0
SPY190812C293,2019-08-09,2019-08-09 09:30:50,1.32,0.7173,326,1.28,0.6956,14,1.31,0.7119,1,1.3,0.7065,48,0
SPY190812C293,2019-08-09,2019-08-09 09:30:50,1.31,0.7119,5,1.28,0.6956,165,1.31,0.7119,1,1.295,0.7038,48,0
SPY190812C293,2019-08-09,2019-08-09 09:30:51,1.31,0.7119,5,1.29,0.701,96,1.31,0.7119,1,1.3,0.7065,48,0
SPY190812C293,2019-08-09,2019-08-09 09:30:51,1.31,0.7119,5,1.28,0.6956,215,1.31,0.7119,1,1.295,0.7038,48,0
SPY190812C293,2019-08-09,2019-08-09 09:30:52,1.31,0.7119,14,1.29,0.701,14,1.31,0.7119,1,1.3,0.7065,48,0
SPY190812C293,2019-08-09,2019-08-09 09:30:52,1.32,0.7173,6,1.29,0.701,50,1.31,0.7119,1,1.305,0.7092,48,0
SPY190812C293,2019-08-09,2019-08-09 09:30:53,1.31,0.7119,5,1.27,0.6902,165,1.31,0.7119,1,1.29,0.701,48,0
SPY190812C293,2019-08-09,2019-08-09 09:30:53,1.31,0.7119,17,1.28,0.6956,14,1.31,0.7119,1,1.295,0.7038,48,0
SPY190812C293,2019-08-09,2019-08-09 09:30:54,1.31,0.7119,115,1.28,0.6956,92,1.31,0.7119,1,1.295,0.7038,48,0
SPY190812C293,2019-08-09,2019-08-09 09:30:54,1.31,0.7119,100,1.28,0.6956,165,1.31,0.7119,1,1.295,0.7038,48,0
SPY190812C293,2019-08-09,2019-08-09 09:30:55,1.31,0.7119,5,1.28,0.6956,165,1.31,0.7119,1,1.295,0.7038,48,0
SPY190812C293,2019-08-09,2019-08-09 09:30:55,1.31,0.7119,5,1.28,0.6956,187,1.31,0.7119,1,1.295,0.7038,48,0
SPY190812C293,2019-08-09,2019-08-09 09:30:56,1.31,0.7119,5,1.29,0.701,14,1.31,0.7119,1,1.3,0.7065,48,0
SPY190812C293,2019-08-09,2019-08-09 09:30:56,1.31,0.7119,5,1.28,0.6956,251,1.31,0.7119,1,1.295,0.7038,48,0
SPY190812C293,2019-08-09,2019-08-09 09:30:57,1.31,0.7119,100,1.29,0.701,14,1.31,0.7119,1,1.3,0.7065,48,0
SPY190812C293,2019-08-09,2019-08-09 09:30:58,1.31,0.7119,100,1.3,0.7065,1,1.31,0.7119,1,1.305,0.7092,48,0
SPY190812C293,2019-08-09,2019-08-09 09:30:59,1.31,0.7119,5,1.3,0.7065,1,1.31,0.7119,1,1.305,0.7092,48,0
SPY190812C293,2019-08-09,2019-08-09 09:30:59,1.31,0.7119,100,1.3,0.7065,1,1.31,0.7119,1,1.305,0.7092,48,0
SPY190812C293,2019-08-09,2019-08-09 09:31:00,1.32,0.7173,1,1.3,0.7065,1,1.31,0.7119,1,1.31,0.7119,48,0
SPY190812C293,2019-08-09,2019-08-09 09:31:00,1.32,0.7173,6,1.3,0.7065,1,1.31,0.7119,1,1.31,0.7119,48,0
SPY190812C293,2019-08-09,2019-08-09 09:31:01,1.32,0.7173,1,1.3,0.7065,2,1.31,0.7119,1,1.31,0.7119,48,0
SPY190812C293,2019-08-09,2019-08-09 09:31:01,1.32,0.7173,1,1.3,0.7065,5,1.31,0.7119,1,1.31,0.7119,48,0
SPY190812C293,2019-08-09,2019-08-09 09:31:02,1.32,0.7173,1,1.3,0.7065,133,1.31,0.7119,1,1.31,0.7119,48,0
SPY190812C293,2019-08-09,2019-08-09 09:31:02,1.32,0.7173,1,1.3,0.7065,143,1.31,0.7119,1,1.31,0.7119,48,0
SPY190812C293,2019-08-09,2019-08-09 09:31:03,1.32,0.7173,1,1.3,0.7065,143,1.31,0.7119,1,1.31,0.7119,48,0
SPY190812C293,2019-08-09,2019-08-09 09:31:03,1.34,0.7282,5,1.31,0.7119,33,1.32,0.7173,1,1.325,0.7201,49,1
SPY190812C293,2019-08-09,2019-08-09 09:31:04,1.34,0.7282,5,1.31,0.7119,165,1.32,0.7173,1,1.325,0.7201,49,0
SPY190812C293,2019-08-09,2019-08-09 09:31:05,1.34,0.7282,5,1.31,0.7119,165,1.32,0.7173,1,1.325,0.7201,49,0
SPY190812C293,2019-08-09,2019-08-09 09:31:06,1.35,0.7336,115,1.32,0.7173,5,1.32,0.7173,1,1.335,0.7255,49,0
SPY190812C293,2019-08-09,2019-08-09 09:31:06,1.34,0.7282,14,1.32,0.7173,24,1.32,0.7173,1,1.33,0.7228,49,0
SPY190812C293,2019-08-09,2019-08-09 09:31:07,1.35,0.7336,5,1.33,0.7228,48,1.32,0.7173,1,1.34,0.7282,49,0
SPY190812C293,2019-08-09,2019-08-09 09:31:07,1.35,0.7336,100,1.33,0.7228,17,1.32,0.7173,1,1.34,0.7282,49,0
SPY190812C293,2019-08-09,2019-08-09 09:31:08,1.35,0.7336,5,1.33,0.7228,23,1.32,0.7173,1,1.34,0.7282,49,0
SPY190812C293,2019-08-09,2019-08-09 09:31:09,1.35,0.7336,106,1.33,0.7228,23,1.32,0.7173,1,1.34,0.7282,49,0
SPY190812C293,2019-08-09,2019-08-09 09:31:09,1.35,0.7336,5,1.33,0.7228,23,1.32,0.7173,1,1.34,0.7282,49,0
SPY190812C293,2019-08-09,2019-08-09 09:31:10,1.34,0.7282,14,1.32,0.7173,180,1.32,0.7173,1,1.33,0.7228,49,0
SPY190812C293,2019-08-09,2019-08-09 09:31:11,1.34,0.7282,14,1.32,0.7173,64,1.34,0.7282,2,1.33,0.7228,51,0
SPY190812C293,2019-08-09,2019-08-09 09:31:11,1.34,0.7282,14,1.33,0.7228,14,1.34,0.7282,2,1.335,0.7255,51,2
SPY190812C293,2019-08-09,2019-08-09 09:31:12,1.34,0.7282,14,1.32,0.7173,169,1.34,0.7282,2,1.33,0.7228,51,0
SPY190812C293,2019-08-09,2019-08-09 09:31:12,1.34,0.7282,5,1.32,0.7173,121,1.34,0.7282,2,1.33,0.7228,51,0
SPY190812C293,2019-08-09,2019-08-09 09:31:13,1.34,0.7282,14,1.33,0.7228,3,1.34,0.7282,2,1.335,0.7255,51,0
SPY190812C293,2019-08-09,2019-08-09 09:31:14,1.35,0.7336,130,1.32,0.7173,182,1.34,0.7282,2,1.335,0.7255,51,0
SPY190812C293,2019-08-09,2019-08-09 09:31:14,1.35,0.7336,130,1.32,0.7173,208,1.34,0.7282,2,1.335,0.7255,51,0
SPY190812C293,2019-08-09,2019-08-09 09:31:15,1.34,0.7282,5,1.32,0.7173,195,1.34,0.7282,2,1.33,0.7228,51,0
SPY190812C293,2019-08-09,2019-08-09 09:31:15,1.35,0.7336,130,1.32,0.7173,195,1.34,0.7282,2,1.335,0.7255,51,0
SPY190812C293,2019-08-09,2019-08-09 09:31:16,1.35,0.7336,115,1.32,0.7173,122,1.34,0.7282,2,1.335,0.7255,51,0
SPY190812C293,2019-08-09,2019-08-09 09:31:16,1.34,0.7282,5,1.32,0.7173,165,1.34,0.7282,2,1.33,0.7228,51,0
SPY190812C293,2019-08-09,2019-08-09 09:31:17,1.35,0.7336,115,1.32,0.7173,165,1.34,0.7282,2,1.335,0.7255,51,0
SPY190812C293,2019-08-09,2019-08-09 09:31:18,1.34,0.7282,115,1.32,0.7173,60,1.33,0.7228,1,1.33,0.7228,52,0
SPY190812C293,2019-08-09,2019-08-09 09:31:18,1.34,0.7282,115,1.32,0.7173,5,1.33,0.7228,1,1.33,0.7228,52,1
SPY190812C293,2019-08-09,2019-08-09 09:31:19,1.35,0.7336,216,1.32,0.7173,179,1.33,0.7228,1,1.335,0.7255,52,0
SPY190812C293,2019-08-09,2019-08-09 09:31:20,1.35,0.7336,5,1.33,0.7228,115,1.33,0.7228,1,1.34,0.7282,52,0
SPY190812C293,2019-08-09,2019-08-09 09:31:20,1.36,0.7391,15,1.32,0.7173,122,1.33,0.7228,1,1.34,0.7282,52,0
SPY190812C293,2019-08-09,2019-08-09 09:31:21,1.35,0.7336,5,1.33,0.7228,165,1.33,0.7228,1,1.34,0.7282,53,0
SPY190812C293,2019-08-09,2019-08-09 09:31:21,1.35,0.7336,5,1.33,0.7228,165,1.33,0.7228,1,1.34,0.7282,53,1
SPY190812C293,2019-08-09,2019-08-09 09:31:22,1.35,0.7336,53,1.33,0.7228,1,1.34,0.7282,5,1.34,0.7282,58,5
SPY190812C293,2019-08-09,2019-08-09 09:31:22,1.35,0.7336,118,1.33,0.7228,1,1.34,0.7282,5,1.34,0.7282,58,0
SPY190812C293,2019-08-09,2019-08-09 09:31:23,1.34,0.7282,5,1.33,0.7228,1,1.34,0.7282,5,1.335,0.7255,58,0
SPY190812C293,2019-08-09,2019-08-09 09:31:24,1.34,0.7282,5,1.33,0.7228,1,1.34,0.7282,5,1.335,0.7255,58,0
SPY190812C293,2019-08-09,2019-08-09 09:31:25,1.35,0.7336,113,1.33,0.7228,152,1.34,0.7282,5,1.34,0.7282,58,0
SPY190812C293,2019-08-09,2019-08-09 09:31:25,1.35,0.7336,118,1.32,0.7173,50,1.34,0.7282,5,1.335,0.7255,58,0
SPY190812C293,2019-08-09,2019-08-09 09:31:26,1.35,0.7336,98,1.34,0.7282,1,1.35,0.7336,1,1.345,0.7309,62,4
SPY190812C293,2019-08-09,2019-08-09 09:31:26,1.35,0.7336,113,1.34,0.7282,1,1.34,0.7282,5,1.345,0.7309,58,0
SPY190812C293,2019-08-09,2019-08-09 09:31:27,1.35,0.7336,4,1.34,0.7282,1,1.34,0.7282,1,1.345,0.7309,66,2
SPY190812C293,2019-08-09,2019-08-09 09:31:27,1.35,0.7336,98,1.34,0.7282,1,1.34,0.7282,1,1.345,0.7309,64,2
SPY190812C293,2019-08-09,2019-08-09 09:31:28,1.35,0.7336,72,1.34,0.7282,1,1.34,0.7282,3,1.345,0.7309,69,0
SPY190812C293,2019-08-09,2019-08-09 09:31:28,1.35,0.7336,72,1.34,0.7282,1,1.34,0.7282,3,1.345,0.7309,69,3
SPY190812C293,2019-08-09,2019-08-09 09:31:29,1.34,0.7282,1,1.32,0.7173,106,1.34,0.7282,1,1.33,0.7228,70,0
SPY190812C293,2019-08-09,2019-08-09 09:31:29,1.34,0.7282,1,1.32,0.7173,56,1.34,0.7282,1,1.33,0.7228,70,1
SPY190812C293,2019-08-09,2019-08-09 09:31:30,1.33,0.7228,5,1.31,0.7119,7,1.34,0.7282,1,1.32,0.7173,70,0
SPY190812C293,2019-08-09,2019-08-09 09:31:30,1.33,0.7228,14,1.31,0.7119,7,1.34,0.7282,1,1.32,0.7173,70,0
SPY190812C293,2019-08-09,2019-08-09 09:31:31,1.32,0.7173,5,1.31,0.7119,1,1.32,0.7173,1,1.315,0.7146,71,0
SPY190812C293,2019-08-09,2019-08-09 09:31:31,1.32,0.7173,1,1.31,0.7119,1,1.32,0.7173,1,1.315,0.7146,71,1
SPY190812C293,2019-08-09,2019-08-09 09:31:32,1.31,0.7119,5,1.28,0.6956,50,1.31,0.7119,1,1.295,0.7038,72,0
SPY190812C293,2019-08-09,2019-08-09 09:31:32,1.31,0.7119,6,1.29,0.701,93,1.31,0.7119,1,1.3,0.7065,72,1
SPY190812C293,2019-08-09,2019-08-09 09:31:33,1.3,0.7065,7,1.27,0.6902,162,1.3,0.7065,1,1.285,0.6983,73,1
SPY190812C293,2019-08-09,2019-08-09 09:31:33,1.3,0.7065,9,1.27,0.6902,106,1.3,0.7065,1,1.285,0.6983,73,0
SPY190812C293,2019-08-09,2019-08-09 09:31:34,1.29,0.701,6,1.26,0.6847,475,1.3,0.7065,1,1.275,0.6929,73,0
SPY190812C293,2019-08-09,2019-08-09 09:31:34,1.3,0.7065,9,1.27,0.6902,16,1.3,0.7065,1,1.285,0.6983,73,0
SPY190812C293,2019-08-09,2019-08-09 09:31:35,1.29,0.701,6,1.26,0.6847,177,1.3,0.7065,1,1.275,0.6929,73,0
SPY190812C293,2019-08-09,2019-08-09 09:31:36,1.28,0.6956,5,1.26,0.6847,137,1.3,0.7065,1,1.27,0.6902,73,0
SPY190812C293,2019-08-09,2019-08-09 09:31:37,1.28,0.6956,7,1.26,0.6847,23,1.3,0.7065,1,1.27,0.6902,73,0
SPY190812C293,2019-08-09,2019-08-09 09:31:37,1.27,0.6902,6,1.25,0.6793,226,1.3,0.7065,1,1.26,0.6847,73,0
SPY190812C293,2019-08-09,2019-08-09 09:31:38,1.27,0.6902,6,1.25,0.6793,226,1.3,0.7065,1,1.26,0.6847,73,0
SPY190812C293,2019-08-09,2019-08-09 09:31:38,1.27,0.6902,6,1.26,0.6847,23,1.3,0.7065,1,1.265,0.6875,73,0
SPY190812C293,2019-08-09,2019-08-09 09:31:39,1.27,0.6902,6,1.24,0.6739,394,1.3,0.7065,1,1.255,0.682,73,0
SPY190812C293,2019-08-09,2019-08-09 09:31:39,1.26,0.6847,5,1.23,0.6684,59,1.3,0.7065,1,1.245,0.6766,73,0
SPY190812C293,2019-08-09,2019-08-09 09:31:40,1.25,0.6793,6,1.24,0.6739,104,1.3,0.7065,1,1.245,0.6766,73,0
SPY190812C293,2019-08-09,2019-08-09 09:31:40,1.26,0.6847,6,1.24,0.6739,64,1.3,0.7065,1,1.25,0.6793,73,0
SPY190812C293,2019-08-09,2019-08-09 09:31:41,1.26,0.6847,6,1.24,0.6739,108,1.3,0.7065,1,1.25,0.6793,73,0
SPY190812C293,2019-08-09,2019-08-09 09:31:41,1.27,0.6902,6,1.24,0.6739,108,1.3,0.7065,1,1.255,0.682,73,0
SPY190812C293,2019-08-09,2019-08-09 09:31:42,1.28,0.6956,5,1.27,0.6902,6,1.3,0.7065,1,1.275,0.6929,73,0
SPY190812C293,2019-08-09,2019-08-09 09:31:42,1.28,0.6956,5,1.27,0.6902,23,1.3,0.7065,1,1.275,0.6929,73,0
SPY190812C293,2019-08-09,2019-08-09 09:31:43,1.28,0.6956,5,1.25,0.6793,97,1.3,0.7065,1,1.265,0.6875,73,0
SPY190812C293,2019-08-09,2019-08-09 09:31:43,1.28,0.6956,5,1.26,0.6847,21,1.3,0.7065,1,1.27,0.6902,73,0
SPY190812C293,2019-08-09,2019-08-09 09:31:44,1.27,0.6902,5,1.25,0.6793,26,1.3,0.7065,1,1.26,0.6847,73,0
SPY190812C293,2019-08-09,2019-08-09 09:31:44,1.27,0.6902,5,1.25,0.6793,17,1.3,0.7065,1,1.26,0.6847,73,0
SPY190812C293,2019-08-09,2019-08-09 09:31:45,1.26,0.6847,5,1.25,0.6793,6,1.3,0.7065,1,1.255,0.682,73,0
SPY190812C293,2019-08-09,2019-08-09 09:31:45,1.27,0.6902,118,1.25,0.6793,23,1.3,0.7065,1,1.26,0.6847,73,0
SPY190812C293,2019-08-09,2019-08-09 09:31:46,1.26,0.6847,110,1.24,0.6739,30,1.3,0.7065,1,1.25,0.6793,73,0
SPY190812C293,2019-08-09,2019-08-09 09:31:46,1.26,0.6847,5,1.24,0.6739,41,1.3,0.7065,1,1.25,0.6793,73,0
SPY190812C293,2019-08-09,2019-08-09 09:31:47,1.26,0.6847,14,1.22,0.663,238,1.23,0.6684,1,1.24,0.6739,78,5
SPY190812C293,2019-08-09,2019-08-09 09:31:47,1.26,0.6847,100,1.24,0.6739,9,1.3,0.7065,1,1.25,0.6793,73,0
SPY190812C293,2019-08-09,2019-08-09 09:31:48,1.25,0.6793,100,1.22,0.663,33,1.23,0.6684,1,1.235,0.6711,78,0
SPY190812C293,2019-08-09,2019-08-09 09:31:48,1.25,0.6793,53,1.22,0.663,180,1.23,0.6684,1,1.235,0.6711,78,0
SPY190812C293,2019-08-09,2019-08-09 09:31:49,1.26,0.6847,100,1.23,0.6684,55,1.26,0.6847,10,1.245,0.6766,88,0
SPY190812C293,2019-08-09,2019-08-09 09:31:49,1.26,0.6847,100,1.23,0.6684,55,1.26,0.6847,10,1.245,0.6766,88,10
SPY190812C293,2019-08-09,2019-08-09 09:31:50,1.26,0.6847,168,1.24,0.6739,23,1.26,0.6847,10,1.25,0.6793,88,0
SPY190812C293,2019-08-09,2019-08-09 09:31:50,1.26,0.6847,168,1.24,0.6739,12,1.26,0.6847,10,1.25,0.6793,88,0
SPY190812C293,2019-08-09,2019-08-09 09:31:51,1.25,0.6793,10,1.24,0.6739,18,1.26,0.6847,10,1.245,0.6766,88,0
SPY190812C293,2019-08-09,2019-08-09 09:31:52,1.25,0.6793,74,1.24,0.6739,28,1.26,0.6847,10,1.245,0.6766,88,0
SPY190812C293,2019-08-09,2019-08-09 09:31:52,1.24,0.6739,1,1.22,0.663,23,1.24,0.6739,2,1.23,0.6684,90,2
SPY190812C293,2019-08-09,2019-08-09 09:31:53,1.25,0.6793,100,1.23,0.6684,22,1.24,0.6739,2,1.24,0.6739,90,0
SPY190812C293,2019-08-09,2019-08-09 09:31:53,1.25,0.6793,63,1.23,0.6684,22,1.24,0.6739,2,1.24,0.6739,90,0
SPY190812C293,2019-08-09,2019-08-09 09:31:54,1.25,0.6793,63,1.23,0.6684,48,1.24,0.6739,2,1.24,0.6739,90,0
SPY190812C293,2019-08-09,2019-08-09 09:31:55,1.25,0.6793,59,1.23,0.6684,67,1.24,0.6739,2,1.24,0.6739,90,0
SPY190812C293,2019-08-09,2019-08-09 09:31:55,1.25,0.6793,65,1.23,0.6684,67,1.24,0.6739,2,1.24,0.6739,90,0
SPY190812C293,2019-08-09,2019-08-09 09:31:56,1.25,0.6793,65,1.23,0.6684,57,1.24,0.6739,2,1.24,0.6739,90,0
SPY190812C293,2019-08-09,2019-08-09 09:31:56,1.25,0.6793,56,1.23,0.6684,14,1.24,0.6739,2,1.24,0.6739,90,0
SPY190812C293,2019-08-09,2019-08-09 09:31:57,1.26,0.6847,100,1.25,0.6793,113,1.24,0.6739,2,1.255,0.682,90,0
SPY190812C293,2019-08-09,2019-08-09 09:31:57,1.25,0.6793,10,1.23,0.6684,14,1.24,0.6739,2,1.24,0.6739,90,0
SPY190812C293,2019-08-09,2019-08-09 09:31:58,1.28,0.6956,32,1.25,0.6793,180,1.24,0.6739,2,1.265,0.6875,90,0
SPY190812C293,2019-08-09,2019-08-09 09:31:58,1.29,0.701,100,1.27,0.6902,6,1.24,0.6739,2,1.28,0.6956,90,0
SPY190812C293,2019-08-09,2019-08-09 09:31:59,1.28,0.6956,9,1.26,0.6847,6,1.24,0.6739,2,1.27,0.6902,90,0
SPY190812C293,2019-08-09,2019-08-09 09:32:00,1.27,0.6902,3,1.26,0.6847,9,1.24,0.6739,2,1.265,0.6875,90,0
SPY190812C293,2019-08-09,2019-08-09 09:32:00,1.27,0.6902,5,1.26,0.6847,6,1.24,0.6739,2,1.265,0.6875,90,0
SPY190812C293,2019-08-09,2019-08-09 09:32:01,1.28,0.6956,20,1.26,0.6847,9,1.24,0.6739,2,1.27,0.6902,90,0
SPY190812C293,2019-08-09,2019-08-09 09:32:01,1.28,0.6956,57,1.26,0.6847,9,1.24,0.6739,2,1.27,0.6902,90,0
SPY190812C293,2019-08-09,2019-08-09 09:32:02,1.27,0.6902,5,1.26,0.6847,6,1.24,0.6739,2,1.265,0.6875,90,0
SPY190812C293,2019-08-09,2019-08-09 09:32:02,1.28,0.6956,20,1.26,0.6847,6,1.24,0.6739,2,1.27,0.6902,90,0
SPY190812C293,2019-08-09,2019-08-09 09:32:03,1.28,0.6956,113,1.26,0.6847,6,1.24,0.6739,2,1.27,0.6902,90,0
SPY190812C293,2019-08-09,2019-08-09 09:32:03,1.28,0.6956,5,1.26,0.6847,6,1.24,0.6739,2,1.27,0.6902,90,0
SPY190812C293,2019-08-09,2019-08-09 09:32:04,1.28,0.6956,14,1.26,0.6847,20,1.24,0.6739,2,1.27,0.6902,90,0
SPY190812C293,2019-08-09,2019-08-09 09:32:04,1.28,0.6956,5,1.26,0.6847,42,1.24,0.6739,2,1.27,0.6902,90,0
SPY190812C293,2019-08-09,2019-08-09 09:32:05,1.3,0.7065,6,1.28,0.6956,22,1.24,0.6739,2,1.29,0.701,90,0
SPY190812C293,2019-08-09,2019-08-09 09:32:05,1.29,0.701,115,1.26,0.6847,49,1.24,0.6739,2,1.275,0.6929,90,0
SPY190812C293,2019-08-09,2019-08-09 09:32:06,1.31,0.7119,5,1.29,0.701,12,1.24,0.6739,2,1.3,0.7065,90,0
SPY190812C293,2019-08-09,2019-08-09 09:32:06,1.3,0.7065,5,1.28,0.6956,29,1.24,0.6739,2,1.29,0.701,90,0
SPY190812C293,2019-08-09,2019-08-09 09:32:07,1.31,0.7119,118,1.29,0.701,23,1.24,0.6739,2,1.3,0.7065,90,0
SPY190812C293,2019-08-09,2019-08-09 09:32:08,1.3,0.7065,9,1.28,0.6956,55,1.3,0.7065,6,1.29,0.701,96,0
SPY190812C293,2019-08-09,2019-08-09 09:32:08,1.32,0.7173,21,1.27,0.6902,241,1.3,0.7065,6,1.295,0.7038,96,6
SPY190812C293,2019-08-09,2019-08-09 09:32:09,1.31,0.7119,38,1.29,0.701,91,1.3,0.7065,6,1.3,0.7065,96,0
SPY190812C293,2019-08-09,2019-08-09 09:32:09,1.3,0.7065,55,1.28,0.6956,49,1.3,0.7065,6,1.29,0.701,96,0
SPY190812C293,2019-08-09,2019-08-09 09:32:10,1.31,0.7119,6,1.29,0.701,6,1.3,0.7065,6,1.3,0.7065,96,0
SPY190812C293,2019-08-09,2019-08-09 09:32:10,1.31,0.7119,6,1.28,0.6956,103,1.3,0.7065,6,1.295,0.7038,96,0
SPY190812C293,2019-08-09,2019-08-09 09:32:11,1.3,0.7065,5,1.29,0.701,6,1.3,0.7065,6,1.295,0.7038,96,0
SPY190812C293,2019-08-09,2019-08-09 09:32:11,1.31,0.7119,100,1.28,0.6956,103,1.3,0.7065,6,1.295,0.7038,96,0
SPY190812C293,2019-08-09,2019-08-09 09:32:12,1.31,0.7119,100,1.28,0.6956,142,1.3,0.7065,6,1.295,0.7038,96,0
SPY190812C293,2019-08-09,2019-08-09 09:32:12,1.32,0.7173,64,1.28,0.6956,122,1.3,0.7065,6,1.3,0.7065,96,0
SPY190812C293,2019-08-09,2019-08-09 09:32:13,1.32,0.7173,309,1.29,0.701,55,1.29,0.701,3,1.305,0.7092,99,3
SPY190812C293,2019-08-09,2019-08-09 09:32:13,1.32,0.7173,98,1.3,0.7065,35,1.29,0.701,3,1.31,0.7119,99,0
SPY190812C293,2019-08-09,2019-08-09 09:32:14,1.32,0.7173,98,1.3,0.7065,23,1.29,0.701,3,1.31,0.7119,99,0
SPY190812C293,2019-08-09,2019-08-09 09:32:14,1.32,0.7173,20,1.3,0.7065,20,1.29,0.701,3,1.31,0.7119,99,0
SPY190812C293,2019-08-09,2019-08-09 09:32:15,1.31,0.7119,6,1.29,0.701,29,1.29,0.701,3,1.3,0.7065,99,0
SPY190812C293,2019-08-09,2019-08-09 09:32:15,1.31,0.7119,50,1.26,0.6847,359,1.29,0.701,3,1.285,0.6983,99,0
SPY190812C293,2019-08-09,2019-08-09 09:32:16,1.29,0.701,126,1.27,0.6902,14,1.29,0.701,3,1.28,0.6956,99,0
SPY190812C293,2019-08-09,2019-08-09 09:32:16,1.29,0.701,15,1.27,0.6902,30,1.29,0.701,3,1.28,0.6956,99,0
SPY190812C293,2019-08-09,2019-08-09 09:32:17,1.28,0.6956,19,1.26,0.6847,6,1.29,0.701,3,1.27,0.6902,99,0
SPY190812C293,2019-08-09,2019-08-09 09:32:17,1.28,0.6956,6,1.26,0.6847,6,1.29,0.701,3,1.27,0.6902,99,0
SPY190812C293,2019-08-09,2019-08-09 09:32:18,1.28,0.6956,6,1.26,0.6847,36,1.29,0.701,3,1.27,0.6902,99,0
SPY190812C293,2019-08-09,2019-08-09 09:32:19,1.28,0.6956,100,1.27,0.6902,14,1.29,0.701,3,1.275,0.6929,99,0
SPY190812C293,2019-08-09,2019-08-09 09:32:19,1.27,0.6902,3,1.26,0.6847,20,1.29,0.701,3,1.265,0.6875,99,0
SPY190812C293,2019-08-09,2019-08-09 09:32:20,1.28,0.6956,100,1.26,0.6847,87,1.29,0.701,3,1.27,0.6902,99,0
SPY190812C293,2019-08-09,2019-08-09 09:32:20,1.28,0.6956,50,1.26,0.6847,51,1.29,0.701,3,1.27,0.6902,99,0
SPY190812C293,2019-08-09,2019-08-09 09:32:21,1.28,0.6956,100,1.26,0.6847,42,1.29,0.701,3,1.27,0.6902,99,0
SPY190812C293,2019-08-09,2019-08-09 09:32:21,1.28,0.6956,100,1.26,0.6847,51,1.29,0.701,3,1.27,0.6902,99,0
SPY190812C293,2019-08-09,2019-08-09 09:32:22,1.27,0.6902,6,1.25,0.6793,204,1.29,0.701,3,1.26,0.6847,99,0
SPY190812C293,2019-08-09,2019-08-09 09:32:22,1.28,0.6956,5,1.26,0.6847,30,1.29,0.701,3,1.27,0.6902,99,0
SPY190812C293,2019-08-09,2019-08-09 09:32:23,1.27,0.6902,6,1.25,0.6793,151,1.29,0.701,3,1.26,0.6847,99,0
SPY190812C293,2019-08-09,2019-08-09 09:32:23,1.27,0.6902,6,1.25,0.6793,178,1.29,0.701,3,1.26,0.6847,99,0
SPY190812C293,2019-08-09,2019-08-09 09:32:24,1.27,0.6902,115,1.25,0.6793,150,1.26,0.6847,1,1.26,0.6847,110,1
SPY190812C293,2019-08-09,2019-08-09 09:32:24,1.27,0.6902,20,1.25,0.6793,100,1.26,0.6847,10,1.26,0.6847,109,10
SPY190812C293,2019-08-09,2019-08-09 09:32:25,1.26,0.6847,6,1.25,0.6793,1,1.26,0.6847,1,1.255,0.682,110,0
SPY190812C293,2019-08-09,2019-08-09 09:32:25,1.27,0.6902,115,1.25,0.6793,51,1.26,0.6847,1,1.26,0.6847,110,0
SPY190812C293,2019-08-09,2019-08-09 09:32:26,1.25,0.6793,6,1.23,0.6684,100,1.25,0.6793,1,1.24,0.6739,111,1
SPY190812C293,2019-08-09,2019-08-09 09:32:26,1.26,0.6847,63,1.25,0.6793,1,1.26,0.6847,1,1.255,0.682,110,0
SPY190812C293,2019-08-09,2019-08-09 09:32:27,1.25,0.6793,67,1.23,0.6684,115,1.25,0.6793,1,1.24,0.6739,111,0
SPY190812C293,2019-08-09,2019-08-09 09:32:27,1.24,0.6739,14,1.23,0.6684,48,1.25,0.6793,1,1.235,0.6711,111,0
SPY190812C293,2019-08-09,2019-08-09 09:32:28,1.24,0.6739,14,1.23,0.6684,54,1.25,0.6793,1,1.235,0.6711,111,0
SPY190812C293,2019-08-09,2019-08-09 09:32:28,1.25,0.6793,115,1.23,0.6684,6,1.25,0.6793,50,1.24,0.6739,166,55
SPY190812C293,2019-08-09,2019-08-09 09:32:29,1.24,0.6739,20,1.22,0.663,59,1.25,0.6793,50,1.23,0.6684,166,0
SPY190812C293,2019-08-09,2019-08-09 09:32:29,1.24,0.6739,70,1.22,0.663,65,1.25,0.6793,50,1.23,0.6684,166,0
SPY190812C293,2019-08-09,2019-08-09 09:32:30,1.24,0.6739,20,1.22,0.663,11,1.25,0.6793,50,1.23,0.6684,166,0
SPY190812C293,2019-08-09,2019-08-09 09:32:30,1.24,0.6739,100,1.22,0.663,6,1.25,0.6793,50,1.23,0.6684,166,0
SPY190812C293,2019-08-09,2019-08-09 09:32:31,1.23,0.6684,6,1.21,0.6576,5,1.21,0.6576,6,1.22,0.663,172,0
SPY190812C293,2019-08-09,2019-08-09 09:32:31,1.23,0.6684,6,1.21,0.6576,6,1.21,0.6576,6,1.22,0.663,172,6
SPY190812C293,2019-08-09,2019-08-09 09:32:32,1.22,0.663,20,1.2,0.6521,395,1.2,0.6521,4,1.21,0.6576,176,4
SPY190812C293,2019-08-09,2019-08-09 09:32:32,1.22,0.663,20,1.2,0.6521,395,1.2,0.6521,4,1.21,0.6576,176,0
SPY190812C293,2019-08-09,2019-08-09 09:32:33,1.23,0.6684,14,1.21,0.6576,300,1.23,0.6684,1,1.22,0.663,177,1
SPY190812C293,2019-08-09,2019-08-09 09:32:33,1.24,0.6739,70,1.22,0.663,168,1.23,0.6684,3,1.23,0.6684,180,3
SPY190812C293,2019-08-09,2019-08-09 09:32:34,1.24,0.6739,20,1.23,0.6684,3,1.23,0.6684,3,1.235,0.6711,180,0
SPY190812C293,2019-08-09,2019-08-09 09:32:35,1.25,0.6793,118,1.23,0.6684,32,1.23,0.6684,3,1.24,0.6739,180,0
SPY190812C293,2019-08-09,2019-08-09 09:32:35,1.24,0.6739,6,1.22,0.663,233,1.23,0.6684,3,1.23,0.6684,180,0
SPY190812C293,2019-08-09,2019-08-09 09:32:36,1.25,0.6793,115,1.22,0.663,233,1.23,0.6684,3,1.235,0.6711,180,0
SPY190812C293,2019-08-09,2019-08-09 09:32:36,1.27,0.6902,118,1.24,0.6739,139,1.23,0.6684,3,1.255,0.682,183,3
SPY190812C293,2019-08-09,2019-08-09 09:32:37,1.27,0.6902,133,1.24,0.6739,484,1.23,0.6684,3,1.255,0.682,183,0
SPY190812C293,2019-08-09,2019-08-09 09:32:37,1.26,0.6847,6,1.24,0.6739,183,1.24,0.6739,2,1.25,0.6793,185,2
SPY190812C293,2019-08-09,2019-08-09 09:32:38,1.26,0.6847,6,1.24,0.6739,195,1.24,0.6739,2,1.25,0.6793,185,0
SPY190812C293,2019-08-09,2019-08-09 09:32:38,1.26,0.6847,106,1.24,0.6739,115,1.24,0.6739,2,1.25,0.6793,185,0
SPY190812C293,2019-08-09,2019-08-09 09:32:39,1.26,0.6847,115,1.24,0.6739,102,1.24,0.6739,2,1.25,0.6793,185,0
SPY190812C293,2019-08-09,2019-08-09 09:32:39,1.26,0.6847,100,1.24,0.6739,108,1.24,0.6739,2,1.25,0.6793,185,0
SPY190812C293,2019-08-09,2019-08-09 09:32:40,1.25,0.6793,6,1.24,0.6739,91,1.24,0.6739,2,1.245,0.6766,185,0
SPY190812C293,2019-08-09,2019-08-09 09:32:40,1.26,0.6847,93,1.24,0.6739,91,1.24,0.6739,2,1.25,0.6793,185,0
SPY190812C293,2019-08-09,2019-08-09 09:32:41,1.24,0.6739,6,1.22,0.663,558,1.24,0.6739,2,1.23,0.6684,185,0
SPY190812C293,2019-08-09,2019-08-09 09:32:41,1.24,0.6739,6,1.22,0.663,191,1.24,0.6739,2,1.23,0.6684,185,0
SPY190812C293,2019-08-09,2019-08-09 09:32:42,1.24,0.6739,6,1.23,0.6684,300,1.24,0.6739,2,1.235,0.6711,185,0
SPY190812C293,2019-08-09,2019-08-09 09:32:43,1.27,0.6902,6,1.26,0.6847,21,1.24,0.6739,2,1.265,0.6875,185,0
SPY190812C293,2019-08-09,2019-08-09 09:32:43,1.28,0.6956,341,1.24,0.6739,413,1.24,0.6739,2,1.26,0.6847,185,0
SPY190812C293,2019-08-09,2019-08-09 09:32:44,1.28,0.6956,6,1.26,0.6847,6,1.24,0.6739,2,1.27,0.6902,185,0
SPY190812C293,2019-08-09,2019-08-09 09:32:44,1.29,0.701,74,1.26,0.6847,6,1.24,0.6739,2,1.275,0.6929,185,0
SPY190812C293,2019-08-09,2019-08-09 09:32:45,1.28,0.6956,6,1.26,0.6847,6,1.24,0.6739,2,1.27,0.6902,185,0
SPY190812C293,2019-08-09,2019-08-09 09:32:45,1.29,0.701,6,1.26,0.6847,137,1.24,0.6739,2,1.275,0.6929,185,0
SPY190812C293,2019-08-09,2019-08-09 09:32:46,1.29,0.701,72,1.27,0.6902,55,1.24,0.6739,2,1.28,0.6956,185,0
SPY190812C293,2019-08-09,2019-08-09 09:32:46,1.29,0.701,9,1.28,0.6956,14,1.24,0.6739,2,1.285,0.6983,185,0
SPY190812C293,2019-08-09,2019-08-09 09:32:47,1.29,0.701,3,1.28,0.6956,64,1.24,0.6739,2,1.285,0.6983,185,0
SPY190812C293,2019-08-09,2019-08-09 09:32:47,1.29,0.701,3,1.28,0.6956,6,1.24,0.6739,2,1.285,0.6983,185,0
SPY190812C293,2019-08-09,2019-08-09 09:32:48,1.31,0.7119,5,1.28,0.6956,177,1.24,0.6739,2,1.295,0.7038,185,0
SPY190812C293,2019-08-09,2019-08-09 09:32:48,1.3,0.7065,9,1.29,0.701,3,1.24,0.6739,2,1.295,0.7038,185,0
SPY190812C293,2019-08-09,2019-08-09 09:32:49,1.31,0.7119,100,1.29,0.701,5,1.3,0.7065,1,1.3,0.7065,186,1
SPY190812C293,2019-08-09,2019-08-09 09:32:50,1.3,0.7065,3,1.29,0.701,14,1.3,0.7065,1,1.295,0.7038,186,0
SPY190812C293,2019-08-09,2019-08-09 09:32:50,1.3,0.7065,6,1.28,0.6956,229,1.3,0.7065,1,1.29,0.701,186,0
SPY190812C293,2019-08-09,2019-08-09 09:32:51,1.31,0.7119,115,1.29,0.701,56,1.3,0.7065,1,1.3,0.7065,186,0
SPY190812C293,2019-08-09,2019-08-09 09:32:51,1.3,0.7065,62,1.28,0.6956,77,1.3,0.7065,1,1.29,0.701,186,0
SPY190812C293,2019-08-09,2019-08-09 09:32:52,1.3,0.7065,6,1.28,0.6956,122,1.3,0.7065,1,1.29,0.701,187,1
SPY190812C293,2019-08-09,2019-08-09 09:32:53,1.3,0.7065,101,1.28,0.6956,115,1.3,0.7065,1,1.29,0.701,187,0
SPY190812C293,2019-08-09,2019-08-09 09:32:53,1.3,0.7065,14,1.29,0.701,14,1.3,0.7065,1,1.295,0.7038,187,0
SPY190812C293,2019-08-09,2019-08-09 09:32:54,1.31,0.7119,6,1.29,0.701,17,1.3,0.7065,1,1.3,0.7065,187,0
SPY190812C293,2019-08-09,2019-08-09 09:32:54,1.3,0.7065,6,1.28,0.6956,317,1.3,0.7065,1,1.29,0.701,187,0
SPY190812C293,2019-08-09,2019-08-09 09:32:55,1.3,0.7065,3,1.28,0.6956,317,1.3,0.7065,1,1.29,0.701,187,0
SPY190812C293,2019-08-09,2019-08-09 09:32:55,1.31,0.7119,21,1.29,0.701,53,1.3,0.7065,1,1.3,0.7065,187,0
SPY190812C293,2019-08-09,2019-08-09 09:32:56,1.32,0.7173,21,1.3,0.7065,6,1.3,0.7065,1,1.31,0.7119,187,0
SPY190812C293,2019-08-09,2019-08-09 09:32:56,1.31,0.7119,21,1.29,0.701,318,1.3,0.7065,1,1.3,0.7065,187,0
SPY190812C293,2019-08-09,2019-08-09 09:32:57,1.32,0.7173,42,1.3,0.7065,165,1.3,0.7065,1,1.31,0.7119,187,0
SPY190812C293,2019-08-09,2019-08-09 09:32:57,1.33,0.7228,100,1.31,0.7119,20,1.3,0.7065,1,1.32,0.7173,187,0
SPY190812C293,2019-08-09,2019-08-09 09:32:58,1.32,0.7173,79,1.3,0.7065,53,1.3,0.7065,1,1.31,0.7119,187,0
SPY190812C293,2019-08-09,2019-08-09 09:32:58,1.32,0.7173,3,1.3,0.7065,165,1.3,0.7065,1,1.31,0.7119,187,0
SPY190812C293,2019-08-09,2019-08-09 09:32:59,1.32,0.7173,3,1.31,0.7119,9,1.3,0.7065,1,1.315,0.7146,187,0
SPY190812C293,2019-08-09,2019-08-09 09:32:59,1.32,0.7173,20,1.3,0.7065,120,1.3,0.7065,1,1.31,0.7119,187,0
SPY190812C293,2019-08-09,2019-08-09 09:33:00,1.32,0.7173,20,1.3,0.7065,70,1.3,0.7065,1,1.31,0.7119,187,0
SPY190812C293,2019-08-09,2019-08-09 09:33:00,1.33,0.7228,130,1.31,0.7119,5,1.3,0.7065,1,1.32,0.7173,187,0
SPY190812C293,2019-08-09,2019-08-09 09:33:01,1.32,0.7173,76,1.3,0.7065,15,1.3,0.7065,1,1.31,0.7119,187,0
SPY190812C293,2019-08-09,2019-08-09 09:33:01,1.32,0.7173,76,1.3,0.7065,70,1.3,0.7065,1,1.31,0.7119,187,0
SPY190812C293,2019-08-09,2019-08-09 09:33:02,1.31,0.7119,20,1.3,0.7065,15,1.3,0.7065,20,1.305,0.7092,207,20
SPY190812C293,2019-08-09,2019-08-09 09:33:02,1.31,0.7119,20,1.3,0.7065,15,1.3,0.7065,1,1.305,0.7092,187,0
SPY190812C293,2019-08-09,2019-08-09 09:33:03,1.31,0.7119,19,1.3,0.7065,14,1.3,0.7065,1,1.305,0.7092,208,1
SPY190812C293,2019-08-09,2019-08-09 09:33:03,1.31,0.7119,123,1.3,0.7065,11,1.3,0.7065,5,1.305,0.7092,216,8
SPY190812C293,2019-08-09,2019-08-09 09:33:04,1.31,0.7119,123,1.3,0.7065,6,1.3,0.7065,5,1.305,0.7092,216,0
SPY190812C293,2019-08-09,2019-08-09 09:33:04,1.31,0.7119,112,1.3,0.7065,6,1.3,0.7065,2,1.305,0.7092,218,2
SPY190812C293,2019-08-09,2019-08-09 09:33:05,1.31,0.7119,115,1.3,0.7065,2,1.3,0.7065,1,1.305,0.7092,222,4
SPY190812C293,2019-08-09,2019-08-09 09:33:05,1.3,0.7065,115,1.28,0.6956,56,1.3,0.7065,2,1.29,0.701,228,6
SPY190812C293,2019-08-09,2019-08-09 09:33:06,1.3,0.7065,115,1.29,0.701,6,1.3,0.7065,2,1.295,0.7038,228,0
SPY190812C293,2019-08-09,2019-08-09 09:33:06,1.3,0.7065,8,1.29,0.701,14,1.3,0.7065,2,1.295,0.7038,228,0
SPY190812C293,2019-08-09,2019-08-09 09:33:07,1.32,0.7173,122,1.3,0.7065,119,1.3,0.7065,1,1.31,0.7119,229,0
SPY190812C293,2019-08-09,2019-08-09 09:33:07,1.32,0.7173,12,1.29,0.701,7,1.3,0.7065,1,1.305,0.7092,229,1
SPY190812C293,2019-08-09,2019-08-09 09:33:08,1.32,0.7173,100,1.3,0.7065,119,1.3,0.7065,1,1.31,0.7119,229,0
SPY190812C293,2019-08-09,2019-08-09 09:33:08,1.33,0.7228,174,1.3,0.7065,141,1.3,0.7065,1,1.315,0.7146,229,0
SPY190812C293,2019-08-09,2019-08-09 09:33:09,1.32,0.7173,8,1.3,0.7065,141,1.3,0.7065,1,1.31,0.7119,229,0
SPY190812C293,2019-08-09,2019-08-09 09:33:09,1.33,0.7228,216,1.31,0.7119,6,1.3,0.7065,1,1.32,0.7173,229,0
SPY190812C293,2019-08-09,2019-08-09 09:33:10,1.32,0.7173,21,1.29,0.701,143,1.3,0.7065,1,1.305,0.7092,229,0
SPY190812C293,2019-08-09,2019-08-09 09:33:10,1.32,0.7173,126,1.3,0.7065,99,1.3,0.7065,1,1.31,0.7119,229,0
SPY190812C293,2019-08-09,2019-08-09 09:33:11,1.32,0.7173,115,1.3,0.7065,7,1.3,0.7065,1,1.31,0.7119,229,0
SPY190812C293,2019-08-09,2019-08-09 09:33:11,1.32,0.7173,100,1.29,0.701,136,1.3,0.7065,1,1.305,0.7092,229,0
SPY190812C293,2019-08-09,2019-08-09 09:33:12,1.31,0.7119,8,1.3,0.7065,7,1.3,0.7065,1,1.305,0.7092,229,0
SPY190812C293,2019-08-09,2019-08-09 09:33:12,1.32,0.7173,123,1.29,0.701,162,1.32,0.7173,20,1.305,0.7092,249,20
SPY190812C293,2019-08-09,2019-08-09 09:33:13,1.31,0.7119,105,1.27,0.6902,16,1.32,0.7173,20,1.29,0.701,249,0
SPY190812C293,2019-08-09,2019-08-09 09:33:13,1.32,0.7173,123,1.29,0.701,71,1.32,0.7173,20,1.305,0.7092,249,0
SPY190812C293,2019-08-09,2019-08-09 09:33:14,1.29,0.701,8,1.27,0.6902,20,1.32,0.7173,20,1.28,0.6956,249,0
SPY190812C293,2019-08-09,2019-08-09 09:33:14,1.29,0.701,13,1.27,0.6902,20,1.32,0.7173,20,1.28,0.6956,249,0
SPY190812C293,2019-08-09,2019-08-09 09:33:15,1.28,0.6956,5,1.27,0.6902,16,1.32,0.7173,20,1.275,0.6929,249,0
SPY190812C293,2019-08-09,2019-08-09 09:33:15,1.28,0.6956,1,1.26,0.6847,51,1.32,0.7173,20,1.27,0.6902,249,0
SPY190812C293,2019-08-09,2019-08-09 09:33:16,1.28,0.6956,5,1.26,0.6847,63,1.32,0.7173,20,1.27,0.6902,249,0
SPY190812C293,2019-08-09,2019-08-09 09:33:17,1.28,0.6956,6,1.26,0.6847,66,1.32,0.7173,20,1.27,0.6902,249,0
SPY190812C293,2019-08-09,2019-08-09 09:33:17,1.28,0.6956,6,1.26,0.6847,120,1.32,0.7173,20,1.27,0.6902,249,0
SPY190812C293,2019-08-09,2019-08-09 09:33:18,1.29,0.701,115,1.27,0.6902,23,1.32,0.7173,20,1.28,0.6956,249,0
SPY190812C293,2019-08-09,2019-08-09 09:33:18,1.3,0.7065,115,1.28,0.6956,7,1.29,0.701,1,1.29,0.701,250,1
SPY190812C293,2019-08-09,2019-08-09 09:33:19,1.29,0.701,1,1.28,0.6956,50,1.29,0.701,1,1.285,0.6983,251,1
SPY190812C293,2019-08-09,2019-08-09 09:33:19,1.3,0.7065,7,1.28,0.6956,38,1.29,0.701,1,1.29,0.701,250,0
SPY190812C293,2019-08-09,2019-08-09 09:33:20,1.3,0.7065,111,1.28,0.6956,50,1.29,0.701,1,1.29,0.701,251,0
SPY190812C293,2019-08-09,2019-08-09 09:33:20,1.3,0.7065,64,1.28,0.6956,50,1.29,0.701,1,1.29,0.701,251,0
SPY190812C293,2019-08-09,2019-08-09 09:33:21,1.3,0.7065,6,1.28,0.6956,14,1.29,0.701,1,1.29,0.701,251,0
SPY190812C293,2019-08-09,2019-08-09 09:33:21,1.3,0.7065,6,1.28,0.6956,21,1.29,0.701,1,1.29,0.701,251,0
SPY190812C293,2019-08-09,2019-08-09 09:33:22,1.29,0.701,100,1.27,0.6902,143,1.29,0.701,1,1.28,0.6956,342,91
SPY190812C293,2019-08-09,2019-08-09 09:33:22,1.29,0.701,14,1.28,0.6956,12,1.29,0.701,1,1.285,0.6983,251,0
SPY190812C293,2019-08-09,2019-08-09 09:33:23,1.29,0.701,100,1.28,0.6956,203,1.29,0.701,1,1.285,0.6983,342,0
SPY190812C293,2019-08-09,2019-08-09 09:33:23,1.29,0.701,100,1.28,0.6956,188,1.29,0.701,1,1.285,0.6983,342,0
SPY190812C293,2019-08-09,2019-08-09 09:33:24,1.31,0.7119,84,1.29,0.701,6,1.29,0.701,1,1.3,0.7065,342,0
SPY190812C293,2019-08-09,2019-08-09 09:33:24,1.32,0.7173,14,1.29,0.701,100,1.29,0.701,1,1.305,0.7092,342,0
SPY190812C293,2019-08-09,2019-08-09 09:33:25,1.31,0.7119,6,1.3,0.7065,2,1.29,0.701,1,1.305,0.7092,342,0
SPY190812C293,2019-08-09,2019-08-09 09:33:25,1.32,0.7173,6,1.3,0.7065,21,1.29,0.701,1,1.31,0.7119,342,0
SPY190812C293,2019-08-09,2019-08-09 09:33:26,1.31,0.7119,6,1.3,0.7065,2,1.29,0.701,1,1.305,0.7092,342,0
SPY190812C293,2019-08-09,2019-08-09 09:33:26,1.31,0.7119,81,1.3,0.7065,2,1.29,0.701,1,1.305,0.7092,342,0
SPY190812C293,2019-08-09,2019-08-09 09:33:27,1.32,0.7173,5,1.3,0.7065,2,1.29,0.701,1,1.31,0.7119,342,0
SPY190812C293,2019-08-09,2019-08-09 09:33:27,1.32,0.7173,120,1.3,0.7065,14,1.29,0.701,1,1.31,0.7119,342,0
SPY190812C293,2019-08-09,2019-08-09 09:33:28,1.31,0.7119,10,1.3,0.7065,14,1.29,0.701,1,1.305,0.7092,342,0
SPY190812C293,2019-08-09,2019-08-09 09:33:28,1.31,0.7119,6,1.3,0.7065,14,1.29,0.701,1,1.305,0.7092,342,0
SPY190812C293,2019-08-09,2019-08-09 09:33:29,1.3,0.7065,10,1.27,0.6902,50,1.3,0.7065,2,1.285,0.6983,344,2
SPY190812C293,2019-08-09,2019-08-09 09:33:29,1.3,0.7065,100,1.27,0.6902,100,1.3,0.7065,2,1.285,0.6983,344,0
SPY190812C293,2019-08-09,2019-08-09 09:33:30,1.29,0.701,5,1.27,0.6902,6,1.3,0.7065,2,1.28,0.6956,344,0
SPY190812C293,2019-08-09,2019-08-09 09:33:30,1.29,0.701,79,1.27,0.6902,6,1.29,0.701,11,1.28,0.6956,544,200
SPY190812C293,2019-08-09,2019-08-09 09:33:31,1.29,0.701,79,1.27,0.6902,6,1.29,0.701,11,1.28,0.6956,544,0
SPY190812C293,2019-08-09,2019-08-09 09:33:31,1.29,0.701,93,1.27,0.6902,14,1.29,0.701,11,1.28,0.6956,544,0
SPY190812C293,2019-08-09,2019-08-09 09:33:32,1.29,0.701,55,1.27,0.6902,9,1.29,0.701,11,1.28,0.6956,544,0
SPY190812C293,2019-08-09,2019-08-09 09:33:32,1.28,0.6956,1,1.27,0.6902,14,1.29,0.701,11,1.275,0.6929,544,0
SPY190812C293,2019-08-09,2019-08-09 09:33:33,1.29,0.701,55,1.27,0.6902,9,1.29,0.701,11,1.28,0.6956,544,0
SPY190812C293,2019-08-09,2019-08-09 09:33:33,1.29,0.701,55,1.27,0.6902,6,1.29,0.701,11,1.28,0.6956,544,0
SPY190812C293,2019-08-09,2019-08-09 09:33:34,1.29,0.701,57,1.26,0.6847,2,1.29,0.701,11,1.275,0.6929,544,0
SPY190812C293,2019-08-09,2019-08-09 09:33:34,1.28,0.6956,5,1.26,0.6847,8,1.29,0.701,11,1.27,0.6902,544,0
SPY190812C293,2019-08-09,2019-08-09 09:33:35,1.28,0.6956,202,1.26,0.6847,8,1.28,0.6956,1,1.27,0.6902,545,1
SPY190812C293,2019-08-09,2019-08-09 09:33:35,1.27,0.6902,7,1.26,0.6847,6,1.28,0.6956,1,1.265,0.6875,545,0
SPY190812C293,2019-08-09,2019-08-09 09:33:36,1.28,0.6956,60,1.27,0.6902,37,1.26,0.6847,1,1.275,0.6929,546,0
SPY190812C293,2019-08-09,2019-08-09 09:33:36,1.28,0.6956,42,1.26,0.6847,42,1.26,0.6847,1,1.27,0.6902,546,1
SPY190812C293,2019-08-09,2019-08-09 09:33:37,1.28,0.6956,8,1.27,0.6902,37,1.26,0.6847,1,1.275,0.6929,546,0
SPY190812C293,2019-08-09,2019-08-09 09:33:37,1.28,0.6956,60,1.27,0.6902,31,1.26,0.6847,1,1.275,0.6929,546,0
SPY190812C293,2019-08-09,2019-08-09 09:33:38,1.29,0.701,123,1.26,0.6847,6,1.26,0.6847,1,1.275,0.6929,546,0
SPY190812C293,2019-08-09,2019-08-09 09:33:38,1.27,0.6902,5,1.26,0.6847,1,1.26,0.6847,1,1.265,0.6875,546,0
SPY190812C293,2019-08-09,2019-08-09 09:33:39,1.27,0.6902,14,1.26,0.6847,8,1.26,0.6847,1,1.265,0.6875,546,0
SPY190812C293,2019-08-09,2019-08-09 09:33:39,1.27,0.6902,62,1.26,0.6847,1,1.26,0.6847,1,1.265,0.6875,546,0
SPY190812C293,2019-08-09,2019-08-09 09:33:40,1.27,0.6902,165,1.26,0.6847,1,1.26,0.6847,1,1.265,0.6875,546,0
SPY190812C293,2019-08-09,2019-08-09 09:33:40,1.27,0.6902,121,1.26,0.6847,8,1.26,0.6847,1,1.265,0.6875,546,0
SPY190812C293,2019-08-09,2019-08-09 09:33:41,1.27,0.6902,165,1.26,0.6847,1,1.26,0.6847,1,1.265,0.6875,547,1
SPY190812C293,2019-08-09,2019-08-09 09:33:41,1.26,0.6847,82,1.25,0.6793,1,1.26,0.6847,1,1.255,0.682,547,0
SPY190812C293,2019-08-09,2019-08-09 09:33:42,1.26,0.6847,6,1.24,0.6739,61,1.26,0.6847,1,1.25,0.6793,547,0
SPY190812C293,2019-08-09,2019-08-09 09:33:43,1.26,0.6847,9,1.24,0.6739,45,1.26,0.6847,1,1.25,0.6793,547,0
SPY190812C293,2019-08-09,2019-08-09 09:33:43,1.26,0.6847,9,1.24,0.6739,63,1.26,0.6847,1,1.25,0.6793,547,0
SPY190812C293,2019-08-09,2019-08-09 09:33:44,1.26,0.6847,6,1.24,0.6739,70,1.26,0.6847,1,1.25,0.6793,547,0
SPY190812C293,2019-08-09,2019-08-09 09:33:44,1.26,0.6847,6,1.24,0.6739,57,1.26,0.6847,1,1.25,0.6793,547,0
SPY190812C293,2019-08-09,2019-08-09 09:33:45,1.25,0.6793,6,1.23,0.6684,35,1.26,0.6847,1,1.24,0.6739,547,0
SPY190812C293,2019-08-09,2019-08-09 09:33:45,1.25,0.6793,9,1.23,0.6684,35,1.26,0.6847,1,1.24,0.6739,547,0
SPY190812C293,2019-08-09,2019-08-09 09:33:46,1.26,0.6847,5,1.24,0.6739,23,1.26,0.6847,1,1.25,0.6793,547,0
SPY190812C293,2019-08-09,2019-08-09 09:33:46,1.27,0.6902,50,1.24,0.6739,23,1.26,0.6847,1,1.255,0.682,547,0
SPY190812C293,2019-08-09,2019-08-09 09:33:47,1.28,0.6956,62,1.26,0.6847,6,1.26,0.6847,1,1.27,0.6902,547,0
SPY190812C293,2019-08-09,2019-08-09 09:33:47,1.3,0.7065,165,1.26,0.6847,166,1.26,0.6847,1,1.28,0.6956,547,0
SPY190812C293,2019-08-09,2019-08-09 09:33:48,1.3,0.7065,115,1.28,0.6956,6,1.26,0.6847,1,1.29,0.701,547,0
SPY190812C293,2019-08-09,2019-08-09 09:33:48,1.3,0.7065,8,1.28,0.6956,14,1.28,0.6956,1,1.29,0.701,559,12
SPY190812C293,2019-08-09,2019-08-09 09:33:49,1.32,0.7173,115,1.29,0.701,6,1.28,0.6956,1,1.305,0.7092,559,0
SPY190812C293,2019-08-09,2019-08-09 09:33:49,1.3,0.7065,1,1.29,0.701,14,1.28,0.6956,1,1.295,0.7038,559,0
SPY190812C293,2019-08-09,2019-08-09 09:33:50,1.32,0.7173,115,1.3,0.7065,14,1.3,0.7065,1,1.31,0.7119,563,0
SPY190812C293,2019-08-09,2019-08-09 09:33:50,1.32,0.7173,115,1.29,0.701,124,1.3,0.7065,1,1.305,0.7092,563,4
SPY190812C293,2019-08-09,2019-08-09 09:33:51,1.32,0.7173,58,1.3,0.7065,14,1.3,0.7065,1,1.31,0.7119,563,0
SPY190812C293,2019-08-09,2019-08-09 09:33:51,1.32,0.7173,115,1.3,0.7065,14,1.3,0.7065,1,1.31,0.7119,563,0
SPY190812C293,2019-08-09,2019-08-09 09:33:52,1.32,0.7173,76,1.3,0.7065,14,1.3,0.7065,1,1.31,0.7119,563,0
SPY190812C293,2019-08-09,2019-08-09 09:33:52,1.32,0.7173,5,1.31,0.7119,7,1.3,0.7065,1,1.315,0.7146,563,0
SPY190812C293,2019-08-09,2019-08-09 09:33:53,1.32,0.7173,5,1.3,0.7065,14,1.3,0.7065,1,1.31,0.7119,563,0
SPY190812C293,2019-08-09,2019-08-09 09:33:53,1.32,0.7173,106,1.3,0.7065,6,1.3,0.7065,1,1.31,0.7119,563,0
SPY190812C293,2019-08-09,2019-08-09 09:33:54,1.32,0.7173,112,1.31,0.7119,14,1.3,0.7065,1,1.315,0.7146,563,0
SPY190812C293,2019-08-09,2019-08-09 09:33:54,1.32,0.7173,7,1.31,0.7119,6,1.3,0.7065,1,1.315,0.7146,563,0
SPY190812C293,2019-08-09,2019-08-09 09:33:55,1.32,0.7173,5,1.31,0.7119,6,1.3,0.7065,1,1.315,0.7146,563,0
SPY190812C293,2019-08-09,2019-08-09 09:33:55,1.32,0.7173,5,1.3,0.7065,6,1.3,0.7065,1,1.31,0.7119,563,0
SPY190812C293,2019-08-09,2019-08-09 09:33:56,1.32,0.7173,5,1.3,0.7065,23,1.32,0.7173,5,1.31,0.7119,573,0
SPY190812C293,2019-08-09,2019-08-09 09:33:56,1.32,0.7173,5,1.3,0.7065,26,1.32,0.7173,5,1.31,0.7119,573,10
SPY190812C293,2019-08-09,2019-08-09 09:33:57,1.32,0.7173,9,1.31,0.7119,14,1.32,0.7173,5,1.315,0.7146,573,0
SPY190812C293,2019-08-09,2019-08-09 09:33:57,1.32,0.7173,5,1.31,0.7119,14,1.32,0.7173,5,1.315,0.7146,573,0
SPY190812C293,2019-08-09,2019-08-09 09:33:58,1.32,0.7173,5,1.3,0.7065,26,1.32,0.7173,5,1.31,0.7119,573,0
SPY190812C293,2019-08-09,2019-08-09 09:33:58,1.32,0.7173,51,1.31,0.7119,6,1.32,0.7173,5,1.315,0.7146,573,0
SPY190812C293,2019-08-09,2019-08-09 09:33:59,1.32,0.7173,100,1.31,0.7119,6,1.32,0.7173,5,1.315,0.7146,573,0
SPY190812C293,2019-08-09,2019-08-09 09:33:59,1.31,0.7119,5,1.3,0.7065,15,1.32,0.7173,5,1.305,0.7092,573,0
SPY190812C293,2019-08-09,2019-08-09 09:34:00,1.31,0.7119,88,1.3,0.7065,15,1.32,0.7173,5,1.305,0.7092,573,0
SPY190812C293,2019-08-09,2019-08-09 09:34:00,1.31,0.7119,69,1.3,0.7065,15,1.3,0.7065,1,1.305,0.7092,574,1
SPY190812C293,2019-08-09,2019-08-09 09:34:01,1.31,0.7119,69,1.3,0.7065,15,1.3,0.7065,1,1.305,0.7092,574,0
SPY190812C293,2019-08-09,2019-08-09 09:34:01,1.32,0.7173,112,1.3,0.7065,15,1.3,0.7065,1,1.31,0.7119,574,0
SPY190812C293,2019-08-09,2019-08-09 09:34:02,1.31,0.7119,1,1.3,0.7065,15,1.31,0.7119,1,1.305,0.7092,575,1
SPY190812C293,2019-08-09,2019-08-09 09:34:02,1.32,0.7173,106,1.3,0.7065,15,1.3,0.7065,1,1.31,0.7119,574,0
SPY190812C293,2019-08-09,2019-08-09 09:34:03,1.32,0.7173,1,1.3,0.7065,15,1.31,0.7119,1,1.31,0.7119,576,1
SPY190812C293,2019-08-09,2019-08-09 09:34:03,1.32,0.7173,5,1.3,0.7065,15,1.31,0.7119,1,1.31,0.7119,576,0
SPY190812C293,2019-08-09,2019-08-09 09:34:04,1.32,0.7173,5,1.3,0.7065,52,1.31,0.7119,1,1.31,0.7119,576,0
SPY190812C293,2019-08-09,2019-08-09 09:34:04,1.32,0.7173,1,1.31,0.7119,6,1.31,0.7119,1,1.315,0.7146,576,0
SPY190812C293,2019-08-09,2019-08-09 09:34:05,1.34,0.7282,5,1.3,0.7065,275,1.32,0.7173,1,1.32,0.7173,577,1
SPY190812C293,2019-08-09,2019-08-09 09:34:06,1.34,0.7282,100,1.32,0.7173,25,1.32,0.7173,1,1.33,0.7228,577,0
SPY190812C293,2019-08-09,2019-08-09 09:34:06,1.34,0.7282,5,1.32,0.7173,14,1.32,0.7173,1,1.33,0.7228,577,0
SPY190812C293,2019-08-09,2019-08-09 09:34:07,1.34,0.7282,100,1.32,0.7173,23,1.32,0.7173,1,1.33,0.7228,577,0
SPY190812C293,2019-08-09,2019-08-09 09:34:07,1.34,0.7282,100,1.32,0.7173,6,1.32,0.7173,1,1.33,0.7228,577,0
SPY190812C293,2019-08-09,2019-08-09 09:34:08,1.34,0.7282,117,1.32,0.7173,6,1.32,0.7173,1,1.33,0.7228,577,0
SPY190812C293,2019-08-09,2019-08-09 09:34:08,1.34,0.7282,106,1.32,0.7173,14,1.32,0.7173,1,1.33,0.7228,577,0
SPY190812C293,2019-08-09,2019-08-09 09:34:09,1.34,0.7282,117,1.32,0.7173,6,1.32,0.7173,1,1.33,0.7228,577,0
SPY190812C293,2019-08-09,2019-08-09 09:34:10,1.34,0.7282,121,1.32,0.7173,6,1.32,0.7173,1,1.33,0.7228,577,0
SPY190812C293,2019-08-09,2019-08-09 09:34:10,1.34,0.7282,117,1.32,0.7173,6,1.32,0.7173,1,1.33,0.7228,577,0
SPY190812C293,2019-08-09,2019-08-09 09:34:11,1.33,0.7228,12,1.32,0.7173,2,1.32,0.7173,1,1.325,0.7201,577,0
SPY190812C293,2019-08-09,2019-08-09 09:34:11,1.33,0.7228,12,1.3,0.7065,15,1.31,0.7119,1,1.315,0.7146,580,3
SPY190812C293,2019-08-09,2019-08-09 09:34:12,1.32,0.7173,18,1.3,0.7065,65,1.31,0.7119,1,1.31,0.7119,580,0
SPY190812C293,2019-08-09,2019-08-09 09:34:12,1.31,0.7119,14,1.3,0.7065,15,1.31,0.7119,1,1.305,0.7092,580,0
SPY190812C293,2019-08-09,2019-08-09 09:34:13,1.32,0.7173,79,1.3,0.7065,15,1.31,0.7119,1,1.31,0.7119,580,0
SPY190812C293,2019-08-09,2019-08-09 09:34:13,1.32,0.7173,18,1.3,0.7065,65,1.31,0.7119,1,1.31,0.7119,580,0
SPY190812C293,2019-08-09,2019-08-09 09:34:14,1.3,0.7065,5,1.29,0.701,4,1.3,0.7065,4,1.295,0.7038,599,19
SPY190812C293,2019-08-09,2019-08-09 09:34:14,1.3,0.7065,6,1.28,0.6956,55,1.3,0.7065,4,1.29,0.701,599,0
SPY190812C293,2019-08-09,2019-08-09 09:34:15,1.31,0.7119,66,1.29,0.701,58,1.3,0.7065,4,1.3,0.7065,599,0
SPY190812C293,2019-08-09,2019-08-09 09:34:15,1.31,0.7119,64,1.3,0.7065,8,1.3,0.7065,4,1.305,0.7092,599,0
SPY190812C293,2019-08-09,2019-08-09 09:34:16,1.3,0.7065,6,1.29,0.701,7,1.3,0.7065,4,1.295,0.7038,599,0
SPY190812C293,2019-08-09,2019-08-09 09:34:16,1.31,0.7119,112,1.29,0.701,57,1.3,0.7065,4,1.3,0.7065,599,0
SPY190812C293,2019-08-09,2019-08-09 09:34:17,1.3,0.7065,1,1.29,0.701,8,1.3,0.7065,4,1.295,0.7038,599,0
SPY190812C293,2019-08-09,2019-08-09 09:34:17,1.3,0.7065,14,1.29,0.701,8,1.3,0.7065,4,1.295,0.7038,599,0
SPY190812C293,2019-08-09,2019-08-09 09:34:18,1.3,0.7065,6,1.28,0.6956,60,1.3,0.7065,4,1.29,0.701,599,0
SPY190812C293,2019-08-09,2019-08-09 09:34:18,1.3,0.7065,14,1.29,0.701,8,1.3,0.7065,4,1.295,0.7038,599,0
SPY190812C293,2019-08-09,2019-08-09 09:34:19,1.3,0.7065,6,1.29,0.701,6,1.3,0.7065,4,1.295,0.7038,599,0
SPY190812C293,2019-08-09,2019-08-09 09:34:19,1.31,0.7119,6,1.3,0.7065,15,1.3,0.7065,4,1.305,0.7092,599,0
SPY190812C293,2019-08-09,2019-08-09 09:34:20,1.32,0.7173,112,1.3,0.7065,15,1.3,0.7065,4,1.31,0.7119,599,0
SPY190812C293,2019-08-09,2019-08-09 09:34:20,1.31,0.7119,6,1.3,0.7065,15,1.3,0.7065,4,1.305,0.7092,599,0
SPY190812C293,2019-08-09,2019-08-09 09:34:21,1.31,0.7119,6,1.3,0.7065,122,1.3,0.7065,4,1.305,0.7092,599,0
SPY190812C293,2019-08-09,2019-08-09 09:34:21,1.31,0.7119,6,1.3,0.7065,23,1.3,0.7065,4,1.305,0.7092,599,0
SPY190812C293,2019-08-09,2019-08-09 09:34:22,1.32,0.7173,14,1.3,0.7065,31,1.3,0.7065,4,1.31,0.7119,599,0
SPY190812C293,2019-08-09,2019-08-09 09:34:23,1.34,0.7282,112,1.31,0.7119,174,1.3,0.7065,4,1.325,0.7201,599,0
SPY190812C293,2019-08-09,2019-08-09 09:34:23,1.32,0.7173,1,1.31,0.7119,8,1.3,0.7065,4,1.315,0.7146,599,0
SPY190812C293,2019-08-09,2019-08-09 09:34:24,1.34,0.7282,6,1.32,0.7173,6,1.3,0.7065,4,1.33,0.7228,599,0
SPY190812C293,2019-08-09,2019-08-09 09:34:24,1.34,0.7282,6,1.32,0.7173,5,1.3,0.7065,4,1.33,0.7228,599,0
SPY190812C293,2019-08-09,2019-08-09 09:34:25,1.34,0.7282,6,1.32,0.7173,191,1.3,0.7065,4,1.33,0.7228,599,0
SPY190812C293,2019-08-09,2019-08-09 09:34:25,1.34,0.7282,6,1.32,0.7173,106,1.3,0.7065,4,1.33,0.7228,599,0
SPY190812C293,2019-08-09,2019-08-09 09:34:26,1.33,0.7228,6,1.32,0.7173,1,1.3,0.7065,4,1.325,0.7201,599,0
SPY190812C293,2019-08-09,2019-08-09 09:34:26,1.33,0.7228,14,1.32,0.7173,1,1.3,0.7065,4,1.325,0.7201,599,0
SPY190812C293,2019-08-09,2019-08-09 09:34:27,1.32,0.7173,6,1.3,0.7065,45,1.32,0.7173,1,1.31,0.7119,600,1
SPY190812C293,2019-08-09,2019-08-09 09:34:27,1.32,0.7173,6,1.3,0.7065,27,1.32,0.7173,1,1.31,0.7119,600,0
SPY190812C293,2019-08-09,2019-08-09 09:34:28,1.32,0.7173,9,1.3,0.7065,45,1.32,0.7173,1,1.31,0.7119,600,0
SPY190812C293,2019-08-09,2019-08-09 09:34:29,1.32,0.7173,9,1.3,0.7065,30,1.32,0.7173,1,1.31,0.7119,600,0
SPY190812C293,2019-08-09,2019-08-09 09:34:29,1.32,0.7173,105,1.3,0.7065,15,1.32,0.7173,1,1.31,0.7119,600,0
SPY190812C293,2019-08-09,2019-08-09 09:34:30,1.32,0.7173,90,1.3,0.7065,15,1.32,0.7173,1,1.31,0.7119,600,0
SPY190812C293,2019-08-09,2019-08-09 09:34:30,1.32,0.7173,165,1.3,0.7065,15,1.32,0.7173,1,1.31,0.7119,600,0
SPY190812C293,2019-08-09,2019-08-09 09:34:31,1.32,0.7173,6,1.3,0.7065,23,1.32,0.7173,1,1.31,0.7119,600,0
SPY190812C293,2019-08-09,2019-08-09 09:34:31,1.32,0.7173,14,1.3,0.7065,44,1.32,0.7173,1,1.31,0.7119,600,0
SPY190812C293,2019-08-09,2019-08-09 09:34:32,1.33,0.7228,6,1.31,0.7119,6,1.32,0.7173,1,1.32,0.7173,600,0
SPY190812C293,2019-08-09,2019-08-09 09:34:32,1.33,0.7228,6,1.31,0.7119,42,1.32,0.7173,1,1.32,0.7173,600,0
SPY190812C293,2019-08-09,2019-08-09 09:34:33,1.34,0.7282,14,1.32,0.7173,14,1.32,0.7173,1,1.33,0.7228,600,0
SPY190812C293,2019-08-09,2019-08-09 09:34:33,1.34,0.7282,162,1.31,0.7119,140,1.32,0.7173,1,1.325,0.7201,600,0
SPY190812C293,2019-08-09,2019-08-09 09:34:34,1.34,0.7282,1,1.33,0.7228,8,1.32,0.7173,1,1.335,0.7255,600,0
SPY190812C293,2019-08-09,2019-08-09 09:34:34,1.34,0.7282,14,1.32,0.7173,14,1.32,0.7173,1,1.33,0.7228,600,0
SPY190812C293,2019-08-09,2019-08-09 09:34:35,1.34,0.7282,8,1.32,0.7173,38,1.32,0.7173,1,1.33,0.7228,600,0
SPY190812C293,2019-08-09,2019-08-09 09:34:35,1.34,0.7282,14,1.32,0.7173,14,1.32,0.7173,1,1.33,0.7228,600,0
SPY190812C293,2019-08-09,2019-08-09 09:34:36,1.34,0.7282,172,1.31,0.7119,109,1.32,0.7173,1,1.325,0.7201,600,0
SPY190812C293,2019-08-09,2019-08-09 09:34:37,1.33,0.7228,8,1.32,0.7173,8,1.32,0.7173,1,1.325,0.7201,600,0
SPY190812C293,2019-08-09,2019-08-09 09:34:37,1.34,0.7282,162,1.32,0.7173,6,1.32,0.7173,1,1.33,0.7228,600,0
SPY190812C293,2019-08-09,2019-08-09 09:34:38,1.34,0.7282,157,1.32,0.7173,6,1.32,0.7173,1,1.33,0.7228,600,0
SPY190812C293,2019-08-09,2019-08-09 09:34:38,1.34,0.7282,162,1.32,0.7173,6,1.32,0.7173,1,1.33,0.7228,600,0
SPY190812C293,2019-08-09,2019-08-09 09:34:39,1.34,0.7282,92,1.32,0.7173,60,1.32,0.7173,1,1.33,0.7228,600,0
SPY190812C293,2019-08-09,2019-08-09 09:34:39,1.34,0.7282,5,1.33,0.7228,8,1.32,0.7173,1,1.335,0.7255,600,0
SPY190812C293,2019-08-09,2019-08-09 09:34:40,1.34,0.7282,5,1.31,0.7119,168,1.32,0.7173,1,1.325,0.7201,600,0
SPY190812C293,2019-08-09,2019-08-09 09:34:40,1.34,0.7282,6,1.31,0.7119,168,1.32,0.7173,1,1.325,0.7201,600,0
SPY190812C293,2019-08-09,2019-08-09 09:34:41,1.35,0.7336,75,1.32,0.7173,23,1.32,0.7173,1,1.335,0.7255,600,0
SPY190812C293,2019-08-09,2019-08-09 09:34:41,1.34,0.7282,5,1.31,0.7119,229,1.32,0.7173,1,1.325,0.7201,600,0
SPY190812C293,2019-08-09,2019-08-09 09:34:42,1.35,0.7336,75,1.32,0.7173,25,1.32,0.7173,1,1.335,0.7255,600,0
SPY190812C293,2019-08-09,2019-08-09 09:34:42,1.35,0.7336,113,1.32,0.7173,112,1.33,0.7228,1,1.335,0.7255,602,2
SPY190812C293,2019-08-09,2019-08-09 09:34:43,1.35,0.7336,100,1.33,0.7228,6,1.33,0.7228,1,1.34,0.7282,602,0
SPY190812C293,2019-08-09,2019-08-09 09:34:43,1.35,0.7336,113,1.32,0.7173,112,1.33,0.7228,1,1.335,0.7255,602,0
SPY190812C293,2019-08-09,2019-08-09 09:34:44,1.35,0.7336,58,1.34,0.7282,8,1.33,0.7228,1,1.345,0.7309,602,0
SPY190812C293,2019-08-09,2019-08-09 09:34:44,1.35,0.7336,100,1.33,0.7228,14,1.33,0.7228,1,1.34,0.7282,602,0
SPY190812C293,2019-08-09,2019-08-09 09:34:45,1.35,0.7336,3,1.34,0.7282,20,1.35,0.7336,1,1.345,0.7309,603,1
SPY190812C293,2019-08-09,2019-08-09 09:34:45,1.35,0.7336,3,1.34,0.7282,6,1.33,0.7228,1,1.345,0.7309,602,0
SPY190812C293,2019-08-09,2019-08-09 09:34:46,1.35,0.7336,3,1.34,0.7282,20,1.35,0.7336,1,1.345,0.7309,603,0
SPY190812C293,2019-08-09,2019-08-09 09:34:47,1.37,0.7445,109,1.35,0.7336,14,1.37,0.7445,6,1.36,0.7391,807,12
SPY190812C293,2019-08-09,2019-08-09 09:34:47,1.37,0.7445,74,1.34,0.7282,25,1.38,0.75,12,1.355,0.7364,795,192
SPY190812C293,2019-08-09,2019-08-09 09:34:48,1.36,0.7391,5,1.34,0.7282,20,1.37,0.7445,6,1.35,0.7336,807,0
SPY190812C293,2019-08-09,2019-08-09 09:34:49,1.36,0.7391,5,1.34,0.7282,20,1.37,0.7445,35,1.35,0.7336,847,40
SPY190812C293,2019-08-09,2019-08-09 09:34:49,1.36,0.7391,5,1.34,0.7282,20,1.36,0.7391,1,1.35,0.7336,848,1
SPY190812C293,2019-08-09,2019-08-09 09:34:50,1.36,0.7391,315,1.33,0.7228,1,1.34,0.7282,20,1.345,0.7309,868,20
SPY190812C293,2019-08-09,2019-08-09 09:34:50,1.36,0.7391,388,1.33,0.7228,1,1.34,0.7282,20,1.345,0.7309,868,0
SPY190812C293,2019-08-09,2019-08-09 09:34:51,1.36,0.7391,10,1.34,0.7282,6,1.36,0.7391,1,1.35,0.7336,869,1
SPY190812C293,2019-08-09,2019-08-09 09:34:51,1.36,0.7391,71,1.34,0.7282,6,1.34,0.7282,20,1.35,0.7336,868,0
SPY190812C293,2019-08-09,2019-08-09 09:34:52,1.37,0.7445,108,1.35,0.7336,6,1.36,0.7391,1,1.36,0.7391,869,0
SPY190812C293,2019-08-09,2019-08-09 09:34:52,1.36,0.7391,1,1.35,0.7336,8,1.36,0.7391,1,1.355,0.7364,869,0
SPY190812C293,2019-08-09,2019-08-09 09:34:53,1.37,0.7445,6,1.35,0.7336,6,1.36,0.7391,1,1.36,0.7391,869,0
SPY190812C293,2019-08-09,2019-08-09 09:34:53,1.37,0.7445,109,1.35,0.7336,6,1.36,0.7391,1,1.36,0.7391,869,0
SPY190812C293,2019-08-09,2019-08-09 09:34:54,1.37,0.7445,14,1.35,0.7336,14,1.36,0.7391,1,1.36,0.7391,869,0
SPY190812C293,2019-08-09,2019-08-09 09:34:54,1.37,0.7445,64,1.36,0.7391,1,1.36,0.7391,1,1.365,0.7418,869,0
SPY190812C293,2019-08-09,2019-08-09 09:34:55,1.37,0.7445,64,1.36,0.7391,1,1.36,0.7391,1,1.365,0.7418,869,0
SPY190812C293,2019-08-09,2019-08-09 09:34:56,1.37,0.7445,89,1.36,0.7391,10,1.36,0.7391,1,1.365,0.7418,869,0
SPY190812C293,2019-08-09,2019-08-09 09:34:57,1.37,0.7445,57,1.36,0.7391,10,1.36,0.7391,1,1.365,0.7418,869,0
SPY190812C293,2019-08-09,2019-08-09 09:34:58,1.37,0.7445,6,1.36,0.7391,15,1.36,0.7391,1,1.365,0.7418,869,0
SPY190812C293,2019-08-09,2019-08-09 09:34:59,1.37,0.7445,13,1.36,0.7391,15,1.36,0.7391,1,1.365,0.7418,869,0
SPY190812C293,2019-08-09,2019-08-09 09:34:59,1.38,0.75,108,1.36,0.7391,15,1.36,0.7391,1,1.37,0.7445,869,0
SPY190812C293,2019-08-09,2019-08-09 09:35:00,1.38,0.75,154,1.36,0.7391,15,1.36,0.7391,2,1.37,0.7445,871,2
SPY190812C293,2019-08-09,2019-08-09 09:35:01,1.38,0.75,121,1.37,0.7445,1,1.38,0.75,2,1.375,0.7472,874,3
SPY190812C293,2019-08-09,2019-08-09 09:35:02,1.37,0.7445,1,1.36,0.7391,15,1.37,0.7445,1,1.365,0.7418,875,1
SPY190812C293,2019-08-09,2019-08-09 09:35:02,1.37,0.7445,113,1.36,0.7391,15,1.36,0.7391,1,1.365,0.7418,891,16
SPY190812C293,2019-08-09,2019-08-09 09:35:03,1.36,0.7391,6,1.33,0.7228,156,1.36,0.7391,1,1.345,0.7309,891,0
SPY190812C293,2019-08-09,2019-08-09 09:35:06,1.35,0.7336,163,1.33,0.7228,1,1.35,0.7336,1,1.34,0.7282,913,22
SPY190812C293,2019-08-09,2019-08-09 09:35:07,1.34,0.7282,110,1.33,0.7228,1,1.35,0.7336,1,1.335,0.7255,913,0
SPY190812C293,2019-08-09,2019-08-09 09:35:07,1.34,0.7282,66,1.33,0.7228,1,1.35,0.7336,1,1.335,0.7255,913,0
SPY190812C293,2019-08-09,2019-08-09 09:35:08,1.34,0.7282,5,1.33,0.7228,6,1.35,0.7336,1,1.335,0.7255,913,0
SPY190812C293,2019-08-09,2019-08-09 09:35:08,1.34,0.7282,1,1.33,0.7228,1,1.35,0.7336,1,1.335,0.7255,913,0
SPY190812C293,2019-08-09,2019-08-09 09:35:09,1.34,0.7282,6,1.32,0.7173,12,1.35,0.7336,1,1.33,0.7228,913,0
SPY190812C293,2019-08-09,2019-08-09 09:35:09,1.34,0.7282,1,1.33,0.7228,14,1.35,0.7336,1,1.335,0.7255,913,0
SPY190812C293,2019-08-09,2019-08-09 09:35:10,1.33,0.7228,12,1.31,0.7119,8,1.35,0.7336,1,1.32,0.7173,913,0
SPY190812C293,2019-08-09,2019-08-09 09:35:10,1.33,0.7228,6,1.31,0.7119,8,1.35,0.7336,1,1.32,0.7173,913,0
SPY190812C293,2019-08-09,2019-08-09 09:35:11,1.34,0.7282,60,1.32,0.7173,6,1.35,0.7336,1,1.33,0.7228,913,0
SPY190812C293,2019-08-09,2019-08-09 09:35:11,1.34,0.7282,105,1.32,0.7173,6,1.35,0.7336,1,1.33,0.7228,913,0
SPY190812C293,2019-08-09,2019-08-09 09:35:12,1.35,0.7336,6,1.33,0.7228,6,1.35,0.7336,1,1.34,0.7282,913,0
SPY190812C293,2019-08-09,2019-08-09 09:35:12,1.37,0.7445,280,1.32,0.7173,6,1.35,0.7336,1,1.345,0.7309,913,0
SPY190812C293,2019-08-09,2019-08-09 09:35:13,1.35,0.7336,13,1.33,0.7228,14,1.35,0.7336,1,1.34,0.7282,913,0
SPY190812C293,2019-08-09,2019-08-09 09:35:14,1.36,0.7391,6,1.34,0.7282,62,1.35,0.7336,20,1.35,0.7336,933,20
SPY190812C293,2019-08-09,2019-08-09 09:35:14,1.36,0.7391,7,1.34,0.7282,85,1.35,0.7336,20,1.35,0.7336,933,0
SPY190812C293,2019-08-09,2019-08-09 09:35:15,1.35,0.7336,7,1.34,0.7282,1,1.35,0.7336,20,1.345,0.7309,933,0
SPY190812C293,2019-08-09,2019-08-09 09:35:15,1.36,0.7391,7,1.34,0.7282,66,1.36,0.7391,1,1.35,0.7336,934,1
SPY190812C293,2019-08-09,2019-08-09 09:35:16,1.36,0.7391,14,1.35,0.7336,8,1.36,0.7391,1,1.355,0.7364,934,0
SPY190812C293,2019-08-09,2019-08-09 09:35:16,1.36,0.7391,1,1.35,0.7336,1,1.36,0.7391,1,1.355,0.7364,934,0
SPY190812C293,2019-08-09,2019-08-09 09:35:17,1.36,0.7391,4,1.35,0.7336,1,1.36,0.7391,1,1.355,0.7364,934,0
SPY190812C293,2019-08-09,2019-08-09 09:35:17,1.36,0.7391,6,1.35,0.7336,6,1.36,0.7391,1,1.355,0.7364,934,0
SPY190812C293,2019-08-09,2019-08-09 09:35:18,1.37,0.7445,18,1.35,0.7336,6,1.36,0.7391,1,1.36,0.7391,934,0
SPY190812C293,2019-08-09,2019-08-09 09:35:18,1.36,0.7391,8,1.34,0.7282,168,1.36,0.7391,1,1.35,0.7336,934,0
SPY190812C293,2019-08-09,2019-08-09 09:35:19,1.37,0.7445,6,1.35,0.7336,68,1.36,0.7391,1,1.36,0.7391,934,0
SPY190812C293,2019-08-09,2019-08-09 09:35:19,1.37,0.7445,109,1.34,0.7282,159,1.36,0.7391,1,1.355,0.7364,934,0
SPY190812C293,2019-08-09,2019-08-09 09:35:20,1.36,0.7391,14,1.34,0.7282,114,1.36,0.7391,1,1.35,0.7336,934,0
SPY190812C293,2019-08-09,2019-08-09 09:35:20,1.37,0.7445,109,1.34,0.7282,159,1.36,0.7391,1,1.355,0.7364,934,0
SPY190812C293,2019-08-09,2019-08-09 09:35:21,1.35,0.7336,6,1.33,0.7228,127,1.36,0.7391,1,1.34,0.7282,934,0
SPY190812C293,2019-08-09,2019-08-09 09:35:21,1.36,0.7391,20,1.34,0.7282,64,1.36,0.7391,1,1.35,0.7336,934,0
SPY190812C293,2019-08-09,2019-08-09 09:35:22,1.36,0.7391,37,1.34,0.7282,9,1.36,0.7391,1,1.35,0.7336,934,0
SPY190812C293,2019-08-09,2019-08-09 09:35:22,1.36,0.7391,37,1.34,0.7282,111,1.36,0.7391,1,1.35,0.7336,934,0
SPY190812C293,2019-08-09,2019-08-09 09:35:23,1.36,0.7391,8,1.34,0.7282,96,1.36,0.7391,1,1.35,0.7336,934,0
SPY190812C293,2019-08-09,2019-08-09 09:35:23,1.36,0.7391,7,1.34,0.7282,50,1.36,0.7391,1,1.35,0.7336,934,0
SPY190812C293,2019-08-09,2019-08-09 09:35:24,1.36,0.7391,6,1.34,0.7282,6,1.36,0.7391,1,1.35,0.7336,934,0
SPY190812C293,2019-08-09,2019-08-09 09:35:24,1.36,0.7391,56,1.33,0.7228,109,1.36,0.7391,1,1.345,0.7309,934,0
SPY190812C293,2019-08-09,2019-08-09 09:35:25,1.36,0.7391,92,1.34,0.7282,6,1.36,0.7391,1,1.35,0.7336,934,0
SPY190812C293,2019-08-09,2019-08-09 09:35:25,1.36,0.7391,96,1.34,0.7282,6,1.36,0.7391,1,1.35,0.7336,934,0
SPY190812C293,2019-08-09,2019-08-09 09:35:26,1.36,0.7391,35,1.34,0.7282,6,1.36,0.7391,1,1.35,0.7336,934,0
SPY190812C293,2019-08-09,2019-08-09 09:35:26,1.36,0.7391,33,1.34,0.7282,13,1.36,0.7391,1,1.35,0.7336,934,0
SPY190812C293,2019-08-09,2019-08-09 09:35:27,1.36,0.7391,118,1.34,0.7282,6,1.36,0.7391,1,1.35,0.7336,934,0
SPY190812C293,2019-08-09,2019-08-09 09:35:28,1.36,0.7391,14,1.34,0.7282,14,1.36,0.7391,1,1.35,0.7336,934,0
SPY190812C293,2019-08-09,2019-08-09 09:35:28,1.37,0.7445,60,1.34,0.7282,6,1.36,0.7391,1,1.355,0.7364,934,0
SPY190812C293,2019-08-09,2019-08-09 09:35:29,1.36,0.7391,100,1.34,0.7282,23,1.36,0.7391,1,1.35,0.7336,934,0
SPY190812C293,2019-08-09,2019-08-09 09:35:29,1.36,0.7391,57,1.34,0.7282,7,1.36,0.7391,1,1.35,0.7336,934,0
SPY190812C293,2019-08-09,2019-08-09 09:35:30,1.36,0.7391,1,1.35,0.7336,6,1.36,0.7391,15,1.355,0.7364,964,0
SPY190812C293,2019-08-09,2019-08-09 09:35:30,1.36,0.7391,10,1.34,0.7282,27,1.36,0.7391,15,1.35,0.7336,964,30
SPY190812C293,2019-08-09,2019-08-09 09:35:32,1.37,0.7445,109,1.34,0.7282,109,1.36,0.7391,15,1.355,0.7364,964,0
SPY190812C293,2019-08-09,2019-08-09 09:35:32,1.37,0.7445,111,1.35,0.7336,6,1.36,0.7391,15,1.36,0.7391,964,0
SPY190812C293,2019-08-09,2019-08-09 09:35:33,1.37,0.7445,7,1.35,0.7336,14,1.36,0.7391,15,1.36,0.7391,964,0
SPY190812C293,2019-08-09,2019-08-09 09:35:34,1.37,0.7445,7,1.35,0.7336,14,1.36,0.7391,15,1.36,0.7391,964,0
SPY190812C293,2019-08-09,2019-08-09 09:35:34,1.37,0.7445,100,1.35,0.7336,14,1.36,0.7391,15,1.36,0.7391,964,0
SPY190812C293,2019-08-09,2019-08-09 09:35:35,1.37,0.7445,100,1.35,0.7336,14,1.36,0.7391,15,1.36,0.7391,964,0
SPY190812C293,2019-08-09,2019-08-09 09:35:35,1.37,0.7445,100,1.36,0.7391,8,1.36,0.7391,15,1.365,0.7418,964,0
SPY190812C293,2019-08-09,2019-08-09 09:35:36,1.37,0.7445,100,1.36,0.7391,8,1.36,0.7391,15,1.365,0.7418,964,0
SPY190812C293,2019-08-09,2019-08-09 09:35:36,1.37,0.7445,100,1.35,0.7336,6,1.36,0.7391,15,1.36,0.7391,964,0
SPY190812C293,2019-08-09,2019-08-09 09:35:37,1.36,0.7391,1,1.35,0.7336,14,1.36,0.7391,15,1.355,0.7364,964,0
SPY190812C293,2019-08-09,2019-08-09 09:35:37,1.37,0.7445,83,1.35,0.7336,1,1.36,0.7391,15,1.36,0.7391,964,0
SPY190812C293,2019-08-09,2019-08-09 09:35:38,1.37,0.7445,75,1.35,0.7336,1,1.36,0.7391,15,1.36,0.7391,964,0
SPY190812C293,2019-08-09,2019-08-09 09:35:38,1.37,0.7445,56,1.35,0.7336,1,1.36,0.7391,15,1.36,0.7391,964,0
SPY190812C293,2019-08-09,2019-08-09 09:35:39,1.36,0.7391,2,1.35,0.7336,6,1.36,0.7391,15,1.355,0.7364,964,0
SPY190812C293,2019-08-09,2019-08-09 09:35:40,1.36,0.7391,2,1.35,0.7336,14,1.36,0.7391,15,1.355,0.7364,964,0
SPY190812C293,2019-08-09,2019-08-09 09:35:40,1.36,0.7391,1,1.35,0.7336,1,1.36,0.7391,1,1.355,0.7364,965,1
SPY190812C293,2019-08-09,2019-08-09 09:35:41,1.36,0.7391,1,1.35,0.7336,1,1.36,0.7391,1,1.355,0.7364,965,0
SPY190812C293,2019-08-09,2019-08-09 09:35:42,1.37,0.7445,102,1.36,0.7391,1,1.36,0.7391,1,1.365,0.7418,966,1
SPY190812C293,2019-08-09,2019-08-09 09:35:42,1.37,0.7445,18,1.35,0.7336,14,1.36,0.7391,1,1.36,0.7391,966,0
SPY190812C293,2019-08-09,2019-08-09 09:35:43,1.36,0.7391,1,1.35,0.7336,14,1.36,0.7391,1,1.355,0.7364,966,0
SPY190812C293,2019-08-09,2019-08-09 09:35:43,1.37,0.7445,51,1.36,0.7391,1,1.36,0.7391,1,1.365,0.7418,966,0
SPY190812C293,2019-08-09,2019-08-09 09:35:44,1.36,0.7391,56,1.35,0.7336,1,1.36,0.7391,1,1.355,0.7364,966,0
SPY190812C293,2019-08-09,2019-08-09 09:35:44,1.37,0.7445,96,1.35,0.7336,6,1.36,0.7391,1,1.36,0.7391,966,0
SPY190812C293,2019-08-09,2019-08-09 09:35:46,1.36,0.7391,79,1.35,0.7336,1,1.35,0.7336,1,1.355,0.7364,967,1
SPY190812C293,2019-08-09,2019-08-09 09:35:46,1.36,0.7391,87,1.35,0.7336,1,1.36,0.7391,1,1.355,0.7364,966,0
SPY190812C293,2019-08-09,2019-08-09 09:35:47,1.36,0.7391,79,1.35,0.7336,5,1.36,0.7391,50,1.355,0.7364,1017,50
SPY190812C293,2019-08-09,2019-08-09 09:35:47,1.36,0.7391,79,1.35,0.7336,5,1.36,0.7391,50,1.355,0.7364,1017,0
SPY190812C293,2019-08-09,2019-08-09 09:35:48,1.36,0.7391,21,1.35,0.7336,6,1.36,0.7391,10,1.355,0.7364,1028,11
SPY190812C293,2019-08-09,2019-08-09 09:35:48,1.36,0.7391,21,1.35,0.7336,9,1.36,0.7391,50,1.355,0.7364,1017,0
SPY190812C293,2019-08-09,2019-08-09 09:35:49,1.38,0.75,6,1.36,0.7391,6,1.36,0.7391,10,1.37,0.7445,1038,0
SPY190812C293,2019-08-09,2019-08-09 09:35:49,1.38,0.75,6,1.36,0.7391,11,1.36,0.7391,10,1.37,0.7445,1038,10
SPY190812C293,2019-08-09,2019-08-09 09:35:50,1.38,0.75,14,1.36,0.7391,14,1.36,0.7391,10,1.37,0.7445,1038,0
SPY190812C293,2019-08-09,2019-08-09 09:35:50,1.38,0.75,6,1.36,0.7391,6,1.36,0.7391,10,1.37,0.7445,1038,0
SPY190812C293,2019-08-09,2019-08-09 09:35:51,1.37,0.7445,6,1.35,0.7336,160,1.36,0.7391,10,1.36,0.7391,1038,0
SPY190812C293,2019-08-09,2019-08-09 09:35:51,1.38,0.75,14,1.36,0.7391,44,1.36,0.7391,10,1.37,0.7445,1038,0
SPY190812C293,2019-08-09,2019-08-09 09:35:52,1.37,0.7445,6,1.35,0.7336,105,1.36,0.7391,10,1.36,0.7391,1038,0
SPY190812C293,2019-08-09,2019-08-09 09:35:52,1.38,0.75,114,1.35,0.7336,120,1.36,0.7391,10,1.365,0.7418,1038,0
SPY190812C293,2019-08-09,2019-08-09 09:35:53,1.37,0.7445,1,1.35,0.7336,133,1.36,0.7391,10,1.36,0.7391,1038,0
SPY190812C293,2019-08-09,2019-08-09 09:35:53,1.38,0.75,104,1.35,0.7336,133,1.36,0.7391,10,1.365,0.7418,1038,0
SPY190812C293,2019-08-09,2019-08-09 09:35:54,1.38,0.75,115,1.35,0.7336,175,1.36,0.7391,10,1.365,0.7418,1038,0
SPY190812C293,2019-08-09,2019-08-09 09:35:54,1.37,0.7445,6,1.35,0.7336,175,1.36,0.7391,10,1.36,0.7391,1038,0
SPY190812C293,2019-08-09,2019-08-09 09:35:55,1.38,0.75,119,1.35,0.7336,175,1.38,0.75,2,1.365,0.7418,1040,2
SPY190812C293,2019-08-09,2019-08-09 09:35:55,1.37,0.7445,14,1.36,0.7391,8,1.38,0.75,2,1.365,0.7418,1040,0
SPY190812C293,2019-08-09,2019-08-09 09:35:56,1.36,0.7391,6,1.35,0.7336,5,1.38,0.75,2,1.355,0.7364,1040,0
SPY190812C293,2019-08-09,2019-08-09 09:35:56,1.37,0.7445,117,1.35,0.7336,5,1.36,0.7391,5,1.36,0.7391,1045,5
SPY190812C293,2019-08-09,2019-08-09 09:35:57,1.37,0.7445,115,1.35,0.7336,5,1.36,0.7391,5,1.36,0.7391,1045,0
SPY190812C293,2019-08-09,2019-08-09 09:35:57,1.37,0.7445,159,1.35,0.7336,5,1.36,0.7391,5,1.36,0.7391,1045,0
SPY190812C293,2019-08-09,2019-08-09 09:35:58,1.36,0.7391,8,1.35,0.7336,5,1.36,0.7391,5,1.355,0.7364,1045,0
SPY190812C293,2019-08-09,2019-08-09 09:35:58,1.36,0.7391,8,1.35,0.7336,7,1.36,0.7391,5,1.355,0.7364,1045,0
SPY190812C293,2019-08-09,2019-08-09 09:35:59,1.37,0.7445,50,1.35,0.7336,53,1.37,0.7445,3,1.36,0.7391,1048,3
SPY190812C293,2019-08-09,2019-08-09 09:35:59,1.38,0.75,130,1.35,0.7336,133,1.37,0.7445,3,1.365,0.7418,1048,0
SPY190812C293,2019-08-09,2019-08-09 09:36:00,1.38,0.75,130,1.35,0.7336,145,1.37,0.7445,3,1.365,0.7418,1048,0
SPY190812C293,2019-08-09,2019-08-09 09:36:00,1.38,0.75,194,1.37,0.7445,5,1.37,0.7445,3,1.375,0.7472,1048,0
SPY190812C293,2019-08-09,2019-08-09 09:36:01,1.38,0.75,117,1.37,0.7445,5,1.37,0.7445,3,1.375,0.7472,1048,0
SPY190812C293,2019-08-09,2019-08-09 09:36:01,1.38,0.75,130,1.37,0.7445,5,1.37,0.7445,3,1.375,0.7472,1048,0
SPY190812C293,2019-08-09,2019-08-09 09:36:02,1.37,0.7445,14,1.35,0.7336,14,1.37,0.7445,3,1.36,0.7391,1053,0
SPY190812C293,2019-08-09,2019-08-09 09:36:02,1.38,0.75,6,1.37,0.7445,5,1.37,0.7445,3,1.375,0.7472,1053,5
SPY190812C293,2019-08-09,2019-08-09 09:36:03,1.37,0.7445,110,1.36,0.7391,6,1.38,0.75,10,1.365,0.7418,1063,10
SPY190812C293,2019-08-09,2019-08-09 09:36:03,1.37,0.7445,110,1.36,0.7391,6,1.37,0.7445,3,1.365,0.7418,1053,0
SPY190812C293,2019-08-09,2019-08-09 09:36:04,1.38,0.75,159,1.36,0.7391,6,1.38,0.75,10,1.37,0.7445,1063,0
SPY190812C293,2019-08-09,2019-08-09 09:36:05,1.38,0.75,159,1.36,0.7391,6,1.38,0.75,10,1.37,0.7445,1063,0
SPY190812C293,2019-08-09,2019-08-09 09:36:06,1.38,0.75,5,1.36,0.7391,6,1.38,0.75,10,1.37,0.7445,1063,0
SPY190812C293,2019-08-09,2019-08-09 09:36:06,1.38,0.75,159,1.36,0.7391,6,1.38,0.75,10,1.37,0.7445,1063,0
SPY190812C293,2019-08-09,2019-08-09 09:36:07,1.38,0.75,14,1.36,0.7391,14,1.38,0.75,10,1.37,0.7445,1063,0
SPY190812C293,2019-08-09,2019-08-09 09:36:07,1.38,0.75,5,1.36,0.7391,6,1.38,0.75,10,1.37,0.7445,1063,0
SPY190812C293,2019-08-09,2019-08-09 09:36:08,1.38,0.75,6,1.36,0.7391,6,1.38,0.75,10,1.37,0.7445,1063,0
SPY190812C293,2019-08-09,2019-08-09 09:36:09,1.37,0.7445,5,1.35,0.7336,83,1.38,0.75,10,1.36,0.7391,1063,0
SPY190812C293,2019-08-09,2019-08-09 09:36:09,1.38,0.75,9,1.36,0.7391,6,1.38,0.75,10,1.37,0.7445,1063,0
SPY190812C293,2019-08-09,2019-08-09 09:36:10,1.37,0.7445,14,1.35,0.7336,14,1.38,0.75,10,1.36,0.7391,1063,0
SPY190812C293,2019-08-09,2019-08-09 09:36:10,1.36,0.7391,5,1.35,0.7336,1,1.36,0.7391,8,1.355,0.7364,1071,8
SPY190812C293,2019-08-09,2019-08-09 09:36:11,1.36,0.7391,1,1.35,0.7336,6,1.36,0.7391,8,1.355,0.7364,1071,0
SPY190812C293,2019-08-09,2019-08-09 09:36:11,1.36,0.7391,6,1.34,0.7282,15,1.35,0.7336,1,1.35,0.7336,1072,1
SPY190812C293,2019-08-09,2019-08-09 09:36:12,1.34,0.7282,5,1.32,0.7173,17,1.35,0.7336,1,1.33,0.7228,1072,0
SPY190812C293,2019-08-09,2019-08-09 09:36:12,1.35,0.7336,56,1.32,0.7173,33,1.35,0.7336,1,1.335,0.7255,1072,0
SPY190812C293,2019-08-09,2019-08-09 09:36:13,1.34,0.7282,117,1.32,0.7173,20,1.34,0.7282,1,1.33,0.7228,1073,1
SPY190812C293,2019-08-09,2019-08-09 09:36:13,1.34,0.7282,75,1.32,0.7173,20,1.34,0.7282,1,1.33,0.7228,1073,0
SPY190812C293,2019-08-09,2019-08-09 09:36:14,1.34,0.7282,55,1.33,0.7228,6,1.34,0.7282,1,1.335,0.7255,1073,0
SPY190812C293,2019-08-09,2019-08-09 09:36:14,1.34,0.7282,167,1.31,0.7119,104,1.34,0.7282,1,1.325,0.7201,1073,0
SPY190812C293,2019-08-09,2019-08-09 09:36:15,1.33,0.7228,64,1.32,0.7173,6,1.34,0.7282,1,1.325,0.7201,1073,0
SPY190812C293,2019-08-09,2019-08-09 09:36:15,1.34,0.7282,167,1.31,0.7119,60,1.34,0.7282,1,1.325,0.7201,1073,0
SPY190812C293,2019-08-09,2019-08-09 09:36:16,1.33,0.7228,116,1.31,0.7119,6,1.34,0.7282,1,1.32,0.7173,1073,0
SPY190812C293,2019-08-09,2019-08-09 09:36:16,1.33,0.7228,118,1.31,0.7119,50,1.34,0.7282,1,1.32,0.7173,1073,0
SPY190812C293,2019-08-09,2019-08-09 09:36:17,1.33,0.7228,109,1.31,0.7119,3,1.34,0.7282,1,1.32,0.7173,1073,0
SPY190812C293,2019-08-09,2019-08-09 09:36:17,1.33,0.7228,111,1.3,0.7065,329,1.33,0.7228,1,1.315,0.7146,1074,1
SPY190812C293,2019-08-09,2019-08-09 09:36:18,1.32,0.7173,8,1.3,0.7065,15,1.33,0.7228,1,1.31,0.7119,1074,0
SPY190812C293,2019-08-09,2019-08-09 09:36:18,1.32,0.7173,8,1.31,0.7119,14,1.33,0.7228,1,1.315,0.7146,1074,0
SPY190812C293,2019-08-09,2019-08-09 09:36:19,1.31,0.7119,6,1.3,0.7065,15,1.33,0.7228,1,1.305,0.7092,1074,0
SPY190812C293,2019-08-09,2019-08-09 09:36:20,1.31,0.7119,14,1.3,0.7065,15,1.33,0.7228,1,1.305,0.7092,1074,0
SPY190812C293,2019-08-09,2019-08-09 09:36:20,1.31,0.7119,6,1.3,0.7065,15,1.33,0.7228,1,1.305,0.7092,1074,0
SPY190812C293,2019-08-09,2019-08-09 09:36:21,1.31,0.7119,110,1.3,0.7065,15,1.33,0.7228,1,1.305,0.7092,1074,0
SPY190812C293,2019-08-09,2019-08-09 09:36:21,1.32,0.7173,109,1.3,0.7065,15,1.33,0.7228,1,1.31,0.7119,1074,0
SPY190812C293,2019-08-09,2019-08-09 09:36:22,1.31,0.7119,5,1.3,0.7065,60,1.33,0.7228,1,1.305,0.7092,1074,0
SPY190812C293,2019-08-09,2019-08-09 09:36:22,1.32,0.7173,115,1.3,0.7065,52,1.33,0.7228,1,1.31,0.7119,1074,0
SPY190812C293,2019-08-09,2019-08-09 09:36:23,1.3,0.7065,14,1.28,0.6956,20,1.3,0.7065,15,1.29,0.701,1089,0
SPY190812C293,2019-08-09,2019-08-09 09:36:23,1.3,0.7065,2,1.28,0.6956,20,1.3,0.7065,15,1.29,0.701,1089,15
SPY190812C293,2019-08-09,2019-08-09 09:36:24,1.29,0.701,13,1.28,0.6956,20,1.3,0.7065,15,1.285,0.6983,1089,0
SPY190812C293,2019-08-09,2019-08-09 09:36:25,1.29,0.701,110,1.26,0.6847,16,1.28,0.6956,13,1.275,0.6929,1116,15
SPY190812C293,2019-08-09,2019-08-09 09:36:25,1.3,0.7065,100,1.28,0.6956,20,1.28,0.6956,5,1.29,0.701,1101,12
SPY190812C293,2019-08-09,2019-08-09 09:36:26,1.3,0.7065,91,1.27,0.6902,45,1.28,0.6956,1,1.285,0.6983,1117,0
SPY190812C293,2019-08-09,2019-08-09 09:36:26,1.28,0.6956,113,1.26,0.6847,16,1.28,0.6956,1,1.27,0.6902,1117,1
SPY190812C293,2019-08-09,2019-08-09 09:36:27,1.29,0.701,50,1.27,0.6902,76,1.29,0.701,3,1.28,0.6956,1120,3
SPY190812C293,2019-08-09,2019-08-09 09:36:27,1.29,0.701,64,1.27,0.6902,23,1.28,0.6956,1,1.28,0.6956,1117,0
SPY190812C293,2019-08-09,2019-08-09 09:36:28,1.29,0.701,50,1.28,0.6956,17,1.29,0.701,3,1.285,0.6983,1120,0
SPY190812C293,2019-08-09,2019-08-09 09:36:28,1.31,0.7119,40,1.28,0.6956,23,1.29,0.701,3,1.295,0.7038,1120,0
SPY190812C293,2019-08-09,2019-08-09 09:36:29,1.31,0.7119,224,1.29,0.701,23,1.29,0.701,3,1.3,0.7065,1120,0
SPY190812C293,2019-08-09,2019-08-09 09:36:30,1.31,0.7119,224,1.29,0.701,23,1.29,0.701,3,1.3,0.7065,1120,0
SPY190812C293,2019-08-09,2019-08-09 09:36:30,1.32,0.7173,116,1.3,0.7065,5,1.29,0.701,3,1.31,0.7119,1120,0
SPY190812C293,2019-08-09,2019-08-09 09:36:31,1.34,0.7282,56,1.31,0.7119,6,1.32,0.7173,1,1.325,0.7201,1121,1
SPY190812C293,2019-08-09,2019-08-09 09:36:31,1.34,0.7282,56,1.31,0.7119,6,1.32,0.7173,1,1.325,0.7201,1121,0
SPY190812C293,2019-08-09,2019-08-09 09:36:32,1.32,0.7173,8,1.31,0.7119,14,1.32,0.7173,1,1.315,0.7146,1121,0
SPY190812C293,2019-08-09,2019-08-09 09:36:32,1.33,0.7228,6,1.31,0.7119,6,1.32,0.7173,1,1.32,0.7173,1121,0
SPY190812C293,2019-08-09,2019-08-09 09:36:33,1.32,0.7173,1,1.31,0.7119,14,1.32,0.7173,1,1.315,0.7146,1121,0
SPY190812C293,2019-08-09,2019-08-09 09:36:33,1.34,0.7282,162,1.32,0.7173,6,1.32,0.7173,1,1.33,0.7228,1121,0
SPY190812C293,2019-08-09,2019-08-09 09:36:34,1.34,0.7282,6,1.32,0.7173,6,1.32,0.7173,1,1.33,0.7228,1121,0
SPY190812C293,2019-08-09,2019-08-09 09:36:34,1.34,0.7282,14,1.32,0.7173,7,1.32,0.7173,1,1.33,0.7228,1121,0
SPY190812C293,2019-08-09,2019-08-09 09:36:35,1.36,0.7391,114,1.32,0.7173,8,1.32,0.7173,1,1.34,0.7282,1121,0
SPY190812C293,2019-08-09,2019-08-09 09:36:35,1.34,0.7282,50,1.33,0.7228,6,1.32,0.7173,1,1.335,0.7255,1121,0
SPY190812C293,2019-08-09,2019-08-09 09:36:36,1.35,0.7336,166,1.33,0.7228,6,1.32,0.7173,1,1.34,0.7282,1121,0
SPY190812C293,2019-08-09,2019-08-09 09:36:37,1.35,0.7336,97,1.33,0.7228,37,1.32,0.7173,1,1.34,0.7282,1121,0
SPY190812C293,2019-08-09,2019-08-09 09:36:37,1.35,0.7336,114,1.33,0.7228,6,1.32,0.7173,1,1.34,0.7282,1121,0
SPY190812C293,2019-08-09,2019-08-09 09:36:38,1.35,0.7336,114,1.33,0.7228,6,1.32,0.7173,1,1.34,0.7282,1121,0
SPY190812C293,2019-08-09,2019-08-09 09:36:39,1.36,0.7391,159,1.34,0.7282,6,1.32,0.7173,1,1.35,0.7336,1121,0
SPY190812C293,2019-08-09,2019-08-09 09:36:39,1.36,0.7391,173,1.34,0.7282,14,1.32,0.7173,1,1.35,0.7336,1121,0
SPY190812C293,2019-08-09,2019-08-09 09:36:40,1.36,0.7391,166,1.34,0.7282,6,1.32,0.7173,1,1.35,0.7336,1121,0
SPY190812C293,2019-08-09,2019-08-09 09:36:40,1.37,0.7445,104,1.35,0.7336,6,1.32,0.7173,1,1.36,0.7391,1121,0
SPY190812C293,2019-08-09,2019-08-09 09:36:41,1.35,0.7336,121,1.34,0.7282,6,1.32,0.7173,1,1.345,0.7309,1121,0
SPY190812C293,2019-08-09,2019-08-09 09:36:41,1.35,0.7336,265,1.34,0.7282,6,1.32,0.7173,1,1.345,0.7309,1121,0
SPY190812C293,2019-08-09,2019-08-09 09:36:42,1.36,0.7391,73,1.34,0.7282,6,1.32,0.7173,1,1.35,0.7336,1121,0
SPY190812C293,2019-08-09,2019-08-09 09:36:42,1.35,0.7336,100,1.34,0.7282,6,1.32,0.7173,1,1.345,0.7309,1121,0
SPY190812C293,2019-08-09,2019-08-09 09:36:43,1.35,0.7336,6,1.34,0.7282,2,1.32,0.7173,1,1.345,0.7309,1121,0
SPY190812C293,2019-08-09,2019-08-09 09:36:43,1.36,0.7391,159,1.34,0.7282,2,1.32,0.7173,1,1.35,0.7336,1121,0
SPY190812C293,2019-08-09,2019-08-09 09:36:44,1.35,0.7336,18,1.34,0.7282,2,1.32,0.7173,1,1.345,0.7309,1121,0
SPY190812C293,2019-08-09,2019-08-09 09:36:44,1.36,0.7391,148,1.34,0.7282,8,1.32,0.7173,1,1.35,0.7336,1121,0
SPY190812C293,2019-08-09,2019-08-09 09:36:45,1.35,0.7336,8,1.34,0.7282,8,1.32,0.7173,1,1.345,0.7309,1121,0
SPY190812C293,2019-08-09,2019-08-09 09:36:45,1.36,0.7391,173,1.34,0.7282,2,1.32,0.7173,1,1.35,0.7336,1121,0
SPY190812C293,2019-08-09,2019-08-09 09:36:46,1.35,0.7336,1,1.34,0.7282,2,1.32,0.7173,1,1.345,0.7309,1121,0
SPY190812C293,2019-08-09,2019-08-09 09:36:46,1.35,0.7336,8,1.34,0.7282,14,1.32,0.7173,1,1.345,0.7309,1121,0
SPY190812C293,2019-08-09,2019-08-09 09:36:47,1.36,0.7391,122,1.35,0.7336,5,1.36,0.7391,1,1.355,0.7364,1123,0
SPY190812C293,2019-08-09,2019-08-09 09:36:47,1.36,0.7391,115,1.35,0.7336,5,1.36,0.7391,1,1.355,0.7364,1123,2
SPY190812C293,2019-08-09,2019-08-09 09:36:48,1.36,0.7391,122,1.35,0.7336,5,1.36,0.7391,1,1.355,0.7364,1123,0
SPY190812C293,2019-08-09,2019-08-09 09:36:49,1.36,0.7391,122,1.35,0.7336,5,1.36,0.7391,1,1.355,0.7364,1123,0
SPY190812C293,2019-08-09,2019-08-09 09:36:50,1.36,0.7391,122,1.35,0.7336,5,1.36,0.7391,1,1.355,0.7364,1123,0
SPY190812C293,2019-08-09,2019-08-09 09:36:51,1.36,0.7391,166,1.35,0.7336,5,1.36,0.7391,1,1.355,0.7364,1123,0
SPY190812C293,2019-08-09,2019-08-09 09:36:52,1.35,0.7336,1,1.34,0.7282,10,1.35,0.7336,1,1.345,0.7309,1130,0
SPY190812C293,2019-08-09,2019-08-09 09:36:52,1.35,0.7336,7,1.34,0.7282,10,1.35,0.7336,1,1.345,0.7309,1130,7
SPY190812C293,2019-08-09,2019-08-09 09:36:53,1.35,0.7336,1,1.34,0.7282,14,1.35,0.7336,1,1.345,0.7309,1130,0
SPY190812C293,2019-08-09,2019-08-09 09:36:53,1.36,0.7391,100,1.34,0.7282,14,1.35,0.7336,1,1.35,0.7336,1130,0
SPY190812C293,2019-08-09,2019-08-09 09:36:54,1.35,0.7336,7,1.34,0.7282,14,1.35,0.7336,1,1.345,0.7309,1130,0
SPY190812C293,2019-08-09,2019-08-09 09:36:54,1.35,0.7336,85,1.34,0.7282,10,1.35,0.7336,1,1.345,0.7309,1130,0
SPY190812C293,2019-08-09,2019-08-09 09:36:55,1.35,0.7336,103,1.34,0.7282,10,1.35,0.7336,1,1.345,0.7309,1130,0
SPY190812C293,2019-08-09,2019-08-09 09:36:55,1.35,0.7336,86,1.34,0.7282,10,1.35,0.7336,1,1.345,0.7309,1130,0
SPY190812C293,2019-08-09,2019-08-09 09:36:56,1.36,0.7391,173,1.34,0.7282,10,1.35,0.7336,1,1.35,0.7336,1130,0
SPY190812C293,2019-08-09,2019-08-09 09:36:56,1.35,0.7336,89,1.34,0.7282,10,1.35,0.7336,1,1.345,0.7309,1130,0
SPY190812C293,2019-08-09,2019-08-09 09:36:57,1.35,0.7336,8,1.34,0.7282,10,1.35,0.7336,1,1.345,0.7309,1130,0
SPY190812C293,2019-08-09,2019-08-09 09:36:57,1.36,0.7391,159,1.34,0.7282,10,1.35,0.7336,1,1.35,0.7336,1130,0
SPY190812C293,2019-08-09,2019-08-09 09:36:58,1.35,0.7336,8,1.34,0.7282,10,1.35,0.7336,1,1.345,0.7309,1130,0
SPY190812C293,2019-08-09,2019-08-09 09:36:58,1.35,0.7336,14,1.34,0.7282,10,1.35,0.7336,1,1.345,0.7309,1130,0
SPY190812C293,2019-08-09,2019-08-09 09:36:59,1.36,0.7391,109,1.34,0.7282,10,1.34,0.7282,20,1.35,0.7336,1150,0
SPY190812C293,2019-08-09,2019-08-09 09:36:59,1.35,0.7336,8,1.34,0.7282,10,1.34,0.7282,20,1.345,0.7309,1150,20
SPY190812C293,2019-08-09,2019-08-09 09:37:00,1.37,0.7445,210,1.35,0.7336,6,1.34,0.7282,20,1.36,0.7391,1150,0
SPY190812C293,2019-08-09,2019-08-09 09:37:00,1.36,0.7391,109,1.34,0.7282,10,1.34,0.7282,20,1.35,0.7336,1150,0
SPY190812C293,2019-08-09,2019-08-09 09:37:01,1.37,0.7445,210,1.35,0.7336,8,1.34,0.7282,20,1.36,0.7391,1150,0
SPY190812C293,2019-08-09,2019-08-09 09:37:01,1.36,0.7391,26,1.34,0.7282,10,1.34,0.7282,20,1.35,0.7336,1150,0
SPY190812C293,2019-08-09,2019-08-09 09:37:02,1.39,0.7554,6,1.37,0.7445,6,1.36,0.7391,1,1.38,0.75,1151,1
SPY190812C293,2019-08-09,2019-08-09 09:37:02,1.38,0.75,6,1.36,0.7391,133,1.34,0.7282,20,1.37,0.7445,1150,0
SPY190812C293,2019-08-09,2019-08-09 09:37:03,1.39,0.7554,5,1.36,0.7391,159,1.36,0.7391,1,1.375,0.7472,1151,0
SPY190812C293,2019-08-09,2019-08-09 09:37:03,1.38,0.75,6,1.36,0.7391,159,1.36,0.7391,1,1.37,0.7445,1151,0
SPY190812C293,2019-08-09,2019-08-09 09:37:04,1.38,0.75,13,1.36,0.7391,159,1.36,0.7391,1,1.37,0.7445,1151,0
SPY190812C293,2019-08-09,2019-08-09 09:37:05,1.39,0.7554,114,1.36,0.7391,159,1.36,0.7391,1,1.375,0.7472,1151,0
SPY190812C293,2019-08-09,2019-08-09 09:37:05,1.39,0.7554,92,1.36,0.7391,159,1.36,0.7391,1,1.375,0.7472,1151,0
SPY190812C293,2019-08-09,2019-08-09 09:37:06,1.39,0.7554,69,1.37,0.7445,7,1.36,0.7391,1,1.38,0.75,1151,0
SPY190812C293,2019-08-09,2019-08-09 09:37:06,1.39,0.7554,6,1.37,0.7445,6,1.36,0.7391,1,1.38,0.75,1151,0
SPY190812C293,2019-08-09,2019-08-09 09:37:07,1.39,0.7554,38,1.37,0.7445,6,1.36,0.7391,1,1.38,0.75,1151,0
SPY190812C293,2019-08-09,2019-08-09 09:37:07,1.39,0.7554,116,1.37,0.7445,6,1.36,0.7391,1,1.38,0.75,1151,0
SPY190812C293,2019-08-09,2019-08-09 09:37:08,1.38,0.75,7,1.37,0.7445,3,1.38,0.75,1,1.375,0.7472,1152,1
SPY190812C293,2019-08-09,2019-08-09 09:37:08,1.39,0.7554,6,1.38,0.75,1,1.36,0.7391,1,1.385,0.7527,1151,0
SPY190812C293,2019-08-09,2019-08-09 09:37:09,1.39,0.7554,170,1.37,0.7445,3,1.38,0.75,1,1.38,0.75,1152,0
SPY190812C293,2019-08-09,2019-08-09 09:37:09,1.38,0.75,7,1.37,0.7445,3,1.38,0.75,1,1.375,0.7472,1152,0
SPY190812C293,2019-08-09,2019-08-09 09:37:10,1.38,0.75,7,1.37,0.7445,3,1.38,0.75,1,1.375,0.7472,1152,0
SPY190812C293,2019-08-09,2019-08-09 09:37:10,1.39,0.7554,156,1.37,0.7445,3,1.38,0.75,1,1.38,0.75,1152,0
SPY190812C293,2019-08-09,2019-08-09 09:37:11,1.38,0.75,8,1.37,0.7445,14,1.37,0.7445,10,1.375,0.7472,1162,0
SPY190812C293,2019-08-09,2019-08-09 09:37:11,1.38,0.75,7,1.37,0.7445,13,1.37,0.7445,10,1.375,0.7472,1162,10
SPY190812C293,2019-08-09,2019-08-09 09:37:12,1.38,0.75,8,1.37,0.7445,8,1.37,0.7445,10,1.375,0.7472,1162,0
SPY190812C293,2019-08-09,2019-08-09 09:37:12,1.38,0.75,8,1.37,0.7445,14,1.37,0.7445,10,1.375,0.7472,1162,0
SPY190812C293,2019-08-09,2019-08-09 09:37:13,1.39,0.7554,156,1.37,0.7445,8,1.37,0.7445,1,1.38,0.75,1163,1
SPY190812C293,2019-08-09,2019-08-09 09:37:13,1.39,0.7554,170,1.37,0.7445,3,1.37,0.7445,25,1.38,0.75,1188,25
SPY190812C293,2019-08-09,2019-08-09 09:37:14,1.38,0.75,1,1.37,0.7445,6,1.38,0.75,1,1.375,0.7472,1189,0
SPY190812C293,2019-08-09,2019-08-09 09:37:14,1.38,0.75,1,1.37,0.7445,7,1.38,0.75,1,1.375,0.7472,1189,1
SPY190812C293,2019-08-09,2019-08-09 09:37:15,1.38,0.75,1,1.37,0.7445,3,1.38,0.75,1,1.375,0.7472,1189,0
SPY190812C293,2019-08-09,2019-08-09 09:37:15,1.39,0.7554,101,1.38,0.75,9,1.38,0.75,1,1.385,0.7527,1189,0
SPY190812C293,2019-08-09,2019-08-09 09:37:16,1.4,0.7608,50,1.38,0.75,20,1.38,0.75,1,1.39,0.7554,1189,0
SPY190812C293,2019-08-09,2019-08-09 09:37:17,1.39,0.7554,50,1.38,0.75,20,1.38,0.75,1,1.385,0.7527,1189,0
SPY190812C293,2019-08-09,2019-08-09 09:37:17,1.39,0.7554,57,1.38,0.75,20,1.38,0.75,1,1.385,0.7527,1189,0
SPY190812C293,2019-08-09,2019-08-09 09:37:18,1.39,0.7554,50,1.38,0.75,20,1.38,0.75,1,1.385,0.7527,1189,0
SPY190812C293,2019-08-09,2019-08-09 09:37:19,1.39,0.7554,50,1.38,0.75,20,1.38,0.75,1,1.385,0.7527,1189,0
SPY190812C293,2019-08-09,2019-08-09 09:37:19,1.39,0.7554,1,1.38,0.75,20,1.38,0.75,1,1.385,0.7527,1189,0
SPY190812C293,2019-08-09,2019-08-09 09:37:20,1.39,0.7554,1,1.38,0.75,41,1.39,0.7554,1,1.385,0.7527,1190,1
SPY190812C293,2019-08-09,2019-08-09 09:37:20,1.39,0.7554,1,1.39,0.7554,6,1.39,0.7554,1,1.39,0.7554,1191,1
SPY190812C293,2019-08-09,2019-08-09 09:37:21,1.4,0.7608,14,1.39,0.7554,10,1.39,0.7554,1,1.395,0.7581,1191,0
SPY190812C293,2019-08-09,2019-08-09 09:37:21,1.4,0.7608,34,1.39,0.7554,10,1.39,0.7554,1,1.395,0.7581,1191,0
SPY190812C293,2019-08-09,2019-08-09 09:37:22,1.4,0.7608,8,1.39,0.7554,14,1.39,0.7554,1,1.395,0.7581,1191,0
SPY190812C293,2019-08-09,2019-08-09 09:37:22,1.4,0.7608,14,1.39,0.7554,10,1.39,0.7554,1,1.395,0.7581,1191,0
SPY190812C293,2019-08-09,2019-08-09 09:37:23,1.39,0.7554,50,1.38,0.75,20,1.39,0.7554,1,1.385,0.7527,1308,117
SPY190812C293,2019-08-09,2019-08-09 09:37:23,1.4,0.7608,50,1.38,0.75,20,1.39,0.7554,1,1.39,0.7554,1308,0
SPY190812C293,2019-08-09,2019-08-09 09:37:24,1.4,0.7608,50,1.38,0.75,20,1.39,0.7554,1,1.39,0.7554,1308,0
SPY190812C293,2019-08-09,2019-08-09 09:37:24,1.41,0.7663,71,1.38,0.75,591,1.39,0.7554,7,1.395,0.7581,1344,36
SPY190812C293,2019-08-09,2019-08-09 09:37:25,1.4,0.7608,56,1.38,0.75,92,1.39,0.7554,7,1.39,0.7554,1344,0
SPY190812C293,2019-08-09,2019-08-09 09:37:25,1.41,0.7663,114,1.38,0.75,92,1.39,0.7554,7,1.395,0.7581,1344,0
SPY190812C293,2019-08-09,2019-08-09 09:37:26,1.43,0.7771,269,1.4,0.7608,29,1.39,0.7554,7,1.415,0.769,1344,0
SPY190812C293,2019-08-09,2019-08-09 09:37:26,1.42,0.7717,21,1.4,0.7608,7,1.39,0.7554,7,1.41,0.7663,1344,0
SPY190812C293,2019-08-09,2019-08-09 09:37:27,1.42,0.7717,21,1.4,0.7608,6,1.39,0.7554,7,1.41,0.7663,1344,0
SPY190812C293,2019-08-09,2019-08-09 09:37:28,1.43,0.7771,18,1.42,0.7717,14,1.39,0.7554,7,1.425,0.7744,1344,0
SPY190812C293,2019-08-09,2019-08-09 09:37:28,1.42,0.7717,21,1.41,0.7663,6,1.39,0.7554,7,1.415,0.769,1344,0
SPY190812C293,2019-08-09,2019-08-09 09:37:29,1.42,0.7717,1,1.41,0.7663,103,1.41,0.7663,10,1.415,0.769,1369,15
SPY190812C293,2019-08-09,2019-08-09 09:37:29,1.43,0.7771,18,1.42,0.7717,6,1.43,0.7771,10,1.425,0.7744,1354,10
SPY190812C293,2019-08-09,2019-08-09 09:37:30,1.42,0.7717,1,1.41,0.7663,88,1.41,0.7663,10,1.415,0.769,1369,0
SPY190812C293,2019-08-09,2019-08-09 09:37:31,1.43,0.7771,35,1.42,0.7717,8,1.41,0.7663,10,1.425,0.7744,1369,0
SPY190812C293,2019-08-09,2019-08-09 09:37:31,1.43,0.7771,35,1.42,0.7717,14,1.41,0.7663,10,1.425,0.7744,1369,0
SPY190812C293,2019-08-09,2019-08-09 09:37:32,1.43,0.7771,35,1.42,0.7717,8,1.41,0.7663,10,1.425,0.7744,1369,0
SPY190812C293,2019-08-09,2019-08-09 09:37:32,1.43,0.7771,17,1.42,0.7717,6,1.43,0.7771,1,1.425,0.7744,1388,19
SPY190812C293,2019-08-09,2019-08-09 09:37:33,1.44,0.7826,9,1.42,0.7717,17,1.44,0.7826,10,1.43,0.7771,1398,10
SPY190812C293,2019-08-09,2019-08-09 09:37:33,1.44,0.7826,9,1.42,0.7717,17,1.44,0.7826,10,1.43,0.7771,1398,0
SPY190812C293,2019-08-09,2019-08-09 09:37:34,1.44,0.7826,49,1.42,0.7717,9,1.44,0.7826,10,1.43,0.7771,1398,0
SPY190812C293,2019-08-09,2019-08-09 09:37:34,1.46,0.7934,261,1.42,0.7717,9,1.44,0.7826,10,1.44,0.7826,1398,0
SPY190812C293,2019-08-09,2019-08-09 09:37:35,1.45,0.788,261,1.43,0.7771,6,1.44,0.7826,10,1.44,0.7826,1398,0
SPY190812C293,2019-08-09,2019-08-09 09:37:36,1.44,0.7826,5,1.43,0.7771,6,1.44,0.7826,10,1.435,0.7798,1398,0
SPY190812C293,2019-08-09,2019-08-09 09:37:36,1.44,0.7826,14,1.43,0.7771,28,1.44,0.7826,1,1.435,0.7798,1409,11
SPY190812C293,2019-08-09,2019-08-09 09:37:37,1.47,0.7989,174,1.44,0.7826,6,1.44,0.7826,15,1.455,0.7907,1453,44
SPY190812C293,2019-08-09,2019-08-09 09:37:37,1.47,0.7989,153,1.45,0.788,6,1.44,0.7826,15,1.46,0.7934,1453,0
SPY190812C293,2019-08-09,2019-08-09 09:37:38,1.47,0.7989,5,1.44,0.7826,9,1.44,0.7826,15,1.455,0.7907,1453,0
SPY190812C293,2019-08-09,2019-08-09 09:37:38,1.47,0.7989,163,1.44,0.7826,9,1.44,0.7826,15,1.455,0.7907,1453,0
SPY190812C293,2019-08-09,2019-08-09 09:37:39,1.47,0.7989,163,1.45,0.788,6,1.44,0.7826,15,1.46,0.7934,1453,0
SPY190812C293,2019-08-09,2019-08-09 09:37:39,1.48,0.8043,44,1.46,0.7934,6,1.44,0.7826,15,1.47,0.7989,1453,0
SPY190812C293,2019-08-09,2019-08-09 09:37:40,1.47,0.7989,21,1.45,0.788,7,1.44,0.7826,15,1.46,0.7934,1453,0
SPY190812C293,2019-08-09,2019-08-09 09:37:40,1.48,0.8043,27,1.45,0.788,6,1.44,0.7826,15,1.465,0.7961,1453,0
SPY190812C293,2019-08-09,2019-08-09 09:37:41,1.47,0.7989,1,1.45,0.788,7,1.44,0.7826,15,1.46,0.7934,1453,0
SPY190812C293,2019-08-09,2019-08-09 09:37:41,1.47,0.7989,27,1.45,0.788,78,1.44,0.7826,15,1.46,0.7934,1453,0
SPY190812C293,2019-08-09,2019-08-09 09:37:42,1.47,0.7989,21,1.45,0.788,87,1.44,0.7826,15,1.46,0.7934,1453,0
SPY190812C293,2019-08-09,2019-08-09 09:37:42,1.47,0.7989,27,1.45,0.788,78,1.44,0.7826,15,1.46,0.7934,1453,0
SPY190812C293,2019-08-09,2019-08-09 09:37:43,1.47,0.7989,21,1.46,0.7934,6,1.44,0.7826,15,1.465,0.7961,1453,0
SPY190812C293,2019-08-09,2019-08-09 09:37:44,1.47,0.7989,21,1.46,0.7934,6,1.47,0.7989,1,1.465,0.7961,1454,0
SPY190812C293,2019-08-09,2019-08-09 09:37:44,1.47,0.7989,21,1.45,0.788,6,1.47,0.7989,1,1.46,0.7934,1454,1
SPY190812C293,2019-08-09,2019-08-09 09:37:45,1.47,0.7989,21,1.46,0.7934,6,1.47,0.7989,1,1.465,0.7961,1454,0
SPY190812C293,2019-08-09,2019-08-09 09:37:45,1.48,0.8043,122,1.46,0.7934,1,1.46,0.7934,1,1.47,0.7989,1455,1
SPY190812C293,2019-08-09,2019-08-09 09:37:46,1.47,0.7989,141,1.45,0.788,6,1.46,0.7934,1,1.46,0.7934,1455,0
SPY190812C293,2019-08-09,2019-08-09 09:37:46,1.48,0.8043,122,1.46,0.7934,1,1.46,0.7934,1,1.47,0.7989,1455,0
SPY190812C293,2019-08-09,2019-08-09 09:37:47,1.47,0.7989,1,1.45,0.788,300,1.47,0.7989,1,1.46,0.7934,1457,2
SPY190812C293,2019-08-09,2019-08-09 09:37:47,1.48,0.8043,21,1.47,0.7989,10,1.47,0.7989,1,1.475,0.8016,1457,0
SPY190812C293,2019-08-09,2019-08-09 09:37:48,1.48,0.8043,21,1.47,0.7989,10,1.47,0.7989,1,1.475,0.8016,1457,0
SPY190812C293,2019-08-09,2019-08-09 09:37:48,1.48,0.8043,21,1.47,0.7989,4,1.47,0.7989,1,1.475,0.8016,1457,0
SPY190812C293,2019-08-09,2019-08-09 09:37:49,1.49,0.8097,111,1.47,0.7989,6,1.47,0.7989,1,1.48,0.8043,1457,0
SPY190812C293,2019-08-09,2019-08-09 09:37:49,1.48,0.8043,21,1.47,0.7989,6,1.47,0.7989,1,1.475,0.8016,1457,0
SPY190812C293,2019-08-09,2019-08-09 09:37:50,1.5,0.8152,141,1.48,0.8043,6,1.5,0.8152,1,1.49,0.8097,1458,1
SPY190812C293,2019-08-09,2019-08-09 09:37:50,1.49,0.8097,56,1.47,0.7989,6,1.47,0.7989,1,1.48,0.8043,1457,0
SPY190812C293,2019-08-09,2019-08-09 09:37:51,1.49,0.8097,16,1.48,0.8043,6,1.5,0.8152,1,1.485,0.807,1458,0
SPY190812C293,2019-08-09,2019-08-09 09:37:51,1.5,0.8152,152,1.48,0.8043,6,1.5,0.8152,1,1.49,0.8097,1458,0
SPY190812C293,2019-08-09,2019-08-09 09:37:52,1.49,0.8097,16,1.48,0.8043,1,1.5,0.8152,5,1.485,0.807,1463,5
SPY190812C293,2019-08-09,2019-08-09 09:37:52,1.49,0.8097,23,1.48,0.8043,1,1.5,0.8152,5,1.485,0.807,1463,0
SPY190812C293,2019-08-09,2019-08-09 09:37:53,1.49,0.8097,21,1.48,0.8043,4,1.49,0.8097,5,1.485,0.807,1468,5
SPY190812C293,2019-08-09,2019-08-09 09:37:53,1.5,0.8152,136,1.48,0.8043,3,1.49,0.8097,5,1.49,0.8097,1468,0
SPY190812C293,2019-08-09,2019-08-09 09:37:54,1.5,0.8152,13,1.48,0.8043,184,1.49,0.8097,5,1.49,0.8097,1468,0
SPY190812C293,2019-08-09,2019-08-09 09:37:54,1.5,0.8152,13,1.48,0.8043,441,1.49,0.8097,5,1.49,0.8097,1468,0
SPY190812C293,2019-08-09,2019-08-09 09:37:55,1.5,0.8152,13,1.49,0.8097,6,1.49,0.8097,5,1.495,0.8125,1468,0
SPY190812C293,2019-08-09,2019-08-09 09:37:56,1.5,0.8152,13,1.49,0.8097,6,1.49,0.8097,5,1.495,0.8125,1468,0
SPY190812C293,2019-08-09,2019-08-09 09:37:56,1.5,0.8152,13,1.49,0.8097,4,1.49,0.8097,5,1.495,0.8125,1468,0
SPY190812C293,2019-08-09,2019-08-09 09:37:57,1.5,0.8152,13,1.48,0.8043,186,1.49,0.8097,5,1.49,0.8097,1468,0
SPY190812C293,2019-08-09,2019-08-09 09:37:57,1.5,0.8152,13,1.49,0.8097,6,1.49,0.8097,5,1.495,0.8125,1468,0
SPY190812C293,2019-08-09,2019-08-09 09:37:58,1.5,0.8152,69,1.49,0.8097,4,1.5,0.8152,3,1.495,0.8125,1471,3
SPY190812C293,2019-08-09,2019-08-09 09:37:58,1.5,0.8152,48,1.49,0.8097,4,1.5,0.8152,3,1.495,0.8125,1471,0
SPY190812C293,2019-08-09,2019-08-09 09:37:59,1.5,0.8152,21,1.48,0.8043,445,1.5,0.8152,3,1.49,0.8097,1471,0
SPY190812C293,2019-08-09,2019-08-09 09:38:00,1.5,0.8152,5,1.49,0.8097,70,1.5,0.8152,13,1.495,0.8125,1484,13
SPY190812C293,2019-08-09,2019-08-09 09:38:00,1.5,0.8152,10,1.48,0.8043,5,1.5,0.8152,13,1.49,0.8097,1484,0
SPY190812C293,2019-08-09,2019-08-09 09:38:01,1.49,0.8097,21,1.48,0.8043,1,1.5,0.8152,60,1.485,0.807,1694,210
SPY190812C293,2019-08-09,2019-08-09 09:38:01,1.49,0.8097,6,1.48,0.8043,1,1.5,0.8152,13,1.485,0.807,1484,0
SPY190812C293,2019-08-09,2019-08-09 09:38:02,1.49,0.8097,6,1.48,0.8043,23,1.5,0.8152,60,1.485,0.807,1694,0
SPY190812C293,2019-08-09,2019-08-09 09:38:02,1.49,0.8097,6,1.48,0.8043,1,1.5,0.8152,60,1.485,0.807,1694,0
SPY190812C293,2019-08-09,2019-08-09 09:38:03,1.49,0.8097,121,1.47,0.7989,2,1.47,0.7989,8,1.48,0.8043,1704,10
SPY190812C293,2019-08-09,2019-08-09 09:38:04,1.48,0.8043,100,1.44,0.7826,127,1.47,0.7989,2,1.46,0.7934,1706,2
SPY190812C293,2019-08-09,2019-08-09 09:38:04,1.48,0.8043,19,1.47,0.7989,2,1.47,0.7989,8,1.475,0.8016,1704,0
SPY190812C293,2019-08-09,2019-08-09 09:38:05,1.46,0.7934,100,1.44,0.7826,8,1.47,0.7989,2,1.45,0.788,1706,0
SPY190812C293,2019-08-09,2019-08-09 09:38:06,1.45,0.788,1,1.44,0.7826,8,1.47,0.7989,2,1.445,0.7853,1706,0
SPY190812C293,2019-08-09,2019-08-09 09:38:07,1.46,0.7934,261,1.43,0.7771,300,1.47,0.7989,2,1.445,0.7853,1706,0
SPY190812C293,2019-08-09,2019-08-09 09:38:07,1.46,0.7934,100,1.43,0.7771,135,1.47,0.7989,2,1.445,0.7853,1706,0
SPY190812C293,2019-08-09,2019-08-09 09:38:08,1.47,0.7989,54,1.45,0.788,6,1.47,0.7989,2,1.46,0.7934,1706,0
SPY190812C293,2019-08-09,2019-08-09 09:38:08,1.47,0.7989,54,1.44,0.7826,397,1.47,0.7989,2,1.455,0.7907,1706,0
SPY190812C293,2019-08-09,2019-08-09 09:38:09,1.46,0.7934,6,1.43,0.7771,103,1.45,0.788,1,1.445,0.7853,1707,1
SPY190812C293,2019-08-09,2019-08-09 09:38:09,1.46,0.7934,7,1.45,0.788,1,1.47,0.7989,2,1.455,0.7907,1706,0
SPY190812C293,2019-08-09,2019-08-09 09:38:10,1.46,0.7934,90,1.43,0.7771,103,1.45,0.788,1,1.445,0.7853,1707,0
SPY190812C293,2019-08-09,2019-08-09 09:38:10,1.46,0.7934,90,1.43,0.7771,360,1.45,0.788,1,1.445,0.7853,1707,0
SPY190812C293,2019-08-09,2019-08-09 09:38:11,1.44,0.7826,6,1.41,0.7663,401,1.45,0.788,1,1.425,0.7744,1707,0
SPY190812C293,2019-08-09,2019-08-09 09:38:11,1.43,0.7771,8,1.42,0.7717,7,1.45,0.788,1,1.425,0.7744,1707,0
SPY190812C293,2019-08-09,2019-08-09 09:38:12,1.44,0.7826,11,1.42,0.7717,32,1.45,0.788,1,1.43,0.7771,1707,0
SPY190812C293,2019-08-09,2019-08-09 09:38:12,1.44,0.7826,36,1.42,0.7717,20,1.45,0.788,1,1.43,0.7771,1707,0
SPY190812C293,2019-08-09,2019-08-09 09:38:13,1.46,0.7934,124,1.43,0.7771,353,1.45,0.788,1,1.445,0.7853,1707,0
SPY190812C293,2019-08-09,2019-08-09 09:38:13,1.45,0.788,163,1.42,0.7717,24,1.45,0.788,1,1.435,0.7798,1707,0
SPY190812C293,2019-08-09,2019-08-09 09:38:14,1.46,0.7934,124,1.44,0.7826,41,1.45,0.788,1,1.45,0.788,1707,0
SPY190812C293,2019-08-09,2019-08-09 09:38:14,1.46,0.7934,124,1.44,0.7826,26,1.45,0.788,1,1.45,0.788,1707,0
SPY190812C293,2019-08-09,2019-08-09 09:38:15,1.46,0.7934,138,1.44,0.7826,6,1.45,0.788,1,1.45,0.788,1707,0
SPY190812C293,2019-08-09,2019-08-09 09:38:15,1.46,0.7934,138,1.44,0.7826,9,1.45,0.788,1,1.45,0.788,1707,0
SPY190812C293,2019-08-09,2019-08-09 09:38:16,1.46,0.7934,138,1.44,0.7826,9,1.44,0.7826,1,1.45,0.788,1708,1
SPY190812C293,2019-08-09,2019-08-09 09:38:16,1.46,0.7934,128,1.44,0.7826,9,1.44,0.7826,1,1.45,0.788,1708,0
SPY190812C293,2019-08-09,2019-08-09 09:38:17,1.47,0.7989,9,1.46,0.7934,5,1.44,0.7826,1,1.465,0.7961,1708,0
SPY190812C293,2019-08-09,2019-08-09 09:38:17,1.47,0.7989,60,1.44,0.7826,120,1.44,0.7826,1,1.455,0.7907,1708,0
SPY190812C293,2019-08-09,2019-08-09 09:38:19,1.49,0.8097,4,1.48,0.8043,25,1.47,0.7989,9,1.485,0.807,1717,9
SPY190812C293,2019-08-09,2019-08-09 09:38:20,1.47,0.7989,108,1.45,0.788,6,1.47,0.7989,9,1.46,0.7934,1717,0
SPY190812C293,2019-08-09,2019-08-09 09:38:21,1.46,0.7934,9,1.45,0.788,6,1.47,0.7989,9,1.455,0.7907,1717,0
SPY190812C293,2019-08-09,2019-08-09 09:38:22,1.46,0.7934,153,1.45,0.788,1,1.45,0.788,2,1.455,0.7907,1719,2
SPY190812C293,2019-08-09,2019-08-09 09:38:23,1.43,0.7771,9,1.42,0.7717,6,1.44,0.7826,2,1.425,0.7744,1722,3
SPY190812C293,2019-08-09,2019-08-09 09:38:24,1.43,0.7771,51,1.42,0.7717,6,1.44,0.7826,2,1.425,0.7744,1722,0
SPY190812C293,2019-08-09,2019-08-09 09:38:25,1.43,0.7771,72,1.42,0.7717,6,1.44,0.7826,2,1.425,0.7744,1722,0
SPY190812C293,2019-08-09,2019-08-09 09:38:26,1.43,0.7771,16,1.41,0.7663,6,1.42,0.7717,1,1.42,0.7717,1725,3
SPY190812C293,2019-08-09,2019-08-09 09:38:26,1.43,0.7771,57,1.42,0.7717,2,1.44,0.7826,2,1.425,0.7744,1722,0
SPY190812C293,2019-08-09,2019-08-09 09:38:27,1.42,0.7717,112,1.4,0.7608,38,1.42,0.7717,2,1.41,0.7663,1728,2
SPY190812C293,2019-08-09,2019-08-09 09:38:27,1.42,0.7717,72,1.41,0.7663,6,1.42,0.7717,1,1.415,0.769,1726,1
SPY190812C293,2019-08-09,2019-08-09 09:38:28,1.42,0.7717,121,1.4,0.7608,51,1.42,0.7717,2,1.41,0.7663,1728,0
SPY190812C293,2019-08-09,2019-08-09 09:38:28,1.42,0.7717,121,1.4,0.7608,52,1.42,0.7717,2,1.41,0.7663,1728,0
SPY190812C293,2019-08-09,2019-08-09 09:38:29,1.41,0.7663,1,1.4,0.7608,52,1.42,0.7717,6,1.405,0.7635,1738,0
SPY190812C293,2019-08-09,2019-08-09 09:38:29,1.41,0.7663,1,1.4,0.7608,54,1.42,0.7717,6,1.405,0.7635,1738,10
SPY190812C293,2019-08-09,2019-08-09 09:38:30,1.41,0.7663,1,1.4,0.7608,38,1.41,0.7663,2,1.405,0.7635,1740,2
SPY190812C293,2019-08-09,2019-08-09 09:38:30,1.41,0.7663,1,1.4,0.7608,52,1.42,0.7717,6,1.405,0.7635,1738,0
SPY190812C293,2019-08-09,2019-08-09 09:38:31,1.41,0.7663,8,1.4,0.7608,38,1.41,0.7663,1,1.405,0.7635,1741,0
SPY190812C293,2019-08-09,2019-08-09 09:38:31,1.42,0.7717,97,1.4,0.7608,93,1.41,0.7663,1,1.41,0.7663,1741,1
SPY190812C293,2019-08-09,2019-08-09 09:38:32,1.41,0.7663,5,1.4,0.7608,23,1.41,0.7663,1,1.405,0.7635,1741,0
SPY190812C293,2019-08-09,2019-08-09 09:38:32,1.44,0.7826,484,1.4,0.7608,120,1.41,0.7663,1,1.42,0.7717,1741,0
SPY190812C293,2019-08-09,2019-08-09 09:38:33,1.43,0.7771,468,1.4,0.7608,1,1.41,0.7663,1,1.415,0.769,1741,0
SPY190812C293,2019-08-09,2019-08-09 09:38:33,1.42,0.7717,56,1.4,0.7608,22,1.42,0.7717,1,1.41,0.7663,1742,1
