symbol,Date,quote_time,ask_price,norm_ask_price,ask_size,bid_price,norm_bid_price,bid_size,last_trade_price,norm_last_trade_price,last_trade_size,mark_price,norm_mark_price,volume,Volume
SPY190731C302,2019-07-30,2019-07-30 09:30:00,0.43,1.0,80,0.41,0.9534,240,0.41,0.9534,1,0.42,0.9767,8,8
SPY190731C302,2019-07-30,2019-07-30 09:30:08,0.43,1.0,581,0.4,0.9302,479,0.41,0.9534,1,0.415,0.9651,9,1
SPY190731C302,2019-07-30,2019-07-30 09:30:09,0.43,1.0,581,0.4,0.9302,479,0.43,1.0,5,0.415,0.9651,14,5
SPY190731C302,2019-07-30,2019-07-30 09:30:10,0.43,1.0,581,0.4,0.9302,479,0.43,1.0,5,0.415,0.9651,14,0
SPY190731C302,2019-07-30,2019-07-30 09:30:11,0.43,1.0,581,0.4,0.9302,479,0.43,1.0,2,0.415,0.9651,16,2
SPY190731C302,2019-07-30,2019-07-30 09:30:12,0.42,0.9767,127,0.4,0.9302,17,0.43,1.0,2,0.41,0.9534,16,0
SPY190731C302,2019-07-30,2019-07-30 09:30:13,0.42,0.9767,140,0.4,0.9302,1,0.43,1.0,1,0.41,0.9534,22,6
SPY190731C302,2019-07-30,2019-07-30 09:30:13,0.42,0.9767,1,0.4,0.9302,1,0.43,1.0,2,0.41,0.9534,16,0
SPY190731C302,2019-07-30,2019-07-30 09:30:14,0.42,0.9767,246,0.4,0.9302,1,0.43,1.0,1,0.41,0.9534,22,0
SPY190731C302,2019-07-30,2019-07-30 09:30:14,0.42,0.9767,246,0.41,0.9534,5,0.44,1.0232,5,0.415,0.9651,27,5
SPY190731C302,2019-07-30,2019-07-30 09:30:15,0.42,0.9767,828,0.41,0.9534,5,0.44,1.0232,5,0.415,0.9651,32,5
SPY190731C302,2019-07-30,2019-07-30 09:30:16,0.42,0.9767,976,0.41,0.9534,1,0.44,1.0232,5,0.415,0.9651,32,0
SPY190731C302,2019-07-30,2019-07-30 09:30:16,0.43,1.0,120,0.42,0.9767,5,0.44,1.0232,5,0.425,0.9883,32,0
SPY190731C302,2019-07-30,2019-07-30 09:30:17,0.44,1.0232,1026,0.42,0.9767,225,0.44,1.0232,5,0.43,1.0,32,0
SPY190731C302,2019-07-30,2019-07-30 09:30:17,0.44,1.0232,208,0.43,1.0,5,0.44,1.0232,5,0.435,1.0116,32,0
SPY190731C302,2019-07-30,2019-07-30 09:30:18,0.44,1.0232,1549,0.42,0.9767,100,0.45,1.0465,2,0.43,1.0,34,2
SPY190731C302,2019-07-30,2019-07-30 09:30:19,0.46,1.0697,244,0.42,0.9767,185,0.45,1.0465,2,0.44,1.0232,34,0
SPY190731C302,2019-07-30,2019-07-30 09:30:19,0.46,1.0697,1119,0.44,1.0232,170,0.45,1.0465,2,0.45,1.0465,34,0
SPY190731C302,2019-07-30,2019-07-30 09:30:20,0.46,1.0697,120,0.45,1.0465,210,0.45,1.0465,2,0.455,1.0581,34,0
SPY190731C302,2019-07-30,2019-07-30 09:30:20,0.46,1.0697,9,0.45,1.0465,5,0.45,1.0465,2,0.455,1.0581,34,0
SPY190731C302,2019-07-30,2019-07-30 09:30:21,0.46,1.0697,120,0.45,1.0465,100,0.45,1.0465,2,0.455,1.0581,34,0
SPY190731C302,2019-07-30,2019-07-30 09:30:21,0.46,1.0697,700,0.45,1.0465,5,0.45,1.0465,2,0.455,1.0581,34,0
SPY190731C302,2019-07-30,2019-07-30 09:30:22,0.45,1.0465,149,0.44,1.0232,5,0.45,1.0465,2,0.445,1.0348,34,0
SPY190731C302,2019-07-30,2019-07-30 09:30:23,0.45,1.0465,149,0.44,1.0232,5,0.45,1.0465,2,0.445,1.0348,34,0
SPY190731C302,2019-07-30,2019-07-30 09:30:24,0.45,1.0465,5,0.44,1.0232,400,0.45,1.0465,2,0.445,1.0348,34,0
SPY190731C302,2019-07-30,2019-07-30 09:30:25,0.45,1.0465,5,0.44,1.0232,100,0.45,1.0465,2,0.445,1.0348,34,0
SPY190731C302,2019-07-30,2019-07-30 09:30:25,0.45,1.0465,17,0.44,1.0232,5,0.45,1.0465,2,0.445,1.0348,34,0
SPY190731C302,2019-07-30,2019-07-30 09:30:26,0.45,1.0465,131,0.44,1.0232,5,0.45,1.0465,2,0.445,1.0348,34,0
SPY190731C302,2019-07-30,2019-07-30 09:30:26,0.45,1.0465,210,0.44,1.0232,5,0.45,1.0465,2,0.445,1.0348,34,0
SPY190731C302,2019-07-30,2019-07-30 09:30:27,0.45,1.0465,290,0.44,1.0232,5,0.45,1.0465,1,0.445,1.0348,35,1
SPY190731C302,2019-07-30,2019-07-30 09:30:27,0.45,1.0465,290,0.44,1.0232,5,0.45,1.0465,1,0.445,1.0348,35,0
SPY190731C302,2019-07-30,2019-07-30 09:30:28,0.45,1.0465,290,0.44,1.0232,5,0.45,1.0465,1,0.445,1.0348,35,0
SPY190731C302,2019-07-30,2019-07-30 09:30:29,0.45,1.0465,290,0.44,1.0232,5,0.45,1.0465,1,0.445,1.0348,35,0
SPY190731C302,2019-07-30,2019-07-30 09:30:30,0.45,1.0465,290,0.44,1.0232,5,0.45,1.0465,1,0.445,1.0348,35,0
SPY190731C302,2019-07-30,2019-07-30 09:30:30,0.45,1.0465,100,0.43,1.0,1047,0.45,1.0465,1,0.44,1.0232,35,0
SPY190731C302,2019-07-30,2019-07-30 09:30:31,0.45,1.0465,674,0.44,1.0232,5,0.45,1.0465,1,0.445,1.0348,35,0
SPY190731C302,2019-07-30,2019-07-30 09:30:32,0.45,1.0465,411,0.44,1.0232,5,0.45,1.0465,1,0.445,1.0348,35,0
SPY190731C302,2019-07-30,2019-07-30 09:30:33,0.45,1.0465,454,0.43,1.0,1457,0.45,1.0465,1,0.44,1.0232,35,0
SPY190731C302,2019-07-30,2019-07-30 09:30:33,0.45,1.0465,411,0.44,1.0232,5,0.45,1.0465,1,0.445,1.0348,35,0
SPY190731C302,2019-07-30,2019-07-30 09:30:34,0.45,1.0465,454,0.44,1.0232,5,0.45,1.0465,1,0.445,1.0348,35,0
SPY190731C302,2019-07-30,2019-07-30 09:30:35,0.45,1.0465,454,0.44,1.0232,5,0.45,1.0465,1,0.445,1.0348,35,0
SPY190731C302,2019-07-30,2019-07-30 09:30:36,0.45,1.0465,454,0.44,1.0232,5,0.45,1.0465,1,0.445,1.0348,35,0
SPY190731C302,2019-07-30,2019-07-30 09:30:36,0.45,1.0465,411,0.44,1.0232,5,0.45,1.0465,1,0.445,1.0348,35,0
SPY190731C302,2019-07-30,2019-07-30 09:30:37,0.45,1.0465,137,0.43,1.0,210,0.45,1.0465,1,0.44,1.0232,35,0
SPY190731C302,2019-07-30,2019-07-30 09:30:37,0.45,1.0465,411,0.44,1.0232,5,0.45,1.0465,1,0.445,1.0348,35,0
SPY190731C302,2019-07-30,2019-07-30 09:30:38,0.45,1.0465,211,0.44,1.0232,5,0.45,1.0465,1,0.445,1.0348,35,0
SPY190731C302,2019-07-30,2019-07-30 09:30:39,0.45,1.0465,331,0.44,1.0232,5,0.45,1.0465,1,0.445,1.0348,35,0
SPY190731C302,2019-07-30,2019-07-30 09:30:40,0.45,1.0465,331,0.44,1.0232,5,0.45,1.0465,1,0.445,1.0348,35,0
SPY190731C302,2019-07-30,2019-07-30 09:30:41,0.45,1.0465,984,0.44,1.0232,5,0.45,1.0465,1,0.445,1.0348,35,0
SPY190731C302,2019-07-30,2019-07-30 09:30:41,0.44,1.0232,5,0.43,1.0,4,0.43,1.0,1,0.435,1.0116,36,1
SPY190731C302,2019-07-30,2019-07-30 09:30:42,0.44,1.0232,290,0.43,1.0,4,0.43,1.0,1,0.435,1.0116,36,0
SPY190731C302,2019-07-30,2019-07-30 09:30:43,0.44,1.0232,290,0.43,1.0,4,0.43,1.0,1,0.435,1.0116,36,0
SPY190731C302,2019-07-30,2019-07-30 09:30:44,0.44,1.0232,1,0.43,1.0,824,0.43,1.0,1,0.435,1.0116,36,0
SPY190731C302,2019-07-30,2019-07-30 09:30:45,0.45,1.0465,756,0.44,1.0232,5,0.43,1.0,1,0.445,1.0348,36,0
SPY190731C302,2019-07-30,2019-07-30 09:30:46,0.45,1.0465,756,0.44,1.0232,5,0.43,1.0,1,0.445,1.0348,36,0
SPY190731C302,2019-07-30,2019-07-30 09:30:47,0.45,1.0465,911,0.44,1.0232,5,0.43,1.0,1,0.445,1.0348,36,0
SPY190731C302,2019-07-30,2019-07-30 09:30:47,0.45,1.0465,874,0.44,1.0232,5,0.45,1.0465,2,0.445,1.0348,38,2
SPY190731C302,2019-07-30,2019-07-30 09:30:48,0.45,1.0465,874,0.44,1.0232,5,0.45,1.0465,2,0.445,1.0348,38,0
SPY190731C302,2019-07-30,2019-07-30 09:30:49,0.45,1.0465,1250,0.44,1.0232,5,0.45,1.0465,2,0.445,1.0348,38,0
SPY190731C302,2019-07-30,2019-07-30 09:30:50,0.44,1.0232,180,0.43,1.0,5,0.45,1.0465,2,0.435,1.0116,38,0
SPY190731C302,2019-07-30,2019-07-30 09:30:50,0.45,1.0465,1061,0.43,1.0,489,0.45,1.0465,2,0.44,1.0232,38,0
SPY190731C302,2019-07-30,2019-07-30 09:30:51,0.44,1.0232,230,0.43,1.0,5,0.45,1.0465,2,0.435,1.0116,38,0
SPY190731C302,2019-07-30,2019-07-30 09:30:51,0.44,1.0232,311,0.43,1.0,210,0.45,1.0465,2,0.435,1.0116,38,0
SPY190731C302,2019-07-30,2019-07-30 09:30:52,0.44,1.0232,330,0.43,1.0,5,0.45,1.0465,2,0.435,1.0116,38,0
SPY190731C302,2019-07-30,2019-07-30 09:30:52,0.44,1.0232,381,0.43,1.0,5,0.45,1.0465,2,0.435,1.0116,38,0
SPY190731C302,2019-07-30,2019-07-30 09:30:53,0.44,1.0232,109,0.43,1.0,457,0.45,1.0465,2,0.435,1.0116,38,0
SPY190731C302,2019-07-30,2019-07-30 09:30:53,0.44,1.0232,330,0.43,1.0,230,0.45,1.0465,2,0.435,1.0116,38,0
SPY190731C302,2019-07-30,2019-07-30 09:30:54,0.45,1.0465,188,0.44,1.0232,1,0.44,1.0232,1,0.445,1.0348,39,1
SPY190731C302,2019-07-30,2019-07-30 09:30:55,0.45,1.0465,188,0.44,1.0232,1,0.44,1.0232,1,0.445,1.0348,39,0
SPY190731C302,2019-07-30,2019-07-30 09:30:55,0.45,1.0465,211,0.44,1.0232,5,0.45,1.0465,1,0.445,1.0348,40,1
SPY190731C302,2019-07-30,2019-07-30 09:30:56,0.45,1.0465,291,0.44,1.0232,5,0.45,1.0465,1,0.445,1.0348,40,0
SPY190731C302,2019-07-30,2019-07-30 09:30:57,0.45,1.0465,41,0.44,1.0232,229,0.45,1.0465,1,0.445,1.0348,40,0
SPY190731C302,2019-07-30,2019-07-30 09:30:57,0.45,1.0465,291,0.44,1.0232,5,0.45,1.0465,1,0.445,1.0348,40,0
SPY190731C302,2019-07-30,2019-07-30 09:30:58,0.45,1.0465,37,0.44,1.0232,1327,0.45,1.0465,1,0.445,1.0348,40,0
SPY190731C302,2019-07-30,2019-07-30 09:30:59,0.45,1.0465,37,0.44,1.0232,1033,0.45,1.0465,1,0.445,1.0348,40,0
SPY190731C302,2019-07-30,2019-07-30 09:30:59,0.45,1.0465,37,0.44,1.0232,1377,0.45,1.0465,6,0.445,1.0348,46,6
SPY190731C302,2019-07-30,2019-07-30 09:31:00,0.45,1.0465,37,0.44,1.0232,1377,0.45,1.0465,6,0.445,1.0348,46,0
SPY190731C302,2019-07-30,2019-07-30 09:31:01,0.45,1.0465,51,0.44,1.0232,1377,0.45,1.0465,2,0.445,1.0348,48,2
SPY190731C302,2019-07-30,2019-07-30 09:31:01,0.45,1.0465,53,0.44,1.0232,1377,0.45,1.0465,6,0.445,1.0348,46,0
SPY190731C302,2019-07-30,2019-07-30 09:31:02,0.45,1.0465,1,0.44,1.0232,1377,0.45,1.0465,2,0.445,1.0348,48,0
SPY190731C302,2019-07-30,2019-07-30 09:31:02,0.46,1.0697,52,0.45,1.0465,330,0.45,1.0465,1,0.455,1.0581,49,1
SPY190731C302,2019-07-30,2019-07-30 09:31:03,0.46,1.0697,85,0.45,1.0465,411,0.45,1.0465,1,0.455,1.0581,49,0
SPY190731C302,2019-07-30,2019-07-30 09:31:04,0.47,1.093,290,0.46,1.0697,5,0.45,1.0465,1,0.465,1.0813,49,0
SPY190731C302,2019-07-30,2019-07-30 09:31:04,0.47,1.093,186,0.46,1.0697,5,0.46,1.0697,1,0.465,1.0813,50,1
SPY190731C302,2019-07-30,2019-07-30 09:31:05,0.47,1.093,229,0.46,1.0697,213,0.46,1.0697,1,0.465,1.0813,50,0
SPY190731C302,2019-07-30,2019-07-30 09:31:05,0.47,1.093,551,0.46,1.0697,213,0.46,1.0697,1,0.465,1.0813,50,0
SPY190731C302,2019-07-30,2019-07-30 09:31:06,0.47,1.093,742,0.46,1.0697,213,0.46,1.0697,1,0.465,1.0813,51,1
SPY190731C302,2019-07-30,2019-07-30 09:31:07,0.47,1.093,562,0.44,1.0232,793,0.45,1.0465,2,0.455,1.0581,53,0
SPY190731C302,2019-07-30,2019-07-30 09:31:07,0.47,1.093,598,0.44,1.0232,793,0.45,1.0465,2,0.455,1.0581,53,2
SPY190731C302,2019-07-30,2019-07-30 09:31:08,0.47,1.093,290,0.46,1.0697,5,0.45,1.0465,2,0.465,1.0813,53,0
SPY190731C302,2019-07-30,2019-07-30 09:31:08,0.47,1.093,562,0.46,1.0697,5,0.45,1.0465,2,0.465,1.0813,53,0
SPY190731C302,2019-07-30,2019-07-30 09:31:09,0.47,1.093,88,0.46,1.0697,410,0.46,1.0697,1,0.465,1.0813,54,1
SPY190731C302,2019-07-30,2019-07-30 09:31:09,0.47,1.093,144,0.46,1.0697,410,0.46,1.0697,1,0.465,1.0813,54,0
SPY190731C302,2019-07-30,2019-07-30 09:31:10,0.47,1.093,76,0.46,1.0697,290,0.47,1.093,1,0.465,1.0813,55,1
SPY190731C302,2019-07-30,2019-07-30 09:31:11,0.47,1.093,5,0.46,1.0697,290,0.47,1.093,1,0.465,1.0813,55,0
SPY190731C302,2019-07-30,2019-07-30 09:31:11,0.47,1.093,17,0.46,1.0697,290,0.47,1.093,1,0.465,1.0813,55,0
SPY190731C302,2019-07-30,2019-07-30 09:31:12,0.47,1.093,53,0.46,1.0697,411,0.47,1.093,1,0.465,1.0813,55,0
SPY190731C302,2019-07-30,2019-07-30 09:31:12,0.48,1.1162,911,0.47,1.093,5,0.47,1.093,1,0.475,1.1046,55,0
SPY190731C302,2019-07-30,2019-07-30 09:31:13,0.47,1.093,5,0.46,1.0697,411,0.47,1.093,1,0.465,1.0813,55,0
SPY190731C302,2019-07-30,2019-07-30 09:31:13,0.48,1.1162,911,0.46,1.0697,411,0.47,1.093,1,0.47,1.093,55,0
SPY190731C302,2019-07-30,2019-07-30 09:31:14,0.47,1.093,2,0.46,1.0697,411,0.47,1.093,1,0.465,1.0813,55,0
SPY190731C302,2019-07-30,2019-07-30 09:31:14,0.47,1.093,78,0.46,1.0697,411,0.47,1.093,1,0.465,1.0813,55,0
SPY190731C302,2019-07-30,2019-07-30 09:31:15,0.47,1.093,2,0.46,1.0697,411,0.47,1.093,1,0.465,1.0813,55,0
SPY190731C302,2019-07-30,2019-07-30 09:31:16,0.47,1.093,17,0.46,1.0697,411,0.47,1.093,1,0.465,1.0813,55,0
SPY190731C302,2019-07-30,2019-07-30 09:31:16,0.47,1.093,2,0.46,1.0697,411,0.47,1.093,1,0.465,1.0813,55,0
SPY190731C302,2019-07-30,2019-07-30 09:31:17,0.47,1.093,810,0.46,1.0697,5,0.47,1.093,1,0.465,1.0813,55,0
SPY190731C302,2019-07-30,2019-07-30 09:31:18,0.47,1.093,39,0.46,1.0697,80,0.47,1.093,1,0.465,1.0813,55,0
SPY190731C302,2019-07-30,2019-07-30 09:31:18,0.47,1.093,105,0.46,1.0697,210,0.47,1.093,1,0.465,1.0813,55,0
SPY190731C302,2019-07-30,2019-07-30 09:31:19,0.47,1.093,2,0.46,1.0697,223,0.47,1.093,1,0.465,1.0813,55,0
SPY190731C302,2019-07-30,2019-07-30 09:31:19,0.47,1.093,105,0.46,1.0697,690,0.47,1.093,1,0.465,1.0813,55,0
SPY190731C302,2019-07-30,2019-07-30 09:31:20,0.47,1.093,32,0.46,1.0697,120,0.46,1.0697,2,0.465,1.0813,57,2
SPY190731C302,2019-07-30,2019-07-30 09:31:21,0.47,1.093,2,0.46,1.0697,290,0.46,1.0697,2,0.465,1.0813,57,0
SPY190731C302,2019-07-30,2019-07-30 09:31:21,0.47,1.093,37,0.46,1.0697,290,0.46,1.0697,2,0.465,1.0813,57,0
SPY190731C302,2019-07-30,2019-07-30 09:31:22,0.47,1.093,2,0.46,1.0697,10,0.46,1.0697,2,0.465,1.0813,57,0
SPY190731C302,2019-07-30,2019-07-30 09:31:22,0.47,1.093,2,0.46,1.0697,321,0.46,1.0697,2,0.465,1.0813,57,0
SPY190731C302,2019-07-30,2019-07-30 09:31:23,0.47,1.093,164,0.46,1.0697,10,0.46,1.0697,2,0.465,1.0813,57,0
SPY190731C302,2019-07-30,2019-07-30 09:31:23,0.47,1.093,2,0.46,1.0697,10,0.46,1.0697,2,0.465,1.0813,57,0
SPY190731C302,2019-07-30,2019-07-30 09:31:24,0.47,1.093,801,0.46,1.0697,50,0.46,1.0697,2,0.465,1.0813,57,0
SPY190731C302,2019-07-30,2019-07-30 09:31:25,0.46,1.0697,1,0.46,1.0697,10,0.46,1.0697,10,0.46,1.0697,67,10
SPY190731C302,2019-07-30,2019-07-30 09:31:25,0.46,1.0697,572,0.44,1.0232,96,0.46,1.0697,10,0.45,1.0465,67,0
SPY190731C302,2019-07-30,2019-07-30 09:31:26,0.45,1.0465,5,0.44,1.0232,281,0.46,1.0697,4,0.445,1.0348,71,4
SPY190731C302,2019-07-30,2019-07-30 09:31:26,0.46,1.0697,727,0.44,1.0232,96,0.46,1.0697,10,0.45,1.0465,67,0
SPY190731C302,2019-07-30,2019-07-30 09:31:27,0.45,1.0465,5,0.44,1.0232,1,0.46,1.0697,4,0.445,1.0348,71,0
SPY190731C302,2019-07-30,2019-07-30 09:31:28,0.45,1.0465,147,0.44,1.0232,1,0.46,1.0697,4,0.445,1.0348,71,0
SPY190731C302,2019-07-30,2019-07-30 09:31:28,0.45,1.0465,181,0.44,1.0232,1,0.46,1.0697,4,0.445,1.0348,71,0
SPY190731C302,2019-07-30,2019-07-30 09:31:29,0.45,1.0465,733,0.44,1.0232,1,0.46,1.0697,4,0.445,1.0348,71,0
SPY190731C302,2019-07-30,2019-07-30 09:31:29,0.45,1.0465,1037,0.44,1.0232,1,0.46,1.0697,4,0.445,1.0348,71,0
SPY190731C302,2019-07-30,2019-07-30 09:31:30,0.45,1.0465,906,0.44,1.0232,1,0.46,1.0697,4,0.445,1.0348,71,0
SPY190731C302,2019-07-30,2019-07-30 09:31:30,0.45,1.0465,1170,0.44,1.0232,1,0.46,1.0697,4,0.445,1.0348,71,0
SPY190731C302,2019-07-30,2019-07-30 09:31:31,0.44,1.0232,400,0.44,1.0232,1,0.44,1.0232,1,0.44,1.0232,72,1
SPY190731C302,2019-07-30,2019-07-30 09:31:31,0.44,1.0232,943,0.42,0.9767,290,0.44,1.0232,1,0.43,1.0,72,0
SPY190731C302,2019-07-30,2019-07-30 09:31:32,0.43,1.0,500,0.4,0.9302,1394,0.44,1.0232,1,0.415,0.9651,72,0
SPY190731C302,2019-07-30,2019-07-30 09:31:33,0.42,0.9767,120,0.4,0.9302,990,0.44,1.0232,1,0.41,0.9534,72,0
SPY190731C302,2019-07-30,2019-07-30 09:31:33,0.42,0.9767,39,0.4,0.9302,690,0.44,1.0232,1,0.41,0.9534,72,0
SPY190731C302,2019-07-30,2019-07-30 09:31:34,0.41,0.9534,2,0.4,0.9302,255,0.44,1.0232,1,0.405,0.9418,72,0
SPY190731C302,2019-07-30,2019-07-30 09:31:34,0.41,0.9534,37,0.4,0.9302,164,0.44,1.0232,1,0.405,0.9418,72,0
SPY190731C302,2019-07-30,2019-07-30 09:31:35,0.4,0.9302,1,0.39,0.9069,1447,0.44,1.0232,1,0.395,0.9186,72,0
SPY190731C302,2019-07-30,2019-07-30 09:31:35,0.41,0.9534,184,0.4,0.9302,159,0.44,1.0232,1,0.405,0.9418,72,0
SPY190731C302,2019-07-30,2019-07-30 09:31:36,0.4,0.9302,1,0.39,0.9069,1819,0.44,1.0232,1,0.395,0.9186,72,0
SPY190731C302,2019-07-30,2019-07-30 09:31:36,0.41,0.9534,250,0.39,0.9069,1826,0.44,1.0232,1,0.4,0.9302,72,0
SPY190731C302,2019-07-30,2019-07-30 09:31:37,0.41,0.9534,56,0.4,0.9302,235,0.44,1.0232,1,0.405,0.9418,72,0
SPY190731C302,2019-07-30,2019-07-30 09:31:38,0.41,0.9534,142,0.4,0.9302,213,0.44,1.0232,1,0.405,0.9418,72,0
SPY190731C302,2019-07-30,2019-07-30 09:31:38,0.41,0.9534,121,0.39,0.9069,988,0.44,1.0232,1,0.4,0.9302,72,0
SPY190731C302,2019-07-30,2019-07-30 09:31:39,0.41,0.9534,5,0.39,0.9069,1171,0.44,1.0232,1,0.4,0.9302,72,0
SPY190731C302,2019-07-30,2019-07-30 09:31:39,0.41,0.9534,142,0.4,0.9302,100,0.44,1.0232,1,0.405,0.9418,72,0
SPY190731C302,2019-07-30,2019-07-30 09:31:40,0.41,0.9534,748,0.39,0.9069,762,0.44,1.0232,1,0.4,0.9302,72,0
SPY190731C302,2019-07-30,2019-07-30 09:31:40,0.4,0.9302,1,0.39,0.9069,1200,0.44,1.0232,1,0.395,0.9186,72,0
SPY190731C302,2019-07-30,2019-07-30 09:31:41,0.41,0.9534,896,0.4,0.9302,1,0.44,1.0232,1,0.405,0.9418,72,0
SPY190731C302,2019-07-30,2019-07-30 09:31:42,0.41,0.9534,214,0.4,0.9302,1,0.44,1.0232,1,0.405,0.9418,72,0
SPY190731C302,2019-07-30,2019-07-30 09:31:42,0.41,0.9534,79,0.4,0.9302,265,0.44,1.0232,1,0.405,0.9418,72,0
SPY190731C302,2019-07-30,2019-07-30 09:31:43,0.41,0.9534,5,0.4,0.9302,205,0.44,1.0232,1,0.405,0.9418,72,0
SPY190731C302,2019-07-30,2019-07-30 09:31:43,0.41,0.9534,112,0.4,0.9302,115,0.44,1.0232,1,0.405,0.9418,72,0
SPY190731C302,2019-07-30,2019-07-30 09:31:44,0.41,0.9534,754,0.4,0.9302,99,0.44,1.0232,1,0.405,0.9418,72,0
SPY190731C302,2019-07-30,2019-07-30 09:31:44,0.41,0.9534,950,0.4,0.9302,99,0.44,1.0232,1,0.405,0.9418,72,0
SPY190731C302,2019-07-30,2019-07-30 09:31:45,0.41,0.9534,246,0.4,0.9302,1,0.4,0.9302,1,0.405,0.9418,73,1
SPY190731C302,2019-07-30,2019-07-30 09:31:46,0.41,0.9534,360,0.4,0.9302,108,0.4,0.9302,1,0.405,0.9418,73,0
SPY190731C302,2019-07-30,2019-07-30 09:31:46,0.41,0.9534,384,0.4,0.9302,87,0.4,0.9302,1,0.405,0.9418,73,0
SPY190731C302,2019-07-30,2019-07-30 09:31:47,0.41,0.9534,219,0.4,0.9302,46,0.4,0.9302,1,0.405,0.9418,73,0
SPY190731C302,2019-07-30,2019-07-30 09:31:47,0.41,0.9534,209,0.4,0.9302,336,0.4,0.9302,1,0.405,0.9418,73,0
SPY190731C302,2019-07-30,2019-07-30 09:31:48,0.41,0.9534,5,0.4,0.9302,323,0.4,0.9302,1,0.405,0.9418,73,0
SPY190731C302,2019-07-30,2019-07-30 09:31:48,0.41,0.9534,1,0.4,0.9302,138,0.4,0.9302,1,0.405,0.9418,73,0
SPY190731C302,2019-07-30,2019-07-30 09:31:49,0.41,0.9534,5,0.4,0.9302,323,0.4,0.9302,1,0.405,0.9418,73,0
SPY190731C302,2019-07-30,2019-07-30 09:31:50,0.41,0.9534,1,0.4,0.9302,501,0.4,0.9302,1,0.405,0.9418,73,0
SPY190731C302,2019-07-30,2019-07-30 09:31:50,0.42,0.9767,886,0.4,0.9302,918,0.4,0.9302,1,0.41,0.9534,73,0
SPY190731C302,2019-07-30,2019-07-30 09:31:51,0.41,0.9534,5,0.4,0.9302,501,0.4,0.9302,1,0.405,0.9418,73,0
SPY190731C302,2019-07-30,2019-07-30 09:31:52,0.41,0.9534,5,0.4,0.9302,310,0.4,0.9302,1,0.405,0.9418,73,0
SPY190731C302,2019-07-30,2019-07-30 09:31:52,0.41,0.9534,400,0.4,0.9302,50,0.4,0.9302,1,0.405,0.9418,73,0
SPY190731C302,2019-07-30,2019-07-30 09:31:53,0.41,0.9534,673,0.39,0.9069,785,0.4,0.9302,1,0.4,0.9302,73,0
SPY190731C302,2019-07-30,2019-07-30 09:31:53,0.41,0.9534,75,0.39,0.9069,731,0.4,0.9302,1,0.4,0.9302,73,0
SPY190731C302,2019-07-30,2019-07-30 09:31:54,0.41,0.9534,314,0.4,0.9302,155,0.4,0.9302,1,0.405,0.9418,73,0
SPY190731C302,2019-07-30,2019-07-30 09:31:54,0.41,0.9534,194,0.4,0.9302,245,0.4,0.9302,1,0.405,0.9418,73,0
SPY190731C302,2019-07-30,2019-07-30 09:31:55,0.41,0.9534,5,0.4,0.9302,220,0.4,0.9302,1,0.405,0.9418,73,0
SPY190731C302,2019-07-30,2019-07-30 09:31:55,0.41,0.9534,5,0.4,0.9302,310,0.4,0.9302,1,0.405,0.9418,73,0
SPY190731C302,2019-07-30,2019-07-30 09:31:56,0.42,0.9767,938,0.4,0.9302,1121,0.4,0.9302,1,0.41,0.9534,73,0
SPY190731C302,2019-07-30,2019-07-30 09:31:57,0.42,0.9767,938,0.4,0.9302,1772,0.4,0.9302,1,0.41,0.9534,73,0
SPY190731C302,2019-07-30,2019-07-30 09:31:57,0.42,0.9767,938,0.4,0.9302,1121,0.4,0.9302,1,0.41,0.9534,73,0
SPY190731C302,2019-07-30,2019-07-30 09:31:58,0.42,0.9767,938,0.4,0.9302,1772,0.4,0.9302,1,0.41,0.9534,73,0
SPY190731C302,2019-07-30,2019-07-30 09:31:59,0.42,0.9767,422,0.4,0.9302,1772,0.4,0.9302,1,0.41,0.9534,73,0
SPY190731C302,2019-07-30,2019-07-30 09:31:59,0.41,0.9534,482,0.39,0.9069,645,0.4,0.9302,1,0.4,0.9302,73,0
SPY190731C302,2019-07-30,2019-07-30 09:32:00,0.4,0.9302,340,0.39,0.9069,147,0.4,0.9302,1,0.395,0.9186,73,0
SPY190731C302,2019-07-30,2019-07-30 09:32:00,0.4,0.9302,485,0.39,0.9069,147,0.4,0.9302,1,0.395,0.9186,73,0
SPY190731C302,2019-07-30,2019-07-30 09:32:01,0.4,0.9302,1054,0.39,0.9069,3,0.39,0.9069,2,0.395,0.9186,75,2
SPY190731C302,2019-07-30,2019-07-30 09:32:02,0.4,0.9302,1248,0.39,0.9069,3,0.39,0.9069,1,0.395,0.9186,76,0
SPY190731C302,2019-07-30,2019-07-30 09:32:02,0.4,0.9302,1054,0.39,0.9069,3,0.39,0.9069,1,0.395,0.9186,76,1
SPY190731C302,2019-07-30,2019-07-30 09:32:03,0.4,0.9302,1247,0.39,0.9069,3,0.39,0.9069,1,0.395,0.9186,76,0
SPY190731C302,2019-07-30,2019-07-30 09:32:03,0.39,0.9069,425,0.38,0.8837,450,0.39,0.9069,1,0.385,0.8953,80,4
SPY190731C302,2019-07-30,2019-07-30 09:32:04,0.39,0.9069,710,0.37,0.8604,851,0.39,0.9069,1,0.38,0.8837,80,0
SPY190731C302,2019-07-30,2019-07-30 09:32:04,0.39,0.9069,508,0.38,0.8837,1,0.39,0.9069,1,0.385,0.8953,80,0
SPY190731C302,2019-07-30,2019-07-30 09:32:05,0.39,0.9069,110,0.38,0.8837,690,0.39,0.9069,1,0.385,0.8953,80,0
SPY190731C302,2019-07-30,2019-07-30 09:32:06,0.39,0.9069,494,0.37,0.8604,445,0.39,0.9069,1,0.38,0.8837,80,0
SPY190731C302,2019-07-30,2019-07-30 09:32:06,0.39,0.9069,135,0.37,0.8604,1134,0.39,0.9069,1,0.38,0.8837,80,0
SPY190731C302,2019-07-30,2019-07-30 09:32:07,0.39,0.9069,434,0.37,0.8604,684,0.39,0.9069,1,0.38,0.8837,80,0
SPY190731C302,2019-07-30,2019-07-30 09:32:07,0.38,0.8837,7,0.37,0.8604,514,0.39,0.9069,1,0.375,0.872,80,0
SPY190731C302,2019-07-30,2019-07-30 09:32:08,0.38,0.8837,7,0.37,0.8604,514,0.39,0.9069,1,0.375,0.872,80,0
SPY190731C302,2019-07-30,2019-07-30 09:32:08,0.38,0.8837,120,0.37,0.8604,818,0.39,0.9069,1,0.375,0.872,80,0
SPY190731C302,2019-07-30,2019-07-30 09:32:09,0.38,0.8837,120,0.37,0.8604,818,0.39,0.9069,1,0.375,0.872,80,0
SPY190731C302,2019-07-30,2019-07-30 09:32:09,0.38,0.8837,181,0.37,0.8604,450,0.39,0.9069,1,0.375,0.872,80,0
SPY190731C302,2019-07-30,2019-07-30 09:32:10,0.38,0.8837,153,0.37,0.8604,450,0.39,0.9069,1,0.375,0.872,80,0
SPY190731C302,2019-07-30,2019-07-30 09:32:11,0.38,0.8837,153,0.37,0.8604,450,0.39,0.9069,1,0.375,0.872,80,0
SPY190731C302,2019-07-30,2019-07-30 09:32:11,0.38,0.8837,600,0.37,0.8604,450,0.39,0.9069,1,0.375,0.872,80,0
SPY190731C302,2019-07-30,2019-07-30 09:32:12,0.38,0.8837,171,0.37,0.8604,5,0.39,0.9069,1,0.375,0.872,80,0
SPY190731C302,2019-07-30,2019-07-30 09:32:12,0.38,0.8837,508,0.36,0.8372,1293,0.39,0.9069,1,0.37,0.8604,80,0
SPY190731C302,2019-07-30,2019-07-30 09:32:13,0.38,0.8837,288,0.36,0.8372,2509,0.39,0.9069,1,0.37,0.8604,80,0
SPY190731C302,2019-07-30,2019-07-30 09:32:13,0.38,0.8837,288,0.36,0.8372,1888,0.39,0.9069,1,0.37,0.8604,80,0
SPY190731C302,2019-07-30,2019-07-30 09:32:14,0.38,0.8837,910,0.36,0.8372,1968,0.39,0.9069,1,0.37,0.8604,80,0
SPY190731C302,2019-07-30,2019-07-30 09:32:14,0.38,0.8837,1024,0.36,0.8372,1968,0.39,0.9069,1,0.37,0.8604,80,0
SPY190731C302,2019-07-30,2019-07-30 09:32:15,0.38,0.8837,991,0.36,0.8372,1968,0.39,0.9069,1,0.37,0.8604,80,0
SPY190731C302,2019-07-30,2019-07-30 09:32:16,0.38,0.8837,974,0.37,0.8604,5,0.39,0.9069,1,0.375,0.872,80,0
SPY190731C302,2019-07-30,2019-07-30 09:32:16,0.38,0.8837,773,0.36,0.8372,679,0.39,0.9069,1,0.37,0.8604,80,0
SPY190731C302,2019-07-30,2019-07-30 09:32:17,0.38,0.8837,761,0.36,0.8372,1019,0.39,0.9069,1,0.37,0.8604,80,0
SPY190731C302,2019-07-30,2019-07-30 09:32:17,0.38,0.8837,1073,0.36,0.8372,916,0.39,0.9069,1,0.37,0.8604,80,0
SPY190731C302,2019-07-30,2019-07-30 09:32:18,0.38,0.8837,875,0.37,0.8604,202,0.39,0.9069,1,0.375,0.872,80,0
SPY190731C302,2019-07-30,2019-07-30 09:32:18,0.38,0.8837,790,0.37,0.8604,202,0.39,0.9069,1,0.375,0.872,80,0
SPY190731C302,2019-07-30,2019-07-30 09:32:19,0.38,0.8837,440,0.36,0.8372,1065,0.39,0.9069,1,0.37,0.8604,80,0
SPY190731C302,2019-07-30,2019-07-30 09:32:20,0.38,0.8837,1057,0.36,0.8372,1083,0.39,0.9069,1,0.37,0.8604,80,0
SPY190731C302,2019-07-30,2019-07-30 09:32:21,0.37,0.8604,253,0.36,0.8372,1083,0.39,0.9069,1,0.365,0.8488,80,0
SPY190731C302,2019-07-30,2019-07-30 09:32:21,0.37,0.8604,5,0.36,0.8372,762,0.39,0.9069,1,0.365,0.8488,80,0
SPY190731C302,2019-07-30,2019-07-30 09:32:22,0.37,0.8604,286,0.36,0.8372,762,0.39,0.9069,1,0.365,0.8488,80,0
SPY190731C302,2019-07-30,2019-07-30 09:32:23,0.37,0.8604,286,0.36,0.8372,612,0.39,0.9069,1,0.365,0.8488,80,0
SPY190731C302,2019-07-30,2019-07-30 09:32:23,0.37,0.8604,286,0.36,0.8372,816,0.39,0.9069,1,0.365,0.8488,80,0
SPY190731C302,2019-07-30,2019-07-30 09:32:24,0.37,0.8604,286,0.36,0.8372,450,0.39,0.9069,1,0.365,0.8488,80,0
SPY190731C302,2019-07-30,2019-07-30 09:32:25,0.37,0.8604,828,0.35,0.8139,612,0.39,0.9069,1,0.36,0.8372,80,0
SPY190731C302,2019-07-30,2019-07-30 09:32:25,0.37,0.8604,980,0.35,0.8139,612,0.39,0.9069,1,0.36,0.8372,80,0
SPY190731C302,2019-07-30,2019-07-30 09:32:26,0.37,0.8604,116,0.36,0.8372,450,0.37,0.8604,40,0.365,0.8488,120,40
SPY190731C302,2019-07-30,2019-07-30 09:32:27,0.36,0.8372,5,0.36,0.8372,225,0.36,0.8372,2,0.36,0.8372,122,2
SPY190731C302,2019-07-30,2019-07-30 09:32:27,0.36,0.8372,5,0.35,0.8139,140,0.36,0.8372,2,0.355,0.8255,122,0
SPY190731C302,2019-07-30,2019-07-30 09:32:28,0.36,0.8372,124,0.35,0.8139,610,0.36,0.8372,2,0.355,0.8255,122,0
SPY190731C302,2019-07-30,2019-07-30 09:32:28,0.36,0.8372,124,0.35,0.8139,666,0.36,0.8372,2,0.355,0.8255,122,0
SPY190731C302,2019-07-30,2019-07-30 09:32:29,0.36,0.8372,124,0.35,0.8139,332,0.35,0.8139,10,0.355,0.8255,132,10
SPY190731C302,2019-07-30,2019-07-30 09:32:29,0.36,0.8372,124,0.35,0.8139,332,0.35,0.8139,10,0.355,0.8255,132,0
SPY190731C302,2019-07-30,2019-07-30 09:32:30,0.36,0.8372,125,0.35,0.8139,100,0.35,0.8139,10,0.355,0.8255,132,0
SPY190731C302,2019-07-30,2019-07-30 09:32:30,0.36,0.8372,119,0.35,0.8139,242,0.35,0.8139,10,0.355,0.8255,132,0
SPY190731C302,2019-07-30,2019-07-30 09:32:31,0.36,0.8372,1,0.35,0.8139,5,0.35,0.8139,10,0.355,0.8255,132,0
SPY190731C302,2019-07-30,2019-07-30 09:32:32,0.36,0.8372,121,0.35,0.8139,242,0.35,0.8139,10,0.355,0.8255,132,0
SPY190731C302,2019-07-30,2019-07-30 09:32:32,0.36,0.8372,172,0.35,0.8139,242,0.35,0.8139,10,0.355,0.8255,132,0
SPY190731C302,2019-07-30,2019-07-30 09:32:33,0.36,0.8372,1,0.35,0.8139,277,0.36,0.8372,2,0.355,0.8255,134,2
SPY190731C302,2019-07-30,2019-07-30 09:32:33,0.36,0.8372,1,0.35,0.8139,373,0.35,0.8139,10,0.355,0.8255,132,0
SPY190731C302,2019-07-30,2019-07-30 09:32:34,0.36,0.8372,1,0.35,0.8139,1829,0.36,0.8372,2,0.355,0.8255,134,0
SPY190731C302,2019-07-30,2019-07-30 09:32:35,0.36,0.8372,1,0.35,0.8139,1960,0.36,0.8372,2,0.355,0.8255,134,0
SPY190731C302,2019-07-30,2019-07-30 09:32:36,0.36,0.8372,1,0.35,0.8139,3190,0.36,0.8372,2,0.355,0.8255,134,0
SPY190731C302,2019-07-30,2019-07-30 09:32:37,0.37,0.8604,5,0.36,0.8372,367,0.36,0.8372,1,0.365,0.8488,135,1
SPY190731C302,2019-07-30,2019-07-30 09:32:37,0.36,0.8372,1,0.35,0.8139,3190,0.36,0.8372,2,0.355,0.8255,134,0
SPY190731C302,2019-07-30,2019-07-30 09:32:38,0.37,0.8604,5,0.36,0.8372,277,0.36,0.8372,6,0.365,0.8488,145,10
SPY190731C302,2019-07-30,2019-07-30 09:32:38,0.38,0.8837,1018,0.36,0.8372,367,0.36,0.8372,1,0.37,0.8604,135,0
SPY190731C302,2019-07-30,2019-07-30 09:32:39,0.37,0.8604,5,0.36,0.8372,397,0.36,0.8372,1,0.365,0.8488,147,2
SPY190731C302,2019-07-30,2019-07-30 09:32:39,0.37,0.8604,5,0.36,0.8372,367,0.36,0.8372,1,0.365,0.8488,147,0
SPY190731C302,2019-07-30,2019-07-30 09:32:40,0.37,0.8604,5,0.36,0.8372,367,0.36,0.8372,1,0.365,0.8488,147,0
SPY190731C302,2019-07-30,2019-07-30 09:32:41,0.37,0.8604,1,0.36,0.8372,277,0.36,0.8372,1,0.365,0.8488,147,0
SPY190731C302,2019-07-30,2019-07-30 09:32:42,0.37,0.8604,162,0.36,0.8372,367,0.36,0.8372,1,0.365,0.8488,147,0
SPY190731C302,2019-07-30,2019-07-30 09:32:42,0.38,0.8837,1727,0.36,0.8372,42,0.36,0.8372,1,0.37,0.8604,147,0
SPY190731C302,2019-07-30,2019-07-30 09:32:43,0.38,0.8837,1480,0.36,0.8372,770,0.36,0.8372,1,0.37,0.8604,147,0
SPY190731C302,2019-07-30,2019-07-30 09:32:43,0.38,0.8837,1530,0.36,0.8372,422,0.36,0.8372,1,0.37,0.8604,147,0
SPY190731C302,2019-07-30,2019-07-30 09:32:44,0.37,0.8604,17,0.36,0.8372,1122,0.36,0.8372,1,0.365,0.8488,147,0
SPY190731C302,2019-07-30,2019-07-30 09:32:44,0.38,0.8837,1462,0.36,0.8372,1122,0.36,0.8372,1,0.37,0.8604,147,0
SPY190731C302,2019-07-30,2019-07-30 09:32:45,0.37,0.8604,100,0.36,0.8372,1122,0.36,0.8372,1,0.365,0.8488,147,0
SPY190731C302,2019-07-30,2019-07-30 09:32:46,0.37,0.8604,5,0.36,0.8372,1122,0.36,0.8372,1,0.365,0.8488,147,0
SPY190731C302,2019-07-30,2019-07-30 09:32:46,0.37,0.8604,400,0.35,0.8139,616,0.36,0.8372,1,0.36,0.8372,147,0
SPY190731C302,2019-07-30,2019-07-30 09:32:47,0.37,0.8604,592,0.35,0.8139,2637,0.36,0.8372,1,0.36,0.8372,147,0
SPY190731C302,2019-07-30,2019-07-30 09:32:47,0.37,0.8604,573,0.35,0.8139,1610,0.36,0.8372,1,0.36,0.8372,147,0
SPY190731C302,2019-07-30,2019-07-30 09:32:48,0.37,0.8604,613,0.35,0.8139,1780,0.36,0.8372,1,0.36,0.8372,147,0
SPY190731C302,2019-07-30,2019-07-30 09:32:48,0.37,0.8604,109,0.36,0.8372,139,0.36,0.8372,1,0.365,0.8488,147,0
SPY190731C302,2019-07-30,2019-07-30 09:32:49,0.37,0.8604,74,0.36,0.8372,284,0.36,0.8372,1,0.365,0.8488,147,0
SPY190731C302,2019-07-30,2019-07-30 09:32:49,0.38,0.8837,932,0.36,0.8372,47,0.36,0.8372,1,0.37,0.8604,147,0
SPY190731C302,2019-07-30,2019-07-30 09:32:50,0.37,0.8604,733,0.36,0.8372,89,0.36,0.8372,1,0.365,0.8488,147,0
SPY190731C302,2019-07-30,2019-07-30 09:32:50,0.37,0.8604,865,0.36,0.8372,100,0.36,0.8372,1,0.365,0.8488,147,0
SPY190731C302,2019-07-30,2019-07-30 09:32:51,0.37,0.8604,66,0.36,0.8372,42,0.36,0.8372,1,0.365,0.8488,147,0
SPY190731C302,2019-07-30,2019-07-30 09:32:52,0.37,0.8604,186,0.36,0.8372,404,0.36,0.8372,1,0.365,0.8488,147,0
SPY190731C302,2019-07-30,2019-07-30 09:32:52,0.37,0.8604,186,0.36,0.8372,374,0.36,0.8372,1,0.365,0.8488,147,0
SPY190731C302,2019-07-30,2019-07-30 09:32:53,0.37,0.8604,278,0.36,0.8372,374,0.36,0.8372,1,0.365,0.8488,147,0
SPY190731C302,2019-07-30,2019-07-30 09:32:55,0.37,0.8604,175,0.36,0.8372,374,0.36,0.8372,1,0.365,0.8488,147,0
SPY190731C302,2019-07-30,2019-07-30 09:32:55,0.37,0.8604,100,0.36,0.8372,374,0.36,0.8372,1,0.365,0.8488,147,0
SPY190731C302,2019-07-30,2019-07-30 09:32:56,0.37,0.8604,2,0.36,0.8372,420,0.36,0.8372,1,0.365,0.8488,147,0
SPY190731C302,2019-07-30,2019-07-30 09:32:57,0.37,0.8604,2,0.36,0.8372,648,0.36,0.8372,1,0.365,0.8488,147,0
SPY190731C302,2019-07-30,2019-07-30 09:32:58,0.37,0.8604,2,0.36,0.8372,1686,0.36,0.8372,1,0.365,0.8488,147,0
SPY190731C302,2019-07-30,2019-07-30 09:32:58,0.37,0.8604,2,0.36,0.8372,2428,0.36,0.8372,1,0.365,0.8488,147,0
SPY190731C302,2019-07-30,2019-07-30 09:32:59,0.37,0.8604,35,0.36,0.8372,362,0.36,0.8372,1,0.365,0.8488,147,0
SPY190731C302,2019-07-30,2019-07-30 09:33:00,0.37,0.8604,210,0.36,0.8372,263,0.36,0.8372,1,0.365,0.8488,147,0
SPY190731C302,2019-07-30,2019-07-30 09:33:00,0.37,0.8604,294,0.36,0.8372,353,0.36,0.8372,1,0.365,0.8488,147,0
SPY190731C302,2019-07-30,2019-07-30 09:33:01,0.37,0.8604,1620,0.35,0.8139,1438,0.36,0.8372,1,0.36,0.8372,147,0
SPY190731C302,2019-07-30,2019-07-30 09:33:01,0.37,0.8604,294,0.36,0.8372,1,0.36,0.8372,1,0.365,0.8488,147,0
SPY190731C302,2019-07-30,2019-07-30 09:33:02,0.37,0.8604,1620,0.35,0.8139,1438,0.36,0.8372,1,0.36,0.8372,147,0
SPY190731C302,2019-07-30,2019-07-30 09:33:03,0.36,0.8372,180,0.35,0.8139,315,0.36,0.8372,1,0.355,0.8255,147,0
SPY190731C302,2019-07-30,2019-07-30 09:33:03,0.36,0.8372,686,0.35,0.8139,314,0.36,0.8372,1,0.355,0.8255,147,0
SPY190731C302,2019-07-30,2019-07-30 09:33:04,0.37,0.8604,1846,0.35,0.8139,688,0.36,0.8372,1,0.36,0.8372,147,0
SPY190731C302,2019-07-30,2019-07-30 09:33:04,0.36,0.8372,1,0.35,0.8139,277,0.36,0.8372,1,0.355,0.8255,147,0
SPY190731C302,2019-07-30,2019-07-30 09:33:05,0.36,0.8372,5,0.35,0.8139,688,0.36,0.8372,1,0.355,0.8255,147,0
SPY190731C302,2019-07-30,2019-07-30 09:33:05,0.36,0.8372,10,0.35,0.8139,443,0.36,0.8372,1,0.355,0.8255,147,0
SPY190731C302,2019-07-30,2019-07-30 09:33:06,0.36,0.8372,10,0.35,0.8139,567,0.36,0.8372,1,0.355,0.8255,147,0
SPY190731C302,2019-07-30,2019-07-30 09:33:06,0.36,0.8372,10,0.35,0.8139,801,0.36,0.8372,1,0.355,0.8255,147,0
SPY190731C302,2019-07-30,2019-07-30 09:33:07,0.36,0.8372,10,0.35,0.8139,814,0.35,0.8139,20,0.355,0.8255,167,20
SPY190731C302,2019-07-30,2019-07-30 09:33:08,0.36,0.8372,90,0.35,0.8139,547,0.35,0.8139,20,0.355,0.8255,167,0
SPY190731C302,2019-07-30,2019-07-30 09:33:08,0.36,0.8372,90,0.35,0.8139,843,0.35,0.8139,20,0.355,0.8255,167,0
SPY190731C302,2019-07-30,2019-07-30 09:33:09,0.36,0.8372,5,0.35,0.8139,10,0.36,0.8372,10,0.355,0.8255,177,10
SPY190731C302,2019-07-30,2019-07-30 09:33:09,0.36,0.8372,5,0.35,0.8139,270,0.36,0.8372,10,0.355,0.8255,177,0
SPY190731C302,2019-07-30,2019-07-30 09:33:10,0.36,0.8372,184,0.35,0.8139,383,0.36,0.8372,10,0.355,0.8255,177,0
SPY190731C302,2019-07-30,2019-07-30 09:33:10,0.36,0.8372,708,0.35,0.8139,383,0.36,0.8372,10,0.355,0.8255,177,0
SPY190731C302,2019-07-30,2019-07-30 09:33:11,0.36,0.8372,583,0.35,0.8139,143,0.36,0.8372,10,0.355,0.8255,177,0
SPY190731C302,2019-07-30,2019-07-30 09:33:11,0.36,0.8372,1,0.35,0.8139,365,0.36,0.8372,10,0.355,0.8255,177,0
SPY190731C302,2019-07-30,2019-07-30 09:33:12,0.36,0.8372,10,0.35,0.8139,1933,0.36,0.8372,10,0.355,0.8255,177,0
SPY190731C302,2019-07-30,2019-07-30 09:33:13,0.37,0.8604,729,0.36,0.8372,142,0.36,0.8372,10,0.365,0.8488,177,0
SPY190731C302,2019-07-30,2019-07-30 09:33:13,0.37,0.8604,496,0.36,0.8372,165,0.36,0.8372,10,0.365,0.8488,177,0
SPY190731C302,2019-07-30,2019-07-30 09:33:14,0.37,0.8604,925,0.36,0.8372,217,0.36,0.8372,10,0.365,0.8488,177,0
SPY190731C302,2019-07-30,2019-07-30 09:33:15,0.37,0.8604,428,0.35,0.8139,374,0.36,0.8372,10,0.36,0.8372,177,0
SPY190731C302,2019-07-30,2019-07-30 09:33:15,0.37,0.8604,889,0.36,0.8372,337,0.36,0.8372,10,0.365,0.8488,177,0
SPY190731C302,2019-07-30,2019-07-30 09:33:16,0.37,0.8604,428,0.36,0.8372,235,0.36,0.8372,10,0.365,0.8488,177,0
SPY190731C302,2019-07-30,2019-07-30 09:33:16,0.37,0.8604,680,0.36,0.8372,205,0.36,0.8372,10,0.365,0.8488,177,0
SPY190731C302,2019-07-30,2019-07-30 09:33:17,0.37,0.8604,949,0.36,0.8372,196,0.36,0.8372,10,0.365,0.8488,177,0
SPY190731C302,2019-07-30,2019-07-30 09:33:18,0.37,0.8604,949,0.36,0.8372,196,0.36,0.8372,10,0.365,0.8488,177,0
SPY190731C302,2019-07-30,2019-07-30 09:33:19,0.37,0.8604,948,0.36,0.8372,182,0.36,0.8372,10,0.365,0.8488,177,0
SPY190731C302,2019-07-30,2019-07-30 09:33:19,0.37,0.8604,833,0.36,0.8372,205,0.36,0.8372,10,0.365,0.8488,177,0
SPY190731C302,2019-07-30,2019-07-30 09:33:20,0.37,0.8604,833,0.36,0.8372,1080,0.36,0.8372,10,0.365,0.8488,177,0
SPY190731C302,2019-07-30,2019-07-30 09:33:21,0.37,0.8604,412,0.36,0.8372,401,0.36,0.8372,10,0.365,0.8488,177,0
SPY190731C302,2019-07-30,2019-07-30 09:33:21,0.37,0.8604,1,0.36,0.8372,1139,0.36,0.8372,10,0.365,0.8488,177,0
SPY190731C302,2019-07-30,2019-07-30 09:33:22,0.37,0.8604,412,0.36,0.8372,261,0.36,0.8372,10,0.365,0.8488,177,0
SPY190731C302,2019-07-30,2019-07-30 09:33:23,0.37,0.8604,108,0.36,0.8372,1520,0.36,0.8372,10,0.365,0.8488,177,0
SPY190731C302,2019-07-30,2019-07-30 09:33:23,0.37,0.8604,131,0.36,0.8372,1102,0.36,0.8372,10,0.365,0.8488,177,0
SPY190731C302,2019-07-30,2019-07-30 09:33:24,0.37,0.8604,107,0.36,0.8372,500,0.36,0.8372,10,0.365,0.8488,177,0
SPY190731C302,2019-07-30,2019-07-30 09:33:24,0.37,0.8604,148,0.36,0.8372,180,0.36,0.8372,10,0.365,0.8488,177,0
SPY190731C302,2019-07-30,2019-07-30 09:33:25,0.37,0.8604,107,0.36,0.8372,1248,0.36,0.8372,10,0.365,0.8488,177,0
SPY190731C302,2019-07-30,2019-07-30 09:33:25,0.37,0.8604,277,0.36,0.8372,451,0.36,0.8372,10,0.365,0.8488,177,0
SPY190731C302,2019-07-30,2019-07-30 09:33:26,0.37,0.8604,25,0.36,0.8372,1256,0.36,0.8372,10,0.365,0.8488,177,0
SPY190731C302,2019-07-30,2019-07-30 09:33:27,0.37,0.8604,10,0.36,0.8372,613,0.36,0.8372,10,0.365,0.8488,177,0
SPY190731C302,2019-07-30,2019-07-30 09:33:27,0.37,0.8604,25,0.36,0.8372,698,0.36,0.8372,10,0.365,0.8488,177,0
SPY190731C302,2019-07-30,2019-07-30 09:33:28,0.37,0.8604,91,0.36,0.8372,592,0.36,0.8372,10,0.365,0.8488,177,0
SPY190731C302,2019-07-30,2019-07-30 09:33:28,0.38,0.8837,1964,0.36,0.8372,5,0.36,0.8372,10,0.37,0.8604,177,0
SPY190731C302,2019-07-30,2019-07-30 09:33:29,0.37,0.8604,1,0.36,0.8372,383,0.36,0.8372,10,0.365,0.8488,177,0
SPY190731C302,2019-07-30,2019-07-30 09:33:29,0.37,0.8604,400,0.36,0.8372,469,0.36,0.8372,10,0.365,0.8488,177,0
SPY190731C302,2019-07-30,2019-07-30 09:33:30,0.37,0.8604,2,0.36,0.8372,609,0.36,0.8372,10,0.365,0.8488,177,0
SPY190731C302,2019-07-30,2019-07-30 09:33:31,0.38,0.8837,1745,0.36,0.8372,680,0.36,0.8372,10,0.37,0.8604,177,0
SPY190731C302,2019-07-30,2019-07-30 09:33:31,0.38,0.8837,1829,0.37,0.8604,117,0.36,0.8372,10,0.375,0.872,177,0
SPY190731C302,2019-07-30,2019-07-30 09:33:32,0.38,0.8837,1514,0.37,0.8604,75,0.36,0.8372,10,0.375,0.872,177,0
SPY190731C302,2019-07-30,2019-07-30 09:33:32,0.38,0.8837,1744,0.37,0.8604,117,0.36,0.8372,10,0.375,0.872,177,0
SPY190731C302,2019-07-30,2019-07-30 09:33:33,0.38,0.8837,180,0.37,0.8604,362,0.36,0.8372,10,0.375,0.872,177,0
SPY190731C302,2019-07-30,2019-07-30 09:33:33,0.38,0.8837,2034,0.36,0.8372,2975,0.36,0.8372,10,0.37,0.8604,177,0
SPY190731C302,2019-07-30,2019-07-30 09:33:34,0.38,0.8837,1155,0.36,0.8372,1834,0.36,0.8372,10,0.37,0.8604,177,0
SPY190731C302,2019-07-30,2019-07-30 09:33:35,0.37,0.8604,611,0.36,0.8372,948,0.37,0.8604,10,0.365,0.8488,187,10
SPY190731C302,2019-07-30,2019-07-30 09:33:35,0.37,0.8604,611,0.36,0.8372,948,0.37,0.8604,10,0.365,0.8488,187,0
SPY190731C302,2019-07-30,2019-07-30 09:33:36,0.38,0.8837,1733,0.36,0.8372,1595,0.37,0.8604,10,0.37,0.8604,187,0
SPY190731C302,2019-07-30,2019-07-30 09:33:36,0.37,0.8604,611,0.36,0.8372,1508,0.37,0.8604,10,0.365,0.8488,187,0
SPY190731C302,2019-07-30,2019-07-30 09:33:37,0.38,0.8837,1809,0.36,0.8372,1530,0.37,0.8604,10,0.37,0.8604,187,0
SPY190731C302,2019-07-30,2019-07-30 09:33:37,0.37,0.8604,2,0.36,0.8372,1066,0.37,0.8604,10,0.365,0.8488,187,0
SPY190731C302,2019-07-30,2019-07-30 09:33:38,0.37,0.8604,100,0.36,0.8372,2844,0.37,0.8604,10,0.365,0.8488,187,0
SPY190731C302,2019-07-30,2019-07-30 09:33:38,0.37,0.8604,100,0.36,0.8372,3189,0.37,0.8604,10,0.365,0.8488,187,0
SPY190731C302,2019-07-30,2019-07-30 09:33:39,0.37,0.8604,100,0.36,0.8372,3189,0.37,0.8604,10,0.365,0.8488,187,0
SPY190731C302,2019-07-30,2019-07-30 09:33:40,0.37,0.8604,100,0.36,0.8372,2780,0.37,0.8604,10,0.365,0.8488,187,0
SPY190731C302,2019-07-30,2019-07-30 09:33:40,0.37,0.8604,100,0.36,0.8372,3019,0.37,0.8604,10,0.365,0.8488,187,0
SPY190731C302,2019-07-30,2019-07-30 09:33:41,0.38,0.8837,35,0.37,0.8604,584,0.37,0.8604,1,0.375,0.872,287,100
SPY190731C302,2019-07-30,2019-07-30 09:33:41,0.38,0.8837,56,0.37,0.8604,2119,0.37,0.8604,1,0.375,0.872,287,0
SPY190731C302,2019-07-30,2019-07-30 09:33:42,0.39,0.9069,34,0.38,0.8837,882,0.38,0.8837,2,0.385,0.8953,289,0
SPY190731C302,2019-07-30,2019-07-30 09:33:42,0.39,0.9069,25,0.38,0.8837,246,0.38,0.8837,2,0.385,0.8953,289,2
SPY190731C302,2019-07-30,2019-07-30 09:33:43,0.39,0.9069,34,0.38,0.8837,1248,0.39,0.9069,1,0.385,0.8953,290,1
SPY190731C302,2019-07-30,2019-07-30 09:33:44,0.39,0.9069,34,0.38,0.8837,2484,0.39,0.9069,1,0.385,0.8953,290,0
SPY190731C302,2019-07-30,2019-07-30 09:33:44,0.39,0.9069,34,0.38,0.8837,1116,0.39,0.9069,1,0.385,0.8953,290,0
SPY190731C302,2019-07-30,2019-07-30 09:33:45,0.39,0.9069,34,0.38,0.8837,2436,0.39,0.9069,1,0.385,0.8953,290,0
SPY190731C302,2019-07-30,2019-07-30 09:33:45,0.39,0.9069,34,0.38,0.8837,2324,0.39,0.9069,1,0.385,0.8953,290,0
SPY190731C302,2019-07-30,2019-07-30 09:33:46,0.39,0.9069,34,0.38,0.8837,2485,0.39,0.9069,1,0.385,0.8953,290,0
SPY190731C302,2019-07-30,2019-07-30 09:33:46,0.39,0.9069,34,0.38,0.8837,2585,0.39,0.9069,1,0.385,0.8953,290,0
SPY190731C302,2019-07-30,2019-07-30 09:33:47,0.39,0.9069,34,0.38,0.8837,2485,0.39,0.9069,1,0.385,0.8953,290,0
SPY190731C302,2019-07-30,2019-07-30 09:33:47,0.39,0.9069,34,0.38,0.8837,2329,0.39,0.9069,1,0.385,0.8953,290,0
SPY190731C302,2019-07-30,2019-07-30 09:33:48,0.4,0.9302,39,0.39,0.9069,265,0.39,0.9069,4,0.395,0.9186,297,0
SPY190731C302,2019-07-30,2019-07-30 09:33:48,0.39,0.9069,4,0.39,0.9069,1,0.39,0.9069,4,0.39,0.9069,297,7
SPY190731C302,2019-07-30,2019-07-30 09:33:49,0.41,0.9534,1221,0.4,0.9302,5,0.39,0.9069,4,0.405,0.9418,297,0
SPY190731C302,2019-07-30,2019-07-30 09:33:50,0.41,0.9534,437,0.4,0.9302,243,0.39,0.9069,4,0.405,0.9418,297,0
SPY190731C302,2019-07-30,2019-07-30 09:33:51,0.41,0.9534,1241,0.39,0.9069,44,0.39,0.9069,4,0.4,0.9302,297,0
SPY190731C302,2019-07-30,2019-07-30 09:33:51,0.41,0.9534,1362,0.39,0.9069,539,0.39,0.9069,4,0.4,0.9302,297,0
SPY190731C302,2019-07-30,2019-07-30 09:33:52,0.41,0.9534,1450,0.39,0.9069,1037,0.39,0.9069,4,0.4,0.9302,297,0
SPY190731C302,2019-07-30,2019-07-30 09:33:52,0.41,0.9534,1450,0.39,0.9069,726,0.39,0.9069,4,0.4,0.9302,297,0
SPY190731C302,2019-07-30,2019-07-30 09:33:53,0.4,0.9302,18,0.39,0.9069,1091,0.39,0.9069,4,0.395,0.9186,297,0
SPY190731C302,2019-07-30,2019-07-30 09:33:54,0.39,0.9069,1,0.38,0.8837,471,0.39,0.9069,8,0.385,0.8953,305,0
SPY190731C302,2019-07-30,2019-07-30 09:33:54,0.39,0.9069,40,0.38,0.8837,1011,0.39,0.9069,8,0.385,0.8953,305,8
SPY190731C302,2019-07-30,2019-07-30 09:33:55,0.39,0.9069,42,0.38,0.8837,444,0.39,0.9069,8,0.385,0.8953,305,0
SPY190731C302,2019-07-30,2019-07-30 09:33:55,0.39,0.9069,167,0.38,0.8837,264,0.39,0.9069,8,0.385,0.8953,305,0
SPY190731C302,2019-07-30,2019-07-30 09:33:56,0.39,0.9069,1070,0.38,0.8837,34,0.39,0.9069,8,0.385,0.8953,305,0
SPY190731C302,2019-07-30,2019-07-30 09:33:56,0.39,0.9069,42,0.38,0.8837,384,0.39,0.9069,8,0.385,0.8953,305,0
SPY190731C302,2019-07-30,2019-07-30 09:33:57,0.39,0.9069,1070,0.38,0.8837,17,0.39,0.9069,8,0.385,0.8953,305,0
SPY190731C302,2019-07-30,2019-07-30 09:33:57,0.38,0.8837,1,0.37,0.8604,350,0.39,0.9069,8,0.375,0.872,305,0
SPY190731C302,2019-07-30,2019-07-30 09:33:58,0.38,0.8837,247,0.37,0.8604,35,0.39,0.9069,8,0.375,0.872,305,0
SPY190731C302,2019-07-30,2019-07-30 09:33:59,0.38,0.8837,20,0.37,0.8604,260,0.37,0.8604,1,0.375,0.872,307,2
SPY190731C302,2019-07-30,2019-07-30 09:33:59,0.38,0.8837,191,0.37,0.8604,260,0.37,0.8604,1,0.375,0.872,307,0
SPY190731C302,2019-07-30,2019-07-30 09:34:00,0.38,0.8837,376,0.37,0.8604,350,0.37,0.8604,1,0.375,0.872,307,0
SPY190731C302,2019-07-30,2019-07-30 09:34:00,0.38,0.8837,20,0.37,0.8604,350,0.37,0.8604,1,0.375,0.872,307,0
SPY190731C302,2019-07-30,2019-07-30 09:34:01,0.38,0.8837,353,0.37,0.8604,350,0.37,0.8604,1,0.375,0.872,307,0
SPY190731C302,2019-07-30,2019-07-30 09:34:01,0.38,0.8837,237,0.37,0.8604,84,0.37,0.8604,1,0.375,0.872,307,0
SPY190731C302,2019-07-30,2019-07-30 09:34:02,0.38,0.8837,10,0.37,0.8604,1608,0.37,0.8604,1,0.375,0.872,307,0
SPY190731C302,2019-07-30,2019-07-30 09:34:02,0.39,0.9069,1423,0.37,0.8604,1608,0.37,0.8604,1,0.38,0.8837,307,0
SPY190731C302,2019-07-30,2019-07-30 09:34:03,0.39,0.9069,1148,0.37,0.8604,1988,0.37,0.8604,1,0.38,0.8837,307,0
SPY190731C302,2019-07-30,2019-07-30 09:34:04,0.38,0.8837,44,0.37,0.8604,354,0.38,0.8837,1,0.375,0.872,308,1
SPY190731C302,2019-07-30,2019-07-30 09:34:04,0.38,0.8837,124,0.37,0.8604,264,0.38,0.8837,1,0.375,0.872,308,0
SPY190731C302,2019-07-30,2019-07-30 09:34:05,0.38,0.8837,112,0.37,0.8604,264,0.38,0.8837,1,0.375,0.872,308,0
SPY190731C302,2019-07-30,2019-07-30 09:34:05,0.38,0.8837,79,0.37,0.8604,367,0.38,0.8837,1,0.375,0.872,308,0
SPY190731C302,2019-07-30,2019-07-30 09:34:06,0.38,0.8837,29,0.37,0.8604,1113,0.38,0.8837,1,0.375,0.872,308,0
SPY190731C302,2019-07-30,2019-07-30 09:34:06,0.38,0.8837,29,0.37,0.8604,264,0.38,0.8837,1,0.375,0.872,308,0
SPY190731C302,2019-07-30,2019-07-30 09:34:07,0.38,0.8837,41,0.37,0.8604,1113,0.38,0.8837,25,0.375,0.872,333,25
SPY190731C302,2019-07-30,2019-07-30 09:34:07,0.38,0.8837,41,0.37,0.8604,1113,0.38,0.8837,25,0.375,0.872,333,0
SPY190731C302,2019-07-30,2019-07-30 09:34:08,0.38,0.8837,35,0.37,0.8604,926,0.38,0.8837,25,0.375,0.872,333,0
SPY190731C302,2019-07-30,2019-07-30 09:34:09,0.38,0.8837,75,0.37,0.8604,636,0.38,0.8837,25,0.375,0.872,333,0
SPY190731C302,2019-07-30,2019-07-30 09:34:09,0.38,0.8837,150,0.36,0.8372,1871,0.38,0.8837,25,0.37,0.8604,333,0
SPY190731C302,2019-07-30,2019-07-30 09:34:10,0.37,0.8604,2,0.36,0.8372,1901,0.37,0.8604,10,0.365,0.8488,344,11
SPY190731C302,2019-07-30,2019-07-30 09:34:10,0.38,0.8837,1398,0.36,0.8372,1901,0.37,0.8604,10,0.37,0.8604,344,0
SPY190731C302,2019-07-30,2019-07-30 09:34:11,0.37,0.8604,168,0.36,0.8372,427,0.37,0.8604,10,0.365,0.8488,344,0
SPY190731C302,2019-07-30,2019-07-30 09:34:11,0.38,0.8837,1398,0.36,0.8372,279,0.37,0.8604,10,0.37,0.8604,344,0
SPY190731C302,2019-07-30,2019-07-30 09:34:12,0.37,0.8604,143,0.36,0.8372,264,0.37,0.8604,10,0.365,0.8488,344,0
SPY190731C302,2019-07-30,2019-07-30 09:34:12,0.37,0.8604,20,0.36,0.8372,427,0.37,0.8604,10,0.365,0.8488,344,0
SPY190731C302,2019-07-30,2019-07-30 09:34:13,0.38,0.8837,2087,0.37,0.8604,5,0.37,0.8604,10,0.375,0.872,344,0
SPY190731C302,2019-07-30,2019-07-30 09:34:13,0.38,0.8837,2134,0.37,0.8604,5,0.37,0.8604,10,0.375,0.872,344,0
SPY190731C302,2019-07-30,2019-07-30 09:34:14,0.38,0.8837,506,0.37,0.8604,361,0.37,0.8604,10,0.375,0.872,344,0
SPY190731C302,2019-07-30,2019-07-30 09:34:15,0.38,0.8837,199,0.37,0.8604,275,0.37,0.8604,10,0.375,0.872,344,0
SPY190731C302,2019-07-30,2019-07-30 09:34:15,0.38,0.8837,1393,0.37,0.8604,86,0.37,0.8604,10,0.375,0.872,344,0
SPY190731C302,2019-07-30,2019-07-30 09:34:16,0.39,0.9069,996,0.37,0.8604,611,0.37,0.8604,10,0.38,0.8837,344,0
SPY190731C302,2019-07-30,2019-07-30 09:34:17,0.39,0.9069,1457,0.37,0.8604,1936,0.37,0.8604,10,0.38,0.8837,344,0
SPY190731C302,2019-07-30,2019-07-30 09:34:17,0.39,0.9069,1478,0.37,0.8604,1120,0.37,0.8604,10,0.38,0.8837,344,0
SPY190731C302,2019-07-30,2019-07-30 09:34:18,0.39,0.9069,1457,0.38,0.8837,5,0.37,0.8604,10,0.385,0.8953,344,0
SPY190731C302,2019-07-30,2019-07-30 09:34:18,0.39,0.9069,1457,0.37,0.8604,1936,0.37,0.8604,10,0.38,0.8837,344,0
SPY190731C302,2019-07-30,2019-07-30 09:34:19,0.39,0.9069,212,0.38,0.8837,427,0.37,0.8604,10,0.385,0.8953,344,0
SPY190731C302,2019-07-30,2019-07-30 09:34:19,0.39,0.9069,1464,0.38,0.8837,223,0.37,0.8604,10,0.385,0.8953,344,0
SPY190731C302,2019-07-30,2019-07-30 09:34:20,0.4,0.9302,771,0.38,0.8837,841,0.37,0.8604,10,0.39,0.9069,344,0
SPY190731C302,2019-07-30,2019-07-30 09:34:21,0.39,0.9069,566,0.38,0.8837,1196,0.37,0.8604,10,0.385,0.8953,344,0
SPY190731C302,2019-07-30,2019-07-30 09:34:21,0.4,0.9302,1775,0.38,0.8837,1196,0.37,0.8604,10,0.39,0.9069,344,0
SPY190731C302,2019-07-30,2019-07-30 09:34:22,0.39,0.9069,1520,0.37,0.8604,1688,0.38,0.8837,1,0.38,0.8837,345,0
SPY190731C302,2019-07-30,2019-07-30 09:34:22,0.39,0.9069,1164,0.38,0.8837,1196,0.38,0.8837,1,0.385,0.8953,345,1
SPY190731C302,2019-07-30,2019-07-30 09:34:23,0.39,0.9069,1520,0.37,0.8604,1678,0.38,0.8837,1,0.38,0.8837,345,0
SPY190731C302,2019-07-30,2019-07-30 09:34:24,0.38,0.8837,2,0.37,0.8604,1034,0.39,0.9069,1,0.375,0.872,350,0
SPY190731C302,2019-07-30,2019-07-30 09:34:24,0.39,0.9069,1520,0.37,0.8604,1678,0.39,0.9069,1,0.38,0.8837,350,5
SPY190731C302,2019-07-30,2019-07-30 09:34:25,0.39,0.9069,1957,0.37,0.8604,2038,0.39,0.9069,1,0.38,0.8837,350,0
SPY190731C302,2019-07-30,2019-07-30 09:34:25,0.39,0.9069,1950,0.37,0.8604,2055,0.39,0.9069,1,0.38,0.8837,350,0
SPY190731C302,2019-07-30,2019-07-30 09:34:26,0.39,0.9069,760,0.38,0.8837,5,0.39,0.9069,1,0.385,0.8953,350,0
SPY190731C302,2019-07-30,2019-07-30 09:34:26,0.39,0.9069,2365,0.37,0.8604,2055,0.39,0.9069,1,0.38,0.8837,350,0
SPY190731C302,2019-07-30,2019-07-30 09:34:27,0.39,0.9069,524,0.38,0.8837,272,0.39,0.9069,1,0.385,0.8953,350,0
SPY190731C302,2019-07-30,2019-07-30 09:34:27,0.38,0.8837,485,0.37,0.8604,1301,0.39,0.9069,1,0.375,0.872,350,0
SPY190731C302,2019-07-30,2019-07-30 09:34:28,0.38,0.8837,520,0.37,0.8604,928,0.39,0.9069,1,0.375,0.872,350,0
SPY190731C302,2019-07-30,2019-07-30 09:34:28,0.38,0.8837,520,0.37,0.8604,1113,0.39,0.9069,1,0.375,0.872,350,0
SPY190731C302,2019-07-30,2019-07-30 09:34:29,0.38,0.8837,888,0.37,0.8604,742,0.39,0.9069,1,0.375,0.872,350,0
SPY190731C302,2019-07-30,2019-07-30 09:34:30,0.38,0.8837,1030,0.37,0.8604,352,0.39,0.9069,1,0.375,0.872,350,0
SPY190731C302,2019-07-30,2019-07-30 09:34:30,0.38,0.8837,1267,0.37,0.8604,352,0.39,0.9069,1,0.375,0.872,350,0
SPY190731C302,2019-07-30,2019-07-30 09:34:31,0.38,0.8837,1546,0.36,0.8372,1615,0.39,0.9069,1,0.37,0.8604,350,0
SPY190731C302,2019-07-30,2019-07-30 09:34:31,0.38,0.8837,1592,0.36,0.8372,1118,0.39,0.9069,1,0.37,0.8604,350,0
SPY190731C302,2019-07-30,2019-07-30 09:34:32,0.38,0.8837,1546,0.36,0.8372,1786,0.39,0.9069,1,0.37,0.8604,350,0
SPY190731C302,2019-07-30,2019-07-30 09:34:32,0.37,0.8604,40,0.36,0.8372,2226,0.39,0.9069,1,0.365,0.8488,350,0
SPY190731C302,2019-07-30,2019-07-30 09:34:33,0.37,0.8604,20,0.36,0.8372,2081,0.39,0.9069,1,0.365,0.8488,350,0
SPY190731C302,2019-07-30,2019-07-30 09:34:33,0.37,0.8604,20,0.36,0.8372,904,0.39,0.9069,1,0.365,0.8488,350,0
SPY190731C302,2019-07-30,2019-07-30 09:34:34,0.37,0.8604,20,0.36,0.8372,1338,0.39,0.9069,1,0.365,0.8488,350,0
SPY190731C302,2019-07-30,2019-07-30 09:34:35,0.37,0.8604,20,0.36,0.8372,1483,0.39,0.9069,1,0.365,0.8488,350,0
SPY190731C302,2019-07-30,2019-07-30 09:34:35,0.37,0.8604,20,0.36,0.8372,1157,0.39,0.9069,1,0.365,0.8488,350,0
SPY190731C302,2019-07-30,2019-07-30 09:34:36,0.38,0.8837,480,0.37,0.8604,452,0.37,0.8604,8,0.375,0.872,370,20
SPY190731C302,2019-07-30,2019-07-30 09:34:36,0.37,0.8604,20,0.36,0.8372,1483,0.39,0.9069,1,0.365,0.8488,350,0
SPY190731C302,2019-07-30,2019-07-30 09:34:37,0.38,0.8837,611,0.37,0.8604,452,0.37,0.8604,8,0.375,0.872,370,0
SPY190731C302,2019-07-30,2019-07-30 09:34:37,0.38,0.8837,611,0.37,0.8604,403,0.37,0.8604,8,0.375,0.872,370,0
SPY190731C302,2019-07-30,2019-07-30 09:34:38,0.38,0.8837,659,0.37,0.8604,403,0.37,0.8604,8,0.375,0.872,370,0
SPY190731C302,2019-07-30,2019-07-30 09:34:39,0.38,0.8837,659,0.37,0.8604,403,0.37,0.8604,8,0.375,0.872,370,0
SPY190731C302,2019-07-30,2019-07-30 09:34:40,0.38,0.8837,659,0.37,0.8604,403,0.37,0.8604,8,0.375,0.872,370,0
SPY190731C302,2019-07-30,2019-07-30 09:34:40,0.38,0.8837,659,0.37,0.8604,1001,0.37,0.8604,8,0.375,0.872,370,0
SPY190731C302,2019-07-30,2019-07-30 09:34:41,0.38,0.8837,641,0.37,0.8604,1238,0.37,0.8604,8,0.375,0.872,370,0
SPY190731C302,2019-07-30,2019-07-30 09:34:41,0.38,0.8837,700,0.37,0.8604,734,0.37,0.8604,8,0.375,0.872,370,0
SPY190731C302,2019-07-30,2019-07-30 09:34:42,0.38,0.8837,10,0.37,0.8604,1335,0.37,0.8604,8,0.375,0.872,370,0
SPY190731C302,2019-07-30,2019-07-30 09:34:42,0.38,0.8837,1,0.37,0.8604,900,0.37,0.8604,8,0.375,0.872,370,0
SPY190731C302,2019-07-30,2019-07-30 09:34:43,0.38,0.8837,27,0.37,0.8604,1593,0.37,0.8604,8,0.375,0.872,370,0
SPY190731C302,2019-07-30,2019-07-30 09:34:43,0.38,0.8837,686,0.37,0.8604,100,0.37,0.8604,8,0.375,0.872,370,0
SPY190731C302,2019-07-30,2019-07-30 09:34:44,0.38,0.8837,118,0.37,0.8604,100,0.37,0.8604,8,0.375,0.872,370,0
SPY190731C302,2019-07-30,2019-07-30 09:34:45,0.38,0.8837,6,0.37,0.8604,1390,0.37,0.8604,8,0.375,0.872,370,0
SPY190731C302,2019-07-30,2019-07-30 09:34:45,0.39,0.9069,1442,0.37,0.8604,1336,0.37,0.8604,8,0.38,0.8837,370,0
SPY190731C302,2019-07-30,2019-07-30 09:34:46,0.38,0.8837,710,0.37,0.8604,352,0.37,0.8604,8,0.375,0.872,370,0
SPY190731C302,2019-07-30,2019-07-30 09:34:46,0.38,0.8837,710,0.37,0.8604,539,0.37,0.8604,8,0.375,0.872,370,0
SPY190731C302,2019-07-30,2019-07-30 09:34:47,0.38,0.8837,710,0.37,0.8604,468,0.37,0.8604,8,0.375,0.872,370,0
SPY190731C302,2019-07-30,2019-07-30 09:34:47,0.38,0.8837,595,0.37,0.8604,283,0.37,0.8604,8,0.375,0.872,370,0
SPY190731C302,2019-07-30,2019-07-30 09:34:48,0.38,0.8837,146,0.37,0.8604,1379,0.37,0.8604,8,0.375,0.872,370,0
SPY190731C302,2019-07-30,2019-07-30 09:34:48,0.38,0.8837,146,0.37,0.8604,606,0.37,0.8604,8,0.375,0.872,370,0
SPY190731C302,2019-07-30,2019-07-30 09:34:49,0.38,0.8837,21,0.37,0.8604,1530,0.37,0.8604,8,0.375,0.872,370,0
SPY190731C302,2019-07-30,2019-07-30 09:34:50,0.39,0.9069,480,0.37,0.8604,1530,0.37,0.8604,8,0.38,0.8837,370,0
SPY190731C302,2019-07-30,2019-07-30 09:34:51,0.38,0.8837,519,0.37,0.8604,256,0.37,0.8604,8,0.375,0.872,370,0
SPY190731C302,2019-07-30,2019-07-30 09:34:51,0.39,0.9069,1744,0.37,0.8604,1541,0.37,0.8604,8,0.38,0.8837,370,0
SPY190731C302,2019-07-30,2019-07-30 09:34:52,0.38,0.8837,468,0.37,0.8604,493,0.37,0.8604,8,0.375,0.872,370,0
SPY190731C302,2019-07-30,2019-07-30 09:34:52,0.38,0.8837,468,0.37,0.8604,514,0.37,0.8604,8,0.375,0.872,370,0
SPY190731C302,2019-07-30,2019-07-30 09:34:53,0.38,0.8837,725,0.37,0.8604,373,0.37,0.8604,20,0.375,0.872,791,421
SPY190731C302,2019-07-30,2019-07-30 09:34:54,0.38,0.8837,725,0.37,0.8604,373,0.37,0.8604,80,0.375,0.872,871,80
SPY190731C302,2019-07-30,2019-07-30 09:34:54,0.38,0.8837,400,0.37,0.8604,389,0.38,0.8837,5,0.375,0.872,876,5
SPY190731C302,2019-07-30,2019-07-30 09:34:55,0.38,0.8837,400,0.37,0.8604,389,0.38,0.8837,5,0.375,0.872,876,0
SPY190731C302,2019-07-30,2019-07-30 09:34:55,0.38,0.8837,670,0.37,0.8604,504,0.38,0.8837,5,0.375,0.872,876,0
SPY190731C302,2019-07-30,2019-07-30 09:34:56,0.38,0.8837,10,0.37,0.8604,1968,0.37,0.8604,79,0.375,0.872,1267,0
SPY190731C302,2019-07-30,2019-07-30 09:34:56,0.38,0.8837,26,0.37,0.8604,773,0.37,0.8604,79,0.375,0.872,1267,391
SPY190731C302,2019-07-30,2019-07-30 09:34:57,0.38,0.8837,10,0.37,0.8604,1968,0.37,0.8604,79,0.375,0.872,1267,0
SPY190731C302,2019-07-30,2019-07-30 09:34:58,0.39,0.9069,1112,0.37,0.8604,1271,0.37,0.8604,79,0.38,0.8837,1267,0
SPY190731C302,2019-07-30,2019-07-30 09:34:58,0.39,0.9069,909,0.38,0.8837,361,0.37,0.8604,79,0.385,0.8953,1267,0
SPY190731C302,2019-07-30,2019-07-30 09:34:59,0.39,0.9069,909,0.38,0.8837,361,0.37,0.8604,79,0.385,0.8953,1267,0
SPY190731C302,2019-07-30,2019-07-30 09:34:59,0.39,0.9069,1,0.39,0.9069,5,0.39,0.9069,20,0.39,0.9069,1287,20
SPY190731C302,2019-07-30,2019-07-30 09:35:00,0.4,0.9302,1163,0.39,0.9069,5,0.38,0.8837,3,0.395,0.9186,1339,52
SPY190731C302,2019-07-30,2019-07-30 09:35:01,0.4,0.9302,782,0.39,0.9069,5,0.38,0.8837,9,0.395,0.9186,1375,36
SPY190731C302,2019-07-30,2019-07-30 09:35:01,0.4,0.9302,1542,0.39,0.9069,5,0.39,0.9069,9,0.395,0.9186,1391,16
SPY190731C302,2019-07-30,2019-07-30 09:35:02,0.39,0.9069,1242,0.37,0.8604,780,0.38,0.8837,3,0.38,0.8837,1396,3
SPY190731C302,2019-07-30,2019-07-30 09:35:02,0.39,0.9069,633,0.38,0.8837,373,0.38,0.8837,1,0.385,0.8953,1393,2
SPY190731C302,2019-07-30,2019-07-30 09:35:03,0.39,0.9069,697,0.38,0.8837,319,0.38,0.8837,3,0.385,0.8953,1396,0
SPY190731C302,2019-07-30,2019-07-30 09:35:03,0.39,0.9069,1333,0.38,0.8837,343,0.38,0.8837,3,0.385,0.8953,1396,0
SPY190731C302,2019-07-30,2019-07-30 09:35:04,0.38,0.8837,621,0.37,0.8604,406,0.38,0.8837,3,0.375,0.872,1396,0
SPY190731C302,2019-07-30,2019-07-30 09:35:04,0.38,0.8837,475,0.37,0.8604,1405,0.38,0.8837,3,0.375,0.872,1396,0
SPY190731C302,2019-07-30,2019-07-30 09:35:05,0.38,0.8837,621,0.37,0.8604,2525,0.38,0.8837,3,0.375,0.872,1396,0
SPY190731C302,2019-07-30,2019-07-30 09:35:06,0.39,0.9069,679,0.37,0.8604,2766,0.38,0.8837,3,0.38,0.8837,1396,0
SPY190731C302,2019-07-30,2019-07-30 09:35:06,0.39,0.9069,679,0.38,0.8837,2,0.38,0.8837,3,0.385,0.8953,1396,0
SPY190731C302,2019-07-30,2019-07-30 09:35:07,0.39,0.9069,723,0.37,0.8604,1614,0.38,0.8837,3,0.38,0.8837,1396,0
SPY190731C302,2019-07-30,2019-07-30 09:35:07,0.39,0.9069,1060,0.38,0.8837,97,0.38,0.8837,3,0.385,0.8953,1396,0
SPY190731C302,2019-07-30,2019-07-30 09:35:08,0.39,0.9069,6,0.38,0.8837,1391,0.38,0.8837,3,0.385,0.8953,1396,0
SPY190731C302,2019-07-30,2019-07-30 09:35:08,0.39,0.9069,39,0.38,0.8837,391,0.38,0.8837,3,0.385,0.8953,1396,0
SPY190731C302,2019-07-30,2019-07-30 09:35:09,0.39,0.9069,112,0.38,0.8837,391,0.38,0.8837,3,0.385,0.8953,1396,0
SPY190731C302,2019-07-30,2019-07-30 09:35:09,0.4,0.9302,1177,0.38,0.8837,2048,0.38,0.8837,3,0.39,0.9069,1396,0
SPY190731C302,2019-07-30,2019-07-30 09:35:10,0.39,0.9069,456,0.38,0.8837,1018,0.38,0.8837,3,0.385,0.8953,1396,0
SPY190731C302,2019-07-30,2019-07-30 09:35:10,0.39,0.9069,6,0.38,0.8837,1301,0.38,0.8837,3,0.385,0.8953,1396,0
SPY190731C302,2019-07-30,2019-07-30 09:35:11,0.39,0.9069,639,0.38,0.8837,1236,0.38,0.8837,3,0.385,0.8953,1396,0
SPY190731C302,2019-07-30,2019-07-30 09:35:12,0.38,0.8837,480,0.37,0.8604,250,0.38,0.8837,3,0.375,0.872,1396,0
SPY190731C302,2019-07-30,2019-07-30 09:35:12,0.39,0.9069,146,0.38,0.8837,1180,0.38,0.8837,3,0.385,0.8953,1396,0
SPY190731C302,2019-07-30,2019-07-30 09:35:13,0.38,0.8837,570,0.37,0.8604,364,0.38,0.8837,3,0.375,0.872,1396,0
SPY190731C302,2019-07-30,2019-07-30 09:35:13,0.38,0.8837,967,0.37,0.8604,364,0.38,0.8837,3,0.375,0.872,1396,0
SPY190731C302,2019-07-30,2019-07-30 09:35:14,0.38,0.8837,611,0.37,0.8604,592,0.38,0.8837,3,0.375,0.872,1396,0
SPY190731C302,2019-07-30,2019-07-30 09:35:14,0.38,0.8837,683,0.37,0.8604,364,0.38,0.8837,3,0.375,0.872,1396,0
SPY190731C302,2019-07-30,2019-07-30 09:35:16,0.38,0.8837,1439,0.37,0.8604,279,0.38,0.8837,3,0.375,0.872,1396,0
SPY190731C302,2019-07-30,2019-07-30 09:35:16,0.38,0.8837,673,0.37,0.8604,364,0.38,0.8837,3,0.375,0.872,1396,0
SPY190731C302,2019-07-30,2019-07-30 09:35:17,0.38,0.8837,1233,0.37,0.8604,279,0.38,0.8837,3,0.375,0.872,1396,0
SPY190731C302,2019-07-30,2019-07-30 09:35:17,0.38,0.8837,1439,0.37,0.8604,279,0.38,0.8837,3,0.375,0.872,1396,0
SPY190731C302,2019-07-30,2019-07-30 09:35:18,0.38,0.8837,1283,0.37,0.8604,100,0.38,0.8837,3,0.375,0.872,1396,0
SPY190731C302,2019-07-30,2019-07-30 09:35:18,0.38,0.8837,2330,0.37,0.8604,100,0.38,0.8837,3,0.375,0.872,1396,0
SPY190731C302,2019-07-30,2019-07-30 09:35:19,0.38,0.8837,1816,0.37,0.8604,21,0.38,0.8837,3,0.375,0.872,1396,0
SPY190731C302,2019-07-30,2019-07-30 09:35:20,0.38,0.8837,2148,0.36,0.8372,207,0.37,0.8604,5,0.37,0.8604,1422,26
SPY190731C302,2019-07-30,2019-07-30 09:35:20,0.38,0.8837,2148,0.37,0.8604,21,0.38,0.8837,3,0.375,0.872,1396,0
SPY190731C302,2019-07-30,2019-07-30 09:35:21,0.37,0.8604,913,0.36,0.8372,285,0.37,0.8604,5,0.365,0.8488,1422,0
SPY190731C302,2019-07-30,2019-07-30 09:35:21,0.37,0.8604,109,0.36,0.8372,285,0.37,0.8604,5,0.365,0.8488,1422,0
SPY190731C302,2019-07-30,2019-07-30 09:35:22,0.36,0.8372,10,0.35,0.8139,1489,0.37,0.8604,5,0.355,0.8255,1422,0
SPY190731C302,2019-07-30,2019-07-30 09:35:22,0.37,0.8604,793,0.35,0.8139,1489,0.37,0.8604,5,0.36,0.8372,1422,0
SPY190731C302,2019-07-30,2019-07-30 09:35:23,0.37,0.8604,1560,0.35,0.8139,798,0.37,0.8604,5,0.36,0.8372,1422,0
SPY190731C302,2019-07-30,2019-07-30 09:35:23,0.37,0.8604,1209,0.35,0.8139,1164,0.37,0.8604,5,0.36,0.8372,1422,0
SPY190731C302,2019-07-30,2019-07-30 09:35:24,0.36,0.8372,400,0.35,0.8139,798,0.36,0.8372,2,0.355,0.8255,1424,2
SPY190731C302,2019-07-30,2019-07-30 09:35:25,0.36,0.8372,676,0.35,0.8139,253,0.36,0.8372,2,0.355,0.8255,1424,0
SPY190731C302,2019-07-30,2019-07-30 09:35:25,0.36,0.8372,611,0.35,0.8139,274,0.36,0.8372,2,0.355,0.8255,1424,0
SPY190731C302,2019-07-30,2019-07-30 09:35:26,0.36,0.8372,936,0.35,0.8139,177,0.36,0.8372,2,0.355,0.8255,1424,0
SPY190731C302,2019-07-30,2019-07-30 09:35:26,0.36,0.8372,549,0.35,0.8139,177,0.35,0.8139,5,0.355,0.8255,1449,25
SPY190731C302,2019-07-30,2019-07-30 09:35:27,0.36,0.8372,1202,0.35,0.8139,100,0.35,0.8139,5,0.355,0.8255,1449,0
SPY190731C302,2019-07-30,2019-07-30 09:35:27,0.36,0.8372,1202,0.35,0.8139,10,0.35,0.8139,5,0.355,0.8255,1449,0
SPY190731C302,2019-07-30,2019-07-30 09:35:28,0.36,0.8372,877,0.35,0.8139,189,0.35,0.8139,5,0.355,0.8255,1449,0
SPY190731C302,2019-07-30,2019-07-30 09:35:28,0.36,0.8372,1560,0.35,0.8139,189,0.35,0.8139,5,0.355,0.8255,1449,0
SPY190731C302,2019-07-30,2019-07-30 09:35:29,0.36,0.8372,1513,0.35,0.8139,10,0.35,0.8139,5,0.355,0.8255,1449,0
SPY190731C302,2019-07-30,2019-07-30 09:35:30,0.36,0.8372,2811,0.35,0.8139,10,0.35,0.8139,5,0.355,0.8255,1449,0
SPY190731C302,2019-07-30,2019-07-30 09:35:30,0.36,0.8372,2711,0.35,0.8139,10,0.35,0.8139,5,0.355,0.8255,1449,0
SPY190731C302,2019-07-30,2019-07-30 09:35:31,0.36,0.8372,2753,0.35,0.8139,10,0.35,0.8139,5,0.355,0.8255,1449,0
SPY190731C302,2019-07-30,2019-07-30 09:35:31,0.36,0.8372,1871,0.35,0.8139,10,0.35,0.8139,5,0.355,0.8255,1449,0
SPY190731C302,2019-07-30,2019-07-30 09:35:32,0.36,0.8372,1082,0.35,0.8139,25,0.35,0.8139,5,0.355,0.8255,1449,0
SPY190731C302,2019-07-30,2019-07-30 09:35:32,0.36,0.8372,2,0.35,0.8139,296,0.35,0.8139,5,0.355,0.8255,1449,0
SPY190731C302,2019-07-30,2019-07-30 09:35:33,0.36,0.8372,2,0.35,0.8139,1038,0.35,0.8139,5,0.355,0.8255,1449,0
SPY190731C302,2019-07-30,2019-07-30 09:35:33,0.36,0.8372,2,0.35,0.8139,3382,0.35,0.8139,5,0.355,0.8255,1449,0
SPY190731C302,2019-07-30,2019-07-30 09:35:34,0.36,0.8372,2,0.35,0.8139,4213,0.35,0.8139,5,0.355,0.8255,1449,0
SPY190731C302,2019-07-30,2019-07-30 09:35:35,0.38,0.8837,2168,0.37,0.8604,142,0.36,0.8372,2,0.375,0.872,1451,0
SPY190731C302,2019-07-30,2019-07-30 09:35:35,0.37,0.8604,56,0.35,0.8139,4241,0.36,0.8372,2,0.36,0.8372,1451,2
SPY190731C302,2019-07-30,2019-07-30 09:35:36,0.38,0.8837,1233,0.36,0.8372,1353,0.36,0.8372,1,0.37,0.8604,1462,11
SPY190731C302,2019-07-30,2019-07-30 09:35:36,0.38,0.8837,2541,0.37,0.8604,21,0.36,0.8372,2,0.375,0.872,1451,0
SPY190731C302,2019-07-30,2019-07-30 09:35:37,0.38,0.8837,271,0.37,0.8604,100,0.36,0.8372,1,0.375,0.872,1462,0
SPY190731C302,2019-07-30,2019-07-30 09:35:37,0.38,0.8837,856,0.37,0.8604,120,0.36,0.8372,1,0.375,0.872,1462,0
SPY190731C302,2019-07-30,2019-07-30 09:35:38,0.39,0.9069,1967,0.37,0.8604,1113,0.36,0.8372,1,0.38,0.8837,1462,0
SPY190731C302,2019-07-30,2019-07-30 09:35:39,0.38,0.8837,90,0.37,0.8604,132,0.36,0.8372,1,0.375,0.872,1462,0
SPY190731C302,2019-07-30,2019-07-30 09:35:39,0.38,0.8837,6,0.37,0.8604,133,0.36,0.8372,1,0.375,0.872,1462,0
SPY190731C302,2019-07-30,2019-07-30 09:35:40,0.39,0.9069,776,0.37,0.8604,817,0.36,0.8372,1,0.38,0.8837,1462,0
SPY190731C302,2019-07-30,2019-07-30 09:35:40,0.38,0.8837,10,0.37,0.8604,180,0.36,0.8372,1,0.375,0.872,1462,0
SPY190731C302,2019-07-30,2019-07-30 09:35:41,0.39,0.9069,720,0.37,0.8604,1527,0.36,0.8372,1,0.38,0.8837,1462,0
SPY190731C302,2019-07-30,2019-07-30 09:35:41,0.39,0.9069,657,0.37,0.8604,2709,0.36,0.8372,1,0.38,0.8837,1462,0
SPY190731C302,2019-07-30,2019-07-30 09:35:42,0.4,0.9302,1468,0.38,0.8837,100,0.36,0.8372,1,0.39,0.9069,1462,0
SPY190731C302,2019-07-30,2019-07-30 09:35:42,0.4,0.9302,1498,0.38,0.8837,121,0.36,0.8372,1,0.39,0.9069,1462,0
SPY190731C302,2019-07-30,2019-07-30 09:35:43,0.4,0.9302,292,0.39,0.9069,14,0.36,0.8372,1,0.395,0.9186,1462,0
SPY190731C302,2019-07-30,2019-07-30 09:35:43,0.4,0.9302,1828,0.38,0.8837,100,0.36,0.8372,1,0.39,0.9069,1462,0
SPY190731C302,2019-07-30,2019-07-30 09:35:44,0.4,0.9302,189,0.39,0.9069,22,0.36,0.8372,1,0.395,0.9186,1462,0
SPY190731C302,2019-07-30,2019-07-30 09:35:45,0.4,0.9302,26,0.39,0.9069,14,0.36,0.8372,1,0.395,0.9186,1462,0
SPY190731C302,2019-07-30,2019-07-30 09:35:45,0.4,0.9302,26,0.39,0.9069,1750,0.36,0.8372,1,0.395,0.9186,1462,0
SPY190731C302,2019-07-30,2019-07-30 09:35:46,0.4,0.9302,26,0.39,0.9069,2166,0.39,0.9069,3,0.395,0.9186,1465,0
SPY190731C302,2019-07-30,2019-07-30 09:35:46,0.4,0.9302,26,0.39,0.9069,2166,0.39,0.9069,3,0.395,0.9186,1465,3
SPY190731C302,2019-07-30,2019-07-30 09:35:47,0.4,0.9302,26,0.39,0.9069,1473,0.39,0.9069,3,0.395,0.9186,1465,0
SPY190731C302,2019-07-30,2019-07-30 09:35:47,0.4,0.9302,26,0.39,0.9069,2166,0.39,0.9069,3,0.395,0.9186,1465,0
SPY190731C302,2019-07-30,2019-07-30 09:35:48,0.4,0.9302,26,0.39,0.9069,3667,0.39,0.9069,3,0.395,0.9186,1465,0
SPY190731C302,2019-07-30,2019-07-30 09:35:48,0.4,0.9302,26,0.39,0.9069,2039,0.39,0.9069,3,0.395,0.9186,1465,0
SPY190731C302,2019-07-30,2019-07-30 09:35:49,0.4,0.9302,26,0.39,0.9069,3667,0.39,0.9069,3,0.395,0.9186,1465,0
SPY190731C302,2019-07-30,2019-07-30 09:35:50,0.4,0.9302,26,0.4,0.9302,400,0.4,0.9302,1,0.4,0.9302,1491,26
SPY190731C302,2019-07-30,2019-07-30 09:35:50,0.4,0.9302,26,0.39,0.9069,3517,0.39,0.9069,3,0.395,0.9186,1465,0
SPY190731C302,2019-07-30,2019-07-30 09:35:51,0.41,0.9534,64,0.4,0.9302,1357,0.4,0.9302,1,0.405,0.9418,1491,0
SPY190731C302,2019-07-30,2019-07-30 09:35:51,0.41,0.9534,2,0.4,0.9302,579,0.4,0.9302,1,0.405,0.9418,1491,0
SPY190731C302,2019-07-30,2019-07-30 09:35:52,0.41,0.9534,2,0.4,0.9302,3104,0.4,0.9302,1,0.405,0.9418,1491,0
SPY190731C302,2019-07-30,2019-07-30 09:35:52,0.41,0.9534,2,0.4,0.9302,2624,0.4,0.9302,1,0.405,0.9418,1491,0
SPY190731C302,2019-07-30,2019-07-30 09:35:53,0.43,1.0,690,0.41,0.9534,611,0.41,0.9534,2,0.42,0.9767,1645,154
SPY190731C302,2019-07-30,2019-07-30 09:35:53,0.43,1.0,631,0.41,0.9534,611,0.41,0.9534,2,0.42,0.9767,1645,0
SPY190731C302,2019-07-30,2019-07-30 09:35:54,0.43,1.0,345,0.41,0.9534,2225,0.41,0.9534,2,0.42,0.9767,1645,0
SPY190731C302,2019-07-30,2019-07-30 09:35:55,0.43,1.0,269,0.41,0.9534,3579,0.42,0.9767,1,0.42,0.9767,1646,0
SPY190731C302,2019-07-30,2019-07-30 09:35:55,0.42,0.9767,2,0.41,0.9534,3579,0.42,0.9767,1,0.415,0.9651,1646,1
SPY190731C302,2019-07-30,2019-07-30 09:35:56,0.43,1.0,253,0.42,0.9767,346,0.42,0.9767,1,0.425,0.9883,1646,0
SPY190731C302,2019-07-30,2019-07-30 09:35:56,0.43,1.0,269,0.42,0.9767,207,0.42,0.9767,1,0.425,0.9883,1646,0
SPY190731C302,2019-07-30,2019-07-30 09:35:57,0.43,1.0,560,0.41,0.9534,415,0.42,0.9767,1,0.42,0.9767,1646,0
SPY190731C302,2019-07-30,2019-07-30 09:35:57,0.42,0.9767,400,0.4,0.9302,864,0.42,0.9767,1,0.41,0.9534,1646,0
SPY190731C302,2019-07-30,2019-07-30 09:35:58,0.41,0.9534,611,0.39,0.9069,1725,0.42,0.9767,1,0.4,0.9302,1646,0
SPY190731C302,2019-07-30,2019-07-30 09:35:58,0.41,0.9534,87,0.39,0.9069,657,0.42,0.9767,1,0.4,0.9302,1646,0
SPY190731C302,2019-07-30,2019-07-30 09:35:59,0.41,0.9534,885,0.4,0.9302,8,0.42,0.9767,1,0.405,0.9418,1646,0
SPY190731C302,2019-07-30,2019-07-30 09:36:00,0.41,0.9534,14,0.4,0.9302,96,0.42,0.9767,1,0.405,0.9418,1646,0
SPY190731C302,2019-07-30,2019-07-30 09:36:00,0.41,0.9534,428,0.4,0.9302,96,0.42,0.9767,1,0.405,0.9418,1646,0
SPY190731C302,2019-07-30,2019-07-30 09:36:01,0.42,0.9767,128,0.41,0.9534,188,0.42,0.9767,1,0.415,0.9651,1646,0
SPY190731C302,2019-07-30,2019-07-30 09:36:01,0.42,0.9767,183,0.4,0.9302,830,0.42,0.9767,1,0.41,0.9534,1646,0
SPY190731C302,2019-07-30,2019-07-30 09:36:02,0.42,0.9767,137,0.41,0.9534,69,0.42,0.9767,1,0.415,0.9651,1646,0
SPY190731C302,2019-07-30,2019-07-30 09:36:02,0.42,0.9767,480,0.41,0.9534,188,0.42,0.9767,1,0.415,0.9651,1646,0
SPY190731C302,2019-07-30,2019-07-30 09:36:03,0.43,1.0,661,0.41,0.9534,376,0.42,0.9767,1,0.42,0.9767,1646,0
SPY190731C302,2019-07-30,2019-07-30 09:36:03,0.42,0.9767,8,0.41,0.9534,2073,0.42,0.9767,1,0.415,0.9651,1646,0
SPY190731C302,2019-07-30,2019-07-30 09:36:04,0.42,0.9767,2,0.41,0.9534,2128,0.42,0.9767,1,0.415,0.9651,1646,0
SPY190731C302,2019-07-30,2019-07-30 09:36:05,0.42,0.9767,1,0.41,0.9534,306,0.42,0.9767,1,0.415,0.9651,1646,0
SPY190731C302,2019-07-30,2019-07-30 09:36:05,0.42,0.9767,20,0.41,0.9534,190,0.42,0.9767,1,0.415,0.9651,1646,0
SPY190731C302,2019-07-30,2019-07-30 09:36:06,0.42,0.9767,6,0.41,0.9534,1879,0.42,0.9767,1,0.415,0.9651,1646,0
SPY190731C302,2019-07-30,2019-07-30 09:36:06,0.42,0.9767,54,0.41,0.9534,214,0.42,0.9767,1,0.415,0.9651,1646,0
SPY190731C302,2019-07-30,2019-07-30 09:36:07,0.43,1.0,312,0.42,0.9767,134,0.42,0.9767,1,0.425,0.9883,1647,1
SPY190731C302,2019-07-30,2019-07-30 09:36:07,0.42,0.9767,6,0.41,0.9534,1284,0.42,0.9767,1,0.415,0.9651,1646,0
SPY190731C302,2019-07-30,2019-07-30 09:36:08,0.43,1.0,75,0.42,0.9767,1575,0.42,0.9767,1,0.425,0.9883,1647,0
SPY190731C302,2019-07-30,2019-07-30 09:36:09,0.44,1.0232,117,0.43,1.0,86,0.42,0.9767,1,0.435,1.0116,1647,0
SPY190731C302,2019-07-30,2019-07-30 09:36:09,0.44,1.0232,39,0.43,1.0,12,0.42,0.9767,1,0.435,1.0116,1647,0
SPY190731C302,2019-07-30,2019-07-30 09:36:10,0.45,1.0465,56,0.44,1.0232,120,0.44,1.0232,50,0.445,1.0348,1697,0
SPY190731C302,2019-07-30,2019-07-30 09:36:10,0.45,1.0465,77,0.44,1.0232,13,0.44,1.0232,50,0.445,1.0348,1697,50
SPY190731C302,2019-07-30,2019-07-30 09:36:11,0.45,1.0465,99,0.44,1.0232,1027,0.44,1.0232,50,0.445,1.0348,1697,0
SPY190731C302,2019-07-30,2019-07-30 09:36:11,0.45,1.0465,91,0.44,1.0232,231,0.44,1.0232,50,0.445,1.0348,1697,0
SPY190731C302,2019-07-30,2019-07-30 09:36:12,0.45,1.0465,1,0.44,1.0232,1257,0.45,1.0465,4,0.445,1.0348,1701,4
SPY190731C302,2019-07-30,2019-07-30 09:36:12,0.45,1.0465,1,0.44,1.0232,976,0.44,1.0232,30,0.445,1.0348,1731,30
SPY190731C302,2019-07-30,2019-07-30 09:36:13,0.45,1.0465,400,0.44,1.0232,11,0.44,1.0232,30,0.445,1.0348,1731,0
SPY190731C302,2019-07-30,2019-07-30 09:36:14,0.45,1.0465,7,0.44,1.0232,223,0.44,1.0232,30,0.445,1.0348,1731,0
SPY190731C302,2019-07-30,2019-07-30 09:36:14,0.46,1.0697,814,0.44,1.0232,6,0.44,1.0232,30,0.45,1.0465,1731,0
SPY190731C302,2019-07-30,2019-07-30 09:36:15,0.45,1.0465,7,0.44,1.0232,223,0.44,1.0232,30,0.445,1.0348,1731,0
SPY190731C302,2019-07-30,2019-07-30 09:36:15,0.45,1.0465,6,0.45,1.0465,6,0.44,1.0232,30,0.45,1.0465,1731,0
SPY190731C302,2019-07-30,2019-07-30 09:36:16,0.45,1.0465,1,0.44,1.0232,685,0.44,1.0232,30,0.445,1.0348,1731,0
SPY190731C302,2019-07-30,2019-07-30 09:36:16,0.45,1.0465,400,0.44,1.0232,292,0.44,1.0232,30,0.445,1.0348,1731,0
SPY190731C302,2019-07-30,2019-07-30 09:36:17,0.46,1.0697,877,0.45,1.0465,111,0.44,1.0232,30,0.455,1.0581,1731,0
SPY190731C302,2019-07-30,2019-07-30 09:36:18,0.46,1.0697,1249,0.45,1.0465,111,0.44,1.0232,30,0.455,1.0581,1731,0
SPY190731C302,2019-07-30,2019-07-30 09:36:18,0.46,1.0697,611,0.45,1.0465,111,0.44,1.0232,30,0.455,1.0581,1731,0
SPY190731C302,2019-07-30,2019-07-30 09:36:19,0.46,1.0697,747,0.44,1.0232,372,0.46,1.0697,1,0.45,1.0465,1732,1
SPY190731C302,2019-07-30,2019-07-30 09:36:19,0.46,1.0697,965,0.44,1.0232,1031,0.46,1.0697,1,0.45,1.0465,1732,0
SPY190731C302,2019-07-30,2019-07-30 09:36:20,0.45,1.0465,7,0.44,1.0232,1611,0.45,1.0465,1,0.445,1.0348,1734,0
SPY190731C302,2019-07-30,2019-07-30 09:36:20,0.45,1.0465,7,0.44,1.0232,408,0.45,1.0465,1,0.445,1.0348,1734,2
SPY190731C302,2019-07-30,2019-07-30 09:36:21,0.46,1.0697,679,0.45,1.0465,111,0.45,1.0465,1,0.455,1.0581,1734,0
SPY190731C302,2019-07-30,2019-07-30 09:36:21,0.46,1.0697,679,0.45,1.0465,292,0.45,1.0465,1,0.455,1.0581,1734,0
SPY190731C302,2019-07-30,2019-07-30 09:36:22,0.46,1.0697,679,0.45,1.0465,292,0.45,1.0465,1,0.455,1.0581,1734,0
SPY190731C302,2019-07-30,2019-07-30 09:36:22,0.46,1.0697,480,0.45,1.0465,298,0.45,1.0465,1,0.455,1.0581,1734,0
SPY190731C302,2019-07-30,2019-07-30 09:36:23,0.46,1.0697,600,0.45,1.0465,298,0.45,1.0465,1,0.455,1.0581,1734,0
SPY190731C302,2019-07-30,2019-07-30 09:36:24,0.46,1.0697,998,0.45,1.0465,298,0.45,1.0465,1,0.455,1.0581,1734,0
SPY190731C302,2019-07-30,2019-07-30 09:36:25,0.46,1.0697,1263,0.45,1.0465,106,0.45,1.0465,1,0.455,1.0581,1734,0
SPY190731C302,2019-07-30,2019-07-30 09:36:25,0.46,1.0697,1264,0.45,1.0465,106,0.45,1.0465,1,0.455,1.0581,1734,0
SPY190731C302,2019-07-30,2019-07-30 09:36:26,0.46,1.0697,2348,0.45,1.0465,5,0.45,1.0465,1,0.455,1.0581,1734,0
SPY190731C302,2019-07-30,2019-07-30 09:36:26,0.46,1.0697,2353,0.45,1.0465,5,0.46,1.0697,1,0.455,1.0581,1735,1
SPY190731C302,2019-07-30,2019-07-30 09:36:27,0.46,1.0697,2360,0.45,1.0465,5,0.46,1.0697,1,0.455,1.0581,1735,0
SPY190731C302,2019-07-30,2019-07-30 09:36:27,0.46,1.0697,2109,0.45,1.0465,5,0.46,1.0697,1,0.455,1.0581,1735,0
SPY190731C302,2019-07-30,2019-07-30 09:36:28,0.46,1.0697,2106,0.45,1.0465,5,0.46,1.0697,1,0.455,1.0581,1735,0
SPY190731C302,2019-07-30,2019-07-30 09:36:29,0.46,1.0697,15,0.45,1.0465,186,0.46,1.0697,1,0.455,1.0581,1735,0
SPY190731C302,2019-07-30,2019-07-30 09:36:29,0.46,1.0697,13,0.45,1.0465,942,0.46,1.0697,1,0.455,1.0581,1735,0
SPY190731C302,2019-07-30,2019-07-30 09:36:30,0.46,1.0697,5,0.45,1.0465,1530,0.46,1.0697,1,0.455,1.0581,1735,0
SPY190731C302,2019-07-30,2019-07-30 09:36:30,0.47,1.093,6,0.46,1.0697,113,0.46,1.0697,5,0.465,1.0813,1740,5
SPY190731C302,2019-07-30,2019-07-30 09:36:31,0.48,1.1162,609,0.47,1.093,136,0.46,1.0697,5,0.475,1.1046,1740,0
SPY190731C302,2019-07-30,2019-07-30 09:36:31,0.48,1.1162,996,0.46,1.0697,600,0.46,1.0697,5,0.47,1.093,1740,0
SPY190731C302,2019-07-30,2019-07-30 09:36:32,0.48,1.1162,604,0.47,1.093,141,0.46,1.0697,5,0.475,1.1046,1740,0
SPY190731C302,2019-07-30,2019-07-30 09:36:32,0.48,1.1162,570,0.47,1.093,141,0.46,1.0697,5,0.475,1.1046,1740,0
SPY190731C302,2019-07-30,2019-07-30 09:36:33,0.48,1.1162,570,0.47,1.093,130,0.46,1.0697,5,0.475,1.1046,1740,0
SPY190731C302,2019-07-30,2019-07-30 09:36:34,0.49,1.1395,194,0.47,1.093,106,0.46,1.0697,5,0.48,1.1162,1740,0
SPY190731C302,2019-07-30,2019-07-30 09:36:34,0.5,1.1627,120,0.49,1.1395,288,0.46,1.0697,5,0.495,1.1511,1740,0
SPY190731C302,2019-07-30,2019-07-30 09:36:35,0.5,1.1627,173,0.49,1.1395,303,0.49,1.1395,2,0.495,1.1511,1742,2
SPY190731C302,2019-07-30,2019-07-30 09:36:35,0.5,1.1627,120,0.49,1.1395,288,0.46,1.0697,5,0.495,1.1511,1740,0
SPY190731C302,2019-07-30,2019-07-30 09:36:36,0.5,1.1627,615,0.49,1.1395,223,0.49,1.1395,5,0.495,1.1511,1747,5
SPY190731C302,2019-07-30,2019-07-30 09:36:36,0.5,1.1627,576,0.49,1.1395,223,0.49,1.1395,5,0.495,1.1511,1747,0
SPY190731C302,2019-07-30,2019-07-30 09:36:37,0.5,1.1627,1418,0.49,1.1395,17,0.49,1.1395,5,0.495,1.1511,1747,0
SPY190731C302,2019-07-30,2019-07-30 09:36:37,0.5,1.1627,560,0.49,1.1395,202,0.49,1.1395,5,0.495,1.1511,1747,0
SPY190731C302,2019-07-30,2019-07-30 09:36:38,0.49,1.1395,853,0.48,1.1162,208,0.49,1.1395,5,0.485,1.1279,1747,0
SPY190731C302,2019-07-30,2019-07-30 09:36:39,0.49,1.1395,853,0.48,1.1162,121,0.49,1.1395,5,0.485,1.1279,1747,0
SPY190731C302,2019-07-30,2019-07-30 09:36:39,0.49,1.1395,852,0.48,1.1162,208,0.49,1.1395,5,0.485,1.1279,1747,0
SPY190731C302,2019-07-30,2019-07-30 09:36:40,0.49,1.1395,679,0.48,1.1162,5,0.49,1.1395,10,0.485,1.1279,1757,10
SPY190731C302,2019-07-30,2019-07-30 09:36:40,0.49,1.1395,905,0.48,1.1162,5,0.49,1.1395,10,0.485,1.1279,1757,0
SPY190731C302,2019-07-30,2019-07-30 09:36:41,0.48,1.1162,45,0.47,1.093,194,0.49,1.1395,10,0.475,1.1046,1757,0
SPY190731C302,2019-07-30,2019-07-30 09:36:41,0.49,1.1395,1002,0.48,1.1162,142,0.49,1.1395,10,0.485,1.1279,1757,0
SPY190731C302,2019-07-30,2019-07-30 09:36:42,0.49,1.1395,684,0.48,1.1162,150,0.49,1.1395,10,0.485,1.1279,1757,0
SPY190731C302,2019-07-30,2019-07-30 09:36:42,0.49,1.1395,1894,0.48,1.1162,79,0.49,1.1395,2,0.485,1.1279,1759,2
SPY190731C302,2019-07-30,2019-07-30 09:36:43,0.49,1.1395,1894,0.47,1.093,223,0.49,1.1395,2,0.48,1.1162,1759,0
SPY190731C302,2019-07-30,2019-07-30 09:36:44,0.48,1.1162,258,0.47,1.093,223,0.49,1.1395,2,0.475,1.1046,1759,0
SPY190731C302,2019-07-30,2019-07-30 09:36:44,0.48,1.1162,6,0.47,1.093,296,0.49,1.1395,2,0.475,1.1046,1759,0
SPY190731C302,2019-07-30,2019-07-30 09:36:45,0.49,1.1395,1242,0.47,1.093,479,0.49,1.1395,2,0.48,1.1162,1759,0
SPY190731C302,2019-07-30,2019-07-30 09:36:45,0.48,1.1162,120,0.47,1.093,296,0.49,1.1395,2,0.475,1.1046,1759,0
SPY190731C302,2019-07-30,2019-07-30 09:36:46,0.48,1.1162,2,0.47,1.093,1253,0.49,1.1395,2,0.475,1.1046,1759,0
SPY190731C302,2019-07-30,2019-07-30 09:36:46,0.49,1.1395,1317,0.47,1.093,1196,0.49,1.1395,2,0.48,1.1162,1759,0
SPY190731C302,2019-07-30,2019-07-30 09:36:47,0.48,1.1162,2,0.48,1.1162,5,0.49,1.1395,2,0.48,1.1162,1759,0
SPY190731C302,2019-07-30,2019-07-30 09:36:48,0.49,1.1395,1253,0.48,1.1162,21,0.49,1.1395,2,0.485,1.1279,1759,0
SPY190731C302,2019-07-30,2019-07-30 09:36:48,0.48,1.1162,2,0.48,1.1162,11,0.49,1.1395,2,0.48,1.1162,1759,0
SPY190731C302,2019-07-30,2019-07-30 09:36:49,0.49,1.1395,87,0.48,1.1162,344,0.49,1.1395,2,0.485,1.1279,1759,0
SPY190731C302,2019-07-30,2019-07-30 09:36:49,0.49,1.1395,900,0.48,1.1162,21,0.49,1.1395,2,0.485,1.1279,1759,0
SPY190731C302,2019-07-30,2019-07-30 09:36:50,0.49,1.1395,1744,0.48,1.1162,6,0.49,1.1395,2,0.485,1.1279,1759,0
SPY190731C302,2019-07-30,2019-07-30 09:36:50,0.49,1.1395,992,0.48,1.1162,6,0.49,1.1395,2,0.485,1.1279,1759,0
SPY190731C302,2019-07-30,2019-07-30 09:36:51,0.49,1.1395,1602,0.48,1.1162,6,0.49,1.1395,2,0.485,1.1279,1759,0
SPY190731C302,2019-07-30,2019-07-30 09:36:52,0.49,1.1395,1946,0.48,1.1162,42,0.49,1.1395,2,0.485,1.1279,1759,0
SPY190731C302,2019-07-30,2019-07-30 09:36:53,0.49,1.1395,1284,0.48,1.1162,95,0.49,1.1395,2,0.485,1.1279,1759,0
SPY190731C302,2019-07-30,2019-07-30 09:36:53,0.49,1.1395,1945,0.48,1.1162,42,0.49,1.1395,2,0.485,1.1279,1759,0
SPY190731C302,2019-07-30,2019-07-30 09:36:54,0.49,1.1395,1691,0.48,1.1162,1,0.49,1.1395,2,0.485,1.1279,1759,0
SPY190731C302,2019-07-30,2019-07-30 09:36:54,0.49,1.1395,1697,0.48,1.1162,74,0.49,1.1395,2,0.485,1.1279,1759,0
SPY190731C302,2019-07-30,2019-07-30 09:36:55,0.49,1.1395,1206,0.48,1.1162,1,0.49,1.1395,2,0.485,1.1279,1759,0
SPY190731C302,2019-07-30,2019-07-30 09:36:55,0.49,1.1395,1206,0.48,1.1162,6,0.49,1.1395,2,0.485,1.1279,1759,0
SPY190731C302,2019-07-30,2019-07-30 09:36:56,0.49,1.1395,998,0.48,1.1162,6,0.49,1.1395,2,0.485,1.1279,1759,0
SPY190731C302,2019-07-30,2019-07-30 09:36:57,0.49,1.1395,127,0.48,1.1162,6,0.49,1.1395,2,0.485,1.1279,1759,0
SPY190731C302,2019-07-30,2019-07-30 09:36:58,0.49,1.1395,1452,0.48,1.1162,6,0.49,1.1395,2,0.485,1.1279,1759,0
SPY190731C302,2019-07-30,2019-07-30 09:36:58,0.49,1.1395,888,0.48,1.1162,42,0.49,1.1395,1,0.485,1.1279,1760,1
SPY190731C302,2019-07-30,2019-07-30 09:36:59,0.49,1.1395,997,0.48,1.1162,1,0.49,1.1395,1,0.485,1.1279,1760,0
SPY190731C302,2019-07-30,2019-07-30 09:36:59,0.49,1.1395,761,0.47,1.093,244,0.48,1.1162,1,0.48,1.1162,1761,1
SPY190731C302,2019-07-30,2019-07-30 09:37:00,0.49,1.1395,261,0.47,1.093,244,0.48,1.1162,1,0.48,1.1162,1761,0
SPY190731C302,2019-07-30,2019-07-30 09:37:00,0.49,1.1395,895,0.47,1.093,244,0.48,1.1162,1,0.48,1.1162,1761,0
SPY190731C302,2019-07-30,2019-07-30 09:37:01,0.49,1.1395,148,0.48,1.1162,100,0.48,1.1162,1,0.485,1.1279,1761,0
SPY190731C302,2019-07-30,2019-07-30 09:37:01,0.49,1.1395,148,0.48,1.1162,172,0.48,1.1162,1,0.485,1.1279,1761,0
SPY190731C302,2019-07-30,2019-07-30 09:37:02,0.49,1.1395,148,0.48,1.1162,190,0.48,1.1162,1,0.485,1.1279,1761,0
SPY190731C302,2019-07-30,2019-07-30 09:37:02,0.49,1.1395,148,0.48,1.1162,172,0.48,1.1162,1,0.485,1.1279,1761,0
SPY190731C302,2019-07-30,2019-07-30 09:37:03,0.49,1.1395,148,0.48,1.1162,100,0.48,1.1162,1,0.485,1.1279,1761,0
SPY190731C302,2019-07-30,2019-07-30 09:37:04,0.49,1.1395,966,0.48,1.1162,75,0.48,1.1162,1,0.485,1.1279,1761,0
SPY190731C302,2019-07-30,2019-07-30 09:37:04,0.49,1.1395,1427,0.48,1.1162,100,0.48,1.1162,1,0.485,1.1279,1761,0
SPY190731C302,2019-07-30,2019-07-30 09:37:05,0.49,1.1395,905,0.47,1.093,600,0.48,1.1162,1,0.48,1.1162,1761,0
SPY190731C302,2019-07-30,2019-07-30 09:37:05,0.49,1.1395,290,0.48,1.1162,5,0.48,1.1162,1,0.485,1.1279,1761,0
SPY190731C302,2019-07-30,2019-07-30 09:37:06,0.49,1.1395,155,0.48,1.1162,5,0.48,1.1162,1,0.485,1.1279,1761,0
SPY190731C302,2019-07-30,2019-07-30 09:37:07,0.49,1.1395,127,0.48,1.1162,324,0.48,1.1162,1,0.485,1.1279,1761,0
SPY190731C302,2019-07-30,2019-07-30 09:37:07,0.49,1.1395,127,0.48,1.1162,324,0.49,1.1395,2,0.485,1.1279,1763,2
SPY190731C302,2019-07-30,2019-07-30 09:37:08,0.49,1.1395,127,0.48,1.1162,413,0.49,1.1395,2,0.485,1.1279,1763,0
SPY190731C302,2019-07-30,2019-07-30 09:37:09,0.49,1.1395,170,0.48,1.1162,283,0.49,1.1395,2,0.485,1.1279,1763,0
SPY190731C302,2019-07-30,2019-07-30 09:37:09,0.49,1.1395,127,0.48,1.1162,335,0.49,1.1395,2,0.485,1.1279,1763,0
SPY190731C302,2019-07-30,2019-07-30 09:37:10,0.5,1.1627,50,0.49,1.1395,810,0.49,1.1395,2,0.495,1.1511,1763,0
SPY190731C302,2019-07-30,2019-07-30 09:37:10,0.5,1.1627,50,0.48,1.1162,122,0.49,1.1395,2,0.49,1.1395,1763,0
SPY190731C302,2019-07-30,2019-07-30 09:37:11,0.5,1.1627,2,0.49,1.1395,391,0.49,1.1395,2,0.495,1.1511,1763,0
SPY190731C302,2019-07-30,2019-07-30 09:37:11,0.5,1.1627,756,0.49,1.1395,5,0.49,1.1395,2,0.495,1.1511,1763,0
SPY190731C302,2019-07-30,2019-07-30 09:37:12,0.5,1.1627,756,0.49,1.1395,5,0.49,1.1395,2,0.495,1.1511,1763,0
SPY190731C302,2019-07-30,2019-07-30 09:37:13,0.49,1.1395,1208,0.47,1.093,110,0.49,1.1395,2,0.48,1.1162,1763,0
SPY190731C302,2019-07-30,2019-07-30 09:37:14,0.49,1.1395,1471,0.48,1.1162,140,0.49,1.1395,2,0.485,1.1279,1763,0
SPY190731C302,2019-07-30,2019-07-30 09:37:14,0.49,1.1395,1139,0.48,1.1162,24,0.49,1.1395,2,0.485,1.1279,1763,0
SPY190731C302,2019-07-30,2019-07-30 09:37:15,0.49,1.1395,909,0.47,1.093,198,0.49,1.1395,2,0.48,1.1162,1763,0
SPY190731C302,2019-07-30,2019-07-30 09:37:15,0.49,1.1395,1614,0.47,1.093,327,0.49,1.1395,2,0.48,1.1162,1763,0
SPY190731C302,2019-07-30,2019-07-30 09:37:16,0.48,1.1162,6,0.47,1.093,584,0.49,1.1395,2,0.475,1.1046,1763,0
SPY190731C302,2019-07-30,2019-07-30 09:37:16,0.48,1.1162,17,0.47,1.093,236,0.49,1.1395,2,0.475,1.1046,1763,0
SPY190731C302,2019-07-30,2019-07-30 09:37:17,0.48,1.1162,6,0.47,1.093,598,0.49,1.1395,2,0.475,1.1046,1763,0
SPY190731C302,2019-07-30,2019-07-30 09:37:17,0.49,1.1395,1798,0.48,1.1162,142,0.49,1.1395,2,0.485,1.1279,1763,0
SPY190731C302,2019-07-30,2019-07-30 09:37:18,0.49,1.1395,1068,0.48,1.1162,166,0.49,1.1395,2,0.485,1.1279,1763,0
SPY190731C302,2019-07-30,2019-07-30 09:37:19,0.49,1.1395,1151,0.48,1.1162,142,0.49,1.1395,2,0.485,1.1279,1763,0
SPY190731C302,2019-07-30,2019-07-30 09:37:20,0.49,1.1395,1151,0.48,1.1162,142,0.49,1.1395,2,0.485,1.1279,1763,0
SPY190731C302,2019-07-30,2019-07-30 09:37:21,0.49,1.1395,879,0.48,1.1162,142,0.49,1.1395,2,0.485,1.1279,1763,0
SPY190731C302,2019-07-30,2019-07-30 09:37:22,0.49,1.1395,97,0.48,1.1162,316,0.49,1.1395,2,0.485,1.1279,1763,0
SPY190731C302,2019-07-30,2019-07-30 09:37:22,0.49,1.1395,360,0.48,1.1162,138,0.49,1.1395,2,0.485,1.1279,1763,0
SPY190731C302,2019-07-30,2019-07-30 09:37:23,0.49,1.1395,10,0.48,1.1162,316,0.49,1.1395,2,0.485,1.1279,1763,0
SPY190731C302,2019-07-30,2019-07-30 09:37:24,0.5,1.1627,1357,0.49,1.1395,98,0.49,1.1395,2,0.495,1.1511,1763,0
SPY190731C302,2019-07-30,2019-07-30 09:37:24,0.5,1.1627,857,0.49,1.1395,236,0.49,1.1395,2,0.495,1.1511,1763,0
SPY190731C302,2019-07-30,2019-07-30 09:37:25,0.5,1.1627,1295,0.49,1.1395,159,0.49,1.1395,2,0.495,1.1511,1763,0
SPY190731C302,2019-07-30,2019-07-30 09:37:25,0.5,1.1627,660,0.49,1.1395,5,0.49,1.1395,2,0.495,1.1511,1763,0
SPY190731C302,2019-07-30,2019-07-30 09:37:26,0.5,1.1627,720,0.49,1.1395,100,0.49,1.1395,2,0.495,1.1511,1763,0
SPY190731C302,2019-07-30,2019-07-30 09:37:27,0.5,1.1627,10,0.49,1.1395,306,0.49,1.1395,2,0.495,1.1511,1763,0
SPY190731C302,2019-07-30,2019-07-30 09:37:27,0.5,1.1627,11,0.49,1.1395,352,0.49,1.1395,2,0.495,1.1511,1763,0
SPY190731C302,2019-07-30,2019-07-30 09:37:28,0.5,1.1627,2,0.49,1.1395,1002,0.49,1.1395,2,0.495,1.1511,1763,0
SPY190731C302,2019-07-30,2019-07-30 09:37:28,0.5,1.1627,11,0.49,1.1395,961,0.49,1.1395,2,0.495,1.1511,1763,0
SPY190731C302,2019-07-30,2019-07-30 09:37:29,0.5,1.1627,2,0.49,1.1395,2385,0.49,1.1395,2,0.495,1.1511,1763,0
SPY190731C302,2019-07-30,2019-07-30 09:37:29,0.5,1.1627,2,0.49,1.1395,1207,0.49,1.1395,2,0.495,1.1511,1763,0
SPY190731C302,2019-07-30,2019-07-30 09:37:30,0.51,1.186,10,0.49,1.1395,2608,0.5,1.1627,2,0.5,1.1627,1765,2
SPY190731C302,2019-07-30,2019-07-30 09:37:31,0.52,1.2093,732,0.51,1.186,212,0.5,1.1627,2,0.515,1.1976,1765,0
SPY190731C302,2019-07-30,2019-07-30 09:37:31,0.52,1.2093,600,0.51,1.186,212,0.5,1.1627,2,0.515,1.1976,1765,0
SPY190731C302,2019-07-30,2019-07-30 09:37:32,0.52,1.2093,633,0.51,1.186,204,0.5,1.1627,2,0.515,1.1976,1765,0
SPY190731C302,2019-07-30,2019-07-30 09:37:32,0.52,1.2093,994,0.51,1.186,38,0.5,1.1627,2,0.515,1.1976,1765,0
SPY190731C302,2019-07-30,2019-07-30 09:37:33,0.52,1.2093,925,0.51,1.186,119,0.5,1.1627,2,0.515,1.1976,1765,0
SPY190731C302,2019-07-30,2019-07-30 09:37:33,0.52,1.2093,794,0.51,1.186,119,0.5,1.1627,2,0.515,1.1976,1765,0
SPY190731C302,2019-07-30,2019-07-30 09:37:34,0.52,1.2093,1653,0.51,1.186,5,0.5,1.1627,2,0.515,1.1976,1765,0
SPY190731C302,2019-07-30,2019-07-30 09:37:35,0.52,1.2093,1102,0.51,1.186,5,0.5,1.1627,2,0.515,1.1976,1765,0
SPY190731C302,2019-07-30,2019-07-30 09:37:35,0.52,1.2093,1683,0.51,1.186,131,0.5,1.1627,2,0.515,1.1976,1765,0
SPY190731C302,2019-07-30,2019-07-30 09:37:36,0.52,1.2093,1388,0.51,1.186,45,0.5,1.1627,2,0.515,1.1976,1765,0
SPY190731C302,2019-07-30,2019-07-30 09:37:36,0.52,1.2093,1618,0.5,1.1627,2090,0.5,1.1627,2,0.51,1.186,1765,0
SPY190731C302,2019-07-30,2019-07-30 09:37:37,0.52,1.2093,1618,0.51,1.186,8,0.5,1.1627,2,0.515,1.1976,1765,0
SPY190731C302,2019-07-30,2019-07-30 09:37:37,0.52,1.2093,393,0.51,1.186,6,0.5,1.1627,2,0.515,1.1976,1765,0
SPY190731C302,2019-07-30,2019-07-30 09:37:38,0.52,1.2093,308,0.5,1.1627,1090,0.5,1.1627,2,0.51,1.186,1765,0
SPY190731C302,2019-07-30,2019-07-30 09:37:39,0.52,1.2093,1025,0.51,1.186,19,0.52,1.2093,5,0.515,1.1976,1775,10
SPY190731C302,2019-07-30,2019-07-30 09:37:39,0.52,1.2093,1,0.51,1.186,691,0.52,1.2093,5,0.515,1.1976,1775,0
SPY190731C302,2019-07-30,2019-07-30 09:37:40,0.53,1.2325,154,0.52,1.2093,109,0.52,1.2093,1,0.525,1.2209,1780,0
SPY190731C302,2019-07-30,2019-07-30 09:37:40,0.53,1.2325,110,0.52,1.2093,119,0.52,1.2093,1,0.525,1.2209,1780,5
SPY190731C302,2019-07-30,2019-07-30 09:37:41,0.53,1.2325,267,0.52,1.2093,33,0.52,1.2093,1,0.525,1.2209,1780,0
SPY190731C302,2019-07-30,2019-07-30 09:37:42,0.52,1.2093,5,0.51,1.186,240,0.52,1.2093,1,0.515,1.1976,1780,0
SPY190731C302,2019-07-30,2019-07-30 09:37:42,0.53,1.2325,407,0.52,1.2093,33,0.52,1.2093,1,0.525,1.2209,1780,0
SPY190731C302,2019-07-30,2019-07-30 09:37:43,0.53,1.2325,872,0.51,1.186,512,0.52,1.2093,1,0.52,1.2093,1780,0
SPY190731C302,2019-07-30,2019-07-30 09:37:43,0.53,1.2325,874,0.51,1.186,221,0.52,1.2093,1,0.52,1.2093,1780,0
SPY190731C302,2019-07-30,2019-07-30 09:37:44,0.53,1.2325,254,0.52,1.2093,66,0.52,1.2093,1,0.525,1.2209,1780,0
SPY190731C302,2019-07-30,2019-07-30 09:37:45,0.53,1.2325,128,0.52,1.2093,11,0.52,1.2093,1,0.525,1.2209,1780,0
SPY190731C302,2019-07-30,2019-07-30 09:37:45,0.53,1.2325,693,0.52,1.2093,11,0.52,1.2093,1,0.525,1.2209,1780,0
SPY190731C302,2019-07-30,2019-07-30 09:37:46,0.53,1.2325,995,0.52,1.2093,11,0.52,1.2093,1,0.525,1.2209,1780,0
SPY190731C302,2019-07-30,2019-07-30 09:37:47,0.53,1.2325,1591,0.52,1.2093,11,0.53,1.2325,5,0.525,1.2209,1785,0
SPY190731C302,2019-07-30,2019-07-30 09:37:47,0.53,1.2325,660,0.52,1.2093,11,0.53,1.2325,5,0.525,1.2209,1785,5
SPY190731C302,2019-07-30,2019-07-30 09:37:48,0.53,1.2325,1639,0.52,1.2093,11,0.53,1.2325,5,0.525,1.2209,1785,0
SPY190731C302,2019-07-30,2019-07-30 09:37:48,0.53,1.2325,300,0.52,1.2093,11,0.53,1.2325,5,0.525,1.2209,1785,0
SPY190731C302,2019-07-30,2019-07-30 09:37:49,0.53,1.2325,1639,0.52,1.2093,11,0.53,1.2325,5,0.525,1.2209,1785,0
SPY190731C302,2019-07-30,2019-07-30 09:37:49,0.52,1.2093,307,0.51,1.186,116,0.52,1.2093,11,0.515,1.1976,1796,11
SPY190731C302,2019-07-30,2019-07-30 09:37:50,0.52,1.2093,119,0.51,1.186,180,0.52,1.2093,11,0.515,1.1976,1796,0
SPY190731C302,2019-07-30,2019-07-30 09:37:51,0.53,1.2325,250,0.51,1.186,204,0.52,1.2093,11,0.52,1.2093,1796,0
SPY190731C302,2019-07-30,2019-07-30 09:37:51,0.52,1.2093,412,0.51,1.186,5,0.52,1.2093,11,0.515,1.1976,1796,0
SPY190731C302,2019-07-30,2019-07-30 09:37:52,0.52,1.2093,56,0.51,1.186,221,0.51,1.186,5,0.515,1.1976,1806,10
SPY190731C302,2019-07-30,2019-07-30 09:37:52,0.52,1.2093,148,0.51,1.186,271,0.51,1.186,5,0.515,1.1976,1806,0
SPY190731C302,2019-07-30,2019-07-30 09:37:53,0.52,1.2093,68,0.51,1.186,653,0.51,1.186,5,0.515,1.1976,1806,0
SPY190731C302,2019-07-30,2019-07-30 09:37:53,0.52,1.2093,1,0.51,1.186,745,0.51,1.186,5,0.515,1.1976,1806,0
SPY190731C302,2019-07-30,2019-07-30 09:37:54,0.52,1.2093,1,0.51,1.186,1117,0.51,1.186,5,0.515,1.1976,1806,0
SPY190731C302,2019-07-30,2019-07-30 09:37:54,0.52,1.2093,16,0.51,1.186,445,0.51,1.186,5,0.515,1.1976,1806,0
SPY190731C302,2019-07-30,2019-07-30 09:37:55,0.52,1.2093,434,0.5,1.1627,854,0.51,1.186,5,0.51,1.186,1806,0
SPY190731C302,2019-07-30,2019-07-30 09:37:56,0.51,1.186,14,0.5,1.1627,862,0.51,1.186,5,0.505,1.1744,1806,0
SPY190731C302,2019-07-30,2019-07-30 09:37:56,0.51,1.186,8,0.5,1.1627,1150,0.51,1.186,5,0.505,1.1744,1806,0
SPY190731C302,2019-07-30,2019-07-30 09:37:57,0.51,1.186,14,0.5,1.1627,862,0.51,1.186,5,0.505,1.1744,1806,0
SPY190731C302,2019-07-30,2019-07-30 09:37:57,0.51,1.186,14,0.5,1.1627,861,0.51,1.186,5,0.505,1.1744,1806,0
SPY190731C302,2019-07-30,2019-07-30 09:37:58,0.51,1.186,10,0.5,1.1627,1526,0.51,1.186,5,0.505,1.1744,1806,0
SPY190731C302,2019-07-30,2019-07-30 09:37:58,0.52,1.2093,1,0.51,1.186,155,0.51,1.186,10,0.515,1.1976,1816,10
SPY190731C302,2019-07-30,2019-07-30 09:37:59,0.52,1.2093,1,0.51,1.186,943,0.52,1.2093,1,0.515,1.1976,1817,1
SPY190731C302,2019-07-30,2019-07-30 09:37:59,0.53,1.2325,334,0.52,1.2093,16,0.52,1.2093,1,0.525,1.2209,1817,0
SPY190731C302,2019-07-30,2019-07-30 09:38:00,0.53,1.2325,454,0.52,1.2093,16,0.52,1.2093,1,0.525,1.2209,1817,0
SPY190731C302,2019-07-30,2019-07-30 09:38:00,0.52,1.2093,91,0.51,1.186,11,0.52,1.2093,1,0.515,1.1976,1817,0
SPY190731C302,2019-07-30,2019-07-30 09:38:01,0.52,1.2093,1152,0.5,1.1627,1091,0.52,1.2093,5,0.51,1.186,1822,5
SPY190731C302,2019-07-30,2019-07-30 09:38:02,0.52,1.2093,901,0.5,1.1627,1091,0.52,1.2093,5,0.51,1.186,1822,0
SPY190731C302,2019-07-30,2019-07-30 09:38:03,0.51,1.186,6,0.5,1.1627,817,0.52,1.2093,5,0.505,1.1744,1822,0
SPY190731C302,2019-07-30,2019-07-30 09:38:03,0.52,1.2093,901,0.5,1.1627,1091,0.52,1.2093,5,0.51,1.186,1822,0
SPY190731C302,2019-07-30,2019-07-30 09:38:04,0.51,1.186,65,0.5,1.1627,106,0.52,1.2093,5,0.505,1.1744,1822,0
SPY190731C302,2019-07-30,2019-07-30 09:38:04,0.51,1.186,6,0.5,1.1627,817,0.52,1.2093,5,0.505,1.1744,1822,0
SPY190731C302,2019-07-30,2019-07-30 09:38:05,0.53,1.2325,744,0.52,1.2093,17,0.52,1.2093,5,0.525,1.2209,1822,0
SPY190731C302,2019-07-30,2019-07-30 09:38:05,0.52,1.2093,198,0.51,1.186,18,0.52,1.2093,5,0.515,1.1976,1822,0
SPY190731C302,2019-07-30,2019-07-30 09:38:06,0.53,1.2325,849,0.52,1.2093,92,0.52,1.2093,5,0.525,1.2209,1822,0
SPY190731C302,2019-07-30,2019-07-30 09:38:07,0.53,1.2325,851,0.51,1.186,942,0.52,1.2093,2,0.52,1.2093,1824,2
SPY190731C302,2019-07-30,2019-07-30 09:38:07,0.52,1.2093,6,0.51,1.186,942,0.52,1.2093,2,0.515,1.1976,1824,0
SPY190731C302,2019-07-30,2019-07-30 09:38:08,0.53,1.2325,1137,0.52,1.2093,114,0.52,1.2093,2,0.525,1.2209,1824,0
SPY190731C302,2019-07-30,2019-07-30 09:38:08,0.52,1.2093,6,0.52,1.2093,114,0.52,1.2093,2,0.52,1.2093,1824,0
SPY190731C302,2019-07-30,2019-07-30 09:38:09,0.53,1.2325,569,0.52,1.2093,158,0.52,1.2093,2,0.525,1.2209,1824,0
SPY190731C302,2019-07-30,2019-07-30 09:38:09,0.53,1.2325,536,0.52,1.2093,114,0.52,1.2093,2,0.525,1.2209,1824,0
SPY190731C302,2019-07-30,2019-07-30 09:38:10,0.53,1.2325,252,0.52,1.2093,5,0.52,1.2093,51,0.525,1.2209,1875,51
SPY190731C302,2019-07-30,2019-07-30 09:38:10,0.53,1.2325,252,0.52,1.2093,100,0.52,1.2093,5,0.525,1.2209,1888,13
SPY190731C302,2019-07-30,2019-07-30 09:38:11,0.53,1.2325,292,0.52,1.2093,10,0.52,1.2093,14,0.525,1.2209,1974,86
SPY190731C302,2019-07-30,2019-07-30 09:38:12,0.53,1.2325,1313,0.52,1.2093,10,0.53,1.2325,1,0.525,1.2209,1975,0
SPY190731C302,2019-07-30,2019-07-30 09:38:12,0.53,1.2325,868,0.52,1.2093,33,0.53,1.2325,1,0.525,1.2209,1975,1
SPY190731C302,2019-07-30,2019-07-30 09:38:13,0.53,1.2325,1002,0.52,1.2093,10,0.53,1.2325,1,0.525,1.2209,1975,0
SPY190731C302,2019-07-30,2019-07-30 09:38:13,0.53,1.2325,1743,0.52,1.2093,10,0.53,1.2325,1,0.525,1.2209,1975,0
SPY190731C302,2019-07-30,2019-07-30 09:38:14,0.53,1.2325,1147,0.52,1.2093,10,0.53,1.2325,1,0.525,1.2209,1975,0
SPY190731C302,2019-07-30,2019-07-30 09:38:15,0.53,1.2325,1677,0.52,1.2093,10,0.53,1.2325,1,0.525,1.2209,1975,0
SPY190731C302,2019-07-30,2019-07-30 09:38:15,0.53,1.2325,1877,0.52,1.2093,10,0.53,1.2325,1,0.525,1.2209,1975,0
SPY190731C302,2019-07-30,2019-07-30 09:38:16,0.52,1.2093,241,0.5,1.1627,676,0.52,1.2093,10,0.51,1.186,1985,10
SPY190731C302,2019-07-30,2019-07-30 09:38:16,0.52,1.2093,826,0.5,1.1627,857,0.52,1.2093,10,0.51,1.186,1985,0
SPY190731C302,2019-07-30,2019-07-30 09:38:17,0.51,1.186,2,0.5,1.1627,621,0.52,1.2093,10,0.505,1.1744,1985,0
SPY190731C302,2019-07-30,2019-07-30 09:38:18,0.52,1.2093,753,0.51,1.186,5,0.52,1.2093,10,0.515,1.1976,1985,0
SPY190731C302,2019-07-30,2019-07-30 09:38:18,0.52,1.2093,191,0.51,1.186,5,0.52,1.2093,10,0.515,1.1976,1985,0
SPY190731C302,2019-07-30,2019-07-30 09:38:19,0.52,1.2093,199,0.51,1.186,5,0.52,1.2093,10,0.515,1.1976,1985,0
SPY190731C302,2019-07-30,2019-07-30 09:38:19,0.52,1.2093,636,0.51,1.186,5,0.52,1.2093,10,0.515,1.1976,1985,0
SPY190731C302,2019-07-30,2019-07-30 09:38:20,0.52,1.2093,214,0.51,1.186,5,0.52,1.2093,10,0.515,1.1976,1985,0
SPY190731C302,2019-07-30,2019-07-30 09:38:20,0.51,1.186,6,0.5,1.1627,1278,0.52,1.2093,10,0.505,1.1744,1985,0
SPY190731C302,2019-07-30,2019-07-30 09:38:21,0.51,1.186,10,0.5,1.1627,1278,0.52,1.2093,10,0.505,1.1744,1985,0
SPY190731C302,2019-07-30,2019-07-30 09:38:21,0.51,1.186,12,0.5,1.1627,1278,0.52,1.2093,10,0.505,1.1744,1985,0
SPY190731C302,2019-07-30,2019-07-30 09:38:22,0.51,1.186,239,0.5,1.1627,182,0.52,1.2093,10,0.505,1.1744,1985,0
SPY190731C302,2019-07-30,2019-07-30 09:38:23,0.51,1.186,550,0.5,1.1627,100,0.52,1.2093,10,0.505,1.1744,1985,0
SPY190731C302,2019-07-30,2019-07-30 09:38:23,0.51,1.186,239,0.5,1.1627,182,0.52,1.2093,10,0.505,1.1744,1985,0
SPY190731C302,2019-07-30,2019-07-30 09:38:24,0.51,1.186,269,0.49,1.1395,792,0.52,1.2093,10,0.5,1.1627,1985,0
SPY190731C302,2019-07-30,2019-07-30 09:38:24,0.51,1.186,550,0.5,1.1627,100,0.52,1.2093,10,0.505,1.1744,1985,0
SPY190731C302,2019-07-30,2019-07-30 09:38:25,0.5,1.1627,100,0.49,1.1395,802,0.52,1.2093,10,0.495,1.1511,1985,0
SPY190731C302,2019-07-30,2019-07-30 09:38:25,0.5,1.1627,10,0.49,1.1395,802,0.52,1.2093,10,0.495,1.1511,1985,0
SPY190731C302,2019-07-30,2019-07-30 09:38:26,0.5,1.1627,31,0.49,1.1395,480,0.52,1.2093,10,0.495,1.1511,1985,0
SPY190731C302,2019-07-30,2019-07-30 09:38:26,0.5,1.1627,31,0.49,1.1395,672,0.52,1.2093,10,0.495,1.1511,1985,0
SPY190731C302,2019-07-30,2019-07-30 09:38:27,0.5,1.1627,137,0.49,1.1395,752,0.52,1.2093,10,0.495,1.1511,1985,0
SPY190731C302,2019-07-30,2019-07-30 09:38:27,0.5,1.1627,150,0.49,1.1395,672,0.52,1.2093,10,0.495,1.1511,1985,0
SPY190731C302,2019-07-30,2019-07-30 09:38:28,0.5,1.1627,65,0.49,1.1395,67,0.52,1.2093,10,0.495,1.1511,1985,0
SPY190731C302,2019-07-30,2019-07-30 09:38:29,0.5,1.1627,200,0.49,1.1395,114,0.52,1.2093,10,0.495,1.1511,1985,0
SPY190731C302,2019-07-30,2019-07-30 09:38:29,0.52,1.2093,1,0.49,1.1395,644,0.52,1.2093,10,0.505,1.1744,1985,0
SPY190731C302,2019-07-30,2019-07-30 09:38:30,0.52,1.2093,291,0.5,1.1627,874,0.52,1.2093,25,0.51,1.186,2010,25
SPY190731C302,2019-07-30,2019-07-30 09:38:30,0.52,1.2093,200,0.51,1.186,73,0.52,1.2093,25,0.515,1.1976,2010,0
SPY190731C302,2019-07-30,2019-07-30 09:38:31,0.52,1.2093,344,0.51,1.186,7,0.52,1.2093,25,0.515,1.1976,2010,0
SPY190731C302,2019-07-30,2019-07-30 09:38:31,0.52,1.2093,205,0.51,1.186,7,0.52,1.2093,25,0.515,1.1976,2010,0
SPY190731C302,2019-07-30,2019-07-30 09:38:32,0.52,1.2093,521,0.51,1.186,12,0.52,1.2093,25,0.515,1.1976,2010,0
SPY190731C302,2019-07-30,2019-07-30 09:38:32,0.52,1.2093,865,0.51,1.186,12,0.52,1.2093,25,0.515,1.1976,2010,0
SPY190731C302,2019-07-30,2019-07-30 09:38:33,0.52,1.2093,521,0.51,1.186,33,0.52,1.2093,25,0.515,1.1976,2010,0
SPY190731C302,2019-07-30,2019-07-30 09:38:34,0.52,1.2093,778,0.51,1.186,100,0.52,1.2093,25,0.515,1.1976,2010,0
SPY190731C302,2019-07-30,2019-07-30 09:38:34,0.53,1.2325,31,0.51,1.186,555,0.52,1.2093,1,0.52,1.2093,2011,1
SPY190731C302,2019-07-30,2019-07-30 09:38:35,0.53,1.2325,456,0.52,1.2093,10,0.52,1.2093,1,0.525,1.2209,2011,0
SPY190731C302,2019-07-30,2019-07-30 09:38:35,0.52,1.2093,194,0.51,1.186,678,0.52,1.2093,1,0.515,1.1976,2011,0
SPY190731C302,2019-07-30,2019-07-30 09:38:36,0.53,1.2325,110,0.52,1.2093,10,0.52,1.2093,1,0.525,1.2209,2011,0
SPY190731C302,2019-07-30,2019-07-30 09:38:36,0.53,1.2325,420,0.52,1.2093,10,0.52,1.2093,1,0.525,1.2209,2011,0
SPY190731C302,2019-07-30,2019-07-30 09:38:37,0.52,1.2093,257,0.51,1.186,271,0.52,1.2093,1,0.515,1.1976,2011,0
SPY190731C302,2019-07-30,2019-07-30 09:38:37,0.52,1.2093,182,0.51,1.186,345,0.52,1.2093,1,0.515,1.1976,2011,0
SPY190731C302,2019-07-30,2019-07-30 09:38:38,0.52,1.2093,182,0.51,1.186,804,0.52,1.2093,1,0.515,1.1976,2011,0
SPY190731C302,2019-07-30,2019-07-30 09:38:39,0.52,1.2093,5,0.51,1.186,220,0.52,1.2093,1,0.515,1.1976,2011,0
SPY190731C302,2019-07-30,2019-07-30 09:38:39,0.52,1.2093,73,0.51,1.186,220,0.52,1.2093,1,0.515,1.1976,2011,0
SPY190731C302,2019-07-30,2019-07-30 09:38:40,0.52,1.2093,5,0.51,1.186,220,0.52,1.2093,1,0.515,1.1976,2011,0
SPY190731C302,2019-07-30,2019-07-30 09:38:40,0.52,1.2093,5,0.51,1.186,231,0.52,1.2093,1,0.515,1.1976,2011,0
SPY190731C302,2019-07-30,2019-07-30 09:38:41,0.51,1.186,5,0.5,1.1627,967,0.52,1.2093,1,0.505,1.1744,2011,0
SPY190731C302,2019-07-30,2019-07-30 09:38:41,0.52,1.2093,75,0.51,1.186,21,0.52,1.2093,1,0.515,1.1976,2011,0
SPY190731C302,2019-07-30,2019-07-30 09:38:42,0.52,1.2093,182,0.51,1.186,11,0.51,1.186,5,0.515,1.1976,2016,5
SPY190731C302,2019-07-30,2019-07-30 09:38:42,0.52,1.2093,257,0.51,1.186,229,0.51,1.186,5,0.515,1.1976,2016,0
SPY190731C302,2019-07-30,2019-07-30 09:38:43,0.52,1.2093,319,0.51,1.186,159,0.51,1.186,5,0.515,1.1976,2016,0
SPY190731C302,2019-07-30,2019-07-30 09:38:43,0.51,1.186,30,0.5,1.1627,22,0.51,1.186,5,0.505,1.1744,2016,0
SPY190731C302,2019-07-30,2019-07-30 09:38:44,0.51,1.186,30,0.5,1.1627,22,0.51,1.186,5,0.505,1.1744,2016,0
SPY190731C302,2019-07-30,2019-07-30 09:38:45,0.51,1.186,508,0.5,1.1627,1,0.51,1.186,5,0.505,1.1744,2016,0
SPY190731C302,2019-07-30,2019-07-30 09:38:45,0.51,1.186,964,0.5,1.1627,21,0.51,1.186,5,0.505,1.1744,2016,0
SPY190731C302,2019-07-30,2019-07-30 09:38:46,0.5,1.1627,5,0.49,1.1395,215,0.5,1.1627,1,0.495,1.1511,2017,0
SPY190731C302,2019-07-30,2019-07-30 09:38:46,0.51,1.186,1385,0.49,1.1395,753,0.5,1.1627,1,0.5,1.1627,2017,1
SPY190731C302,2019-07-30,2019-07-30 09:38:47,0.5,1.1627,332,0.49,1.1395,153,0.5,1.1627,1,0.495,1.1511,2017,0
SPY190731C302,2019-07-30,2019-07-30 09:38:47,0.5,1.1627,332,0.49,1.1395,142,0.5,1.1627,1,0.495,1.1511,2017,0
SPY190731C302,2019-07-30,2019-07-30 09:38:48,0.5,1.1627,125,0.49,1.1395,140,0.5,1.1627,5,0.495,1.1511,2022,5
SPY190731C302,2019-07-30,2019-07-30 09:38:48,0.49,1.1395,5,0.49,1.1395,6,0.5,1.1627,5,0.49,1.1395,2022,0
SPY190731C302,2019-07-30,2019-07-30 09:38:49,0.49,1.1395,5,0.48,1.1162,235,0.5,1.1627,5,0.485,1.1279,2022,0
SPY190731C302,2019-07-30,2019-07-30 09:38:50,0.5,1.1627,122,0.49,1.1395,21,0.5,1.1627,5,0.495,1.1511,2022,0
SPY190731C302,2019-07-30,2019-07-30 09:38:50,0.49,1.1395,5,0.49,1.1395,17,0.5,1.1627,5,0.49,1.1395,2022,0
SPY190731C302,2019-07-30,2019-07-30 09:38:51,0.49,1.1395,5,0.48,1.1162,326,0.5,1.1627,5,0.485,1.1279,2022,0
SPY190731C302,2019-07-30,2019-07-30 09:38:51,0.49,1.1395,19,0.48,1.1162,130,0.5,1.1627,5,0.485,1.1279,2022,0
SPY190731C302,2019-07-30,2019-07-30 09:38:52,0.49,1.1395,194,0.48,1.1162,133,0.5,1.1627,5,0.485,1.1279,2022,0
SPY190731C302,2019-07-30,2019-07-30 09:38:53,0.49,1.1395,274,0.48,1.1162,171,0.5,1.1627,5,0.485,1.1279,2022,0
SPY190731C302,2019-07-30,2019-07-30 09:38:53,0.49,1.1395,274,0.48,1.1162,106,0.5,1.1627,5,0.485,1.1279,2022,0
SPY190731C302,2019-07-30,2019-07-30 09:38:54,0.49,1.1395,5,0.48,1.1162,86,0.49,1.1395,28,0.485,1.1279,2142,120
SPY190731C302,2019-07-30,2019-07-30 09:38:54,0.49,1.1395,274,0.48,1.1162,325,0.5,1.1627,5,0.485,1.1279,2022,0
SPY190731C302,2019-07-30,2019-07-30 09:38:55,0.49,1.1395,274,0.48,1.1162,350,0.49,1.1395,28,0.485,1.1279,2142,0
SPY190731C302,2019-07-30,2019-07-30 09:38:55,0.49,1.1395,274,0.48,1.1162,723,0.49,1.1395,28,0.485,1.1279,2142,0
SPY190731C302,2019-07-30,2019-07-30 09:38:56,0.49,1.1395,221,0.48,1.1162,80,0.49,1.1395,28,0.485,1.1279,2142,0
SPY190731C302,2019-07-30,2019-07-30 09:38:56,0.49,1.1395,5,0.48,1.1162,1558,0.49,1.1395,28,0.485,1.1279,2142,0
SPY190731C302,2019-07-30,2019-07-30 09:38:57,0.49,1.1395,194,0.48,1.1162,317,0.49,1.1395,28,0.485,1.1279,2142,0
SPY190731C302,2019-07-30,2019-07-30 09:38:57,0.49,1.1395,6,0.47,1.093,723,0.49,1.1395,28,0.48,1.1162,2142,0
SPY190731C302,2019-07-30,2019-07-30 09:38:58,0.49,1.1395,194,0.48,1.1162,403,0.49,1.1395,28,0.485,1.1279,2142,0
SPY190731C302,2019-07-30,2019-07-30 09:38:59,0.49,1.1395,194,0.48,1.1162,1004,0.49,1.1395,28,0.485,1.1279,2142,0
SPY190731C302,2019-07-30,2019-07-30 09:38:59,0.49,1.1395,194,0.48,1.1162,1357,0.49,1.1395,28,0.485,1.1279,2142,0
SPY190731C302,2019-07-30,2019-07-30 09:39:00,0.49,1.1395,274,0.48,1.1162,210,0.49,1.1395,28,0.485,1.1279,2142,0
SPY190731C302,2019-07-30,2019-07-30 09:39:00,0.49,1.1395,565,0.48,1.1162,80,0.49,1.1395,28,0.485,1.1279,2142,0
SPY190731C302,2019-07-30,2019-07-30 09:39:01,0.48,1.1162,5,0.47,1.093,374,0.49,1.1395,28,0.475,1.1046,2142,0
SPY190731C302,2019-07-30,2019-07-30 09:39:01,0.48,1.1162,5,0.47,1.093,192,0.49,1.1395,28,0.475,1.1046,2142,0
SPY190731C302,2019-07-30,2019-07-30 09:39:02,0.48,1.1162,450,0.46,1.0697,673,0.49,1.1395,28,0.47,1.093,2142,0
