symbol,Date,quote_time,ask_price,norm_ask_price,ask_size,bid_price,norm_bid_price,bid_size,last_trade_price,norm_last_trade_price,last_trade_size,mark_price,norm_mark_price,volume,Volume
SPY190715P298,2019-07-12,2019-07-12 09:30:00.000,0.42,1.00,582,0.40,0.9523,296,0.40,0.9523,4,0.41,0.9761,12509,12509
SPY190715P298,2019-07-12,2019-07-12 09:30:05.000,0.24,0.5714,5,0.23,0.5476,15,0.40,0.9523,4,0.235,0.5595,0,-12509
SPY190715P298,2019-07-12,2019-07-12 09:30:06.000,0.24,0.5714,5,0.22,0.5238,170,0.40,0.9523,4,0.23,0.5476,0,0
SPY190715P298,2019-07-12,2019-07-12 09:30:07.000,0.24,0.5714,308,0.22,0.5238,4,0.40,0.9523,4,0.23,0.5476,0,0
SPY190715P298,2019-07-12,2019-07-12 09:30:08.000,0.24,0.5714,308,0.22,0.5238,100,0.40,0.9523,4,0.23,0.5476,0,0
SPY190715P298,2019-07-12,2019-07-12 09:30:09.000,0.24,0.5714,308,0.22,0.5238,100,0.40,0.9523,4,0.23,0.5476,0,0
SPY190715P298,2019-07-12,2019-07-12 09:30:10.000,0.23,0.5476,95,0.22,0.5238,355,0.40,0.9523,4,0.225,0.5357,0,0
SPY190715P298,2019-07-12,2019-07-12 09:30:10.000,0.24,0.5714,308,0.22,0.5238,100,0.40,0.9523,4,0.23,0.5476,0,0
SPY190715P298,2019-07-12,2019-07-12 09:30:11.000,0.23,0.5476,95,0.22,0.5238,120,0.40,0.9523,4,0.225,0.5357,0,0
SPY190715P298,2019-07-12,2019-07-12 09:30:11.000,0.23,0.5476,95,0.22,0.5238,355,0.40,0.9523,4,0.225,0.5357,0,0
SPY190715P298,2019-07-12,2019-07-12 09:30:12.000,0.23,0.5476,95,0.22,0.5238,150,0.40,0.9523,4,0.225,0.5357,0,0
SPY190715P298,2019-07-12,2019-07-12 09:30:13.000,0.23,0.5476,95,0.22,0.5238,606,0.24,0.5714,4,0.225,0.5357,4,0
SPY190715P298,2019-07-12,2019-07-12 09:30:13.000,0.23,0.5476,95,0.22,0.5238,606,0.24,0.5714,4,0.225,0.5357,4,4
SPY190715P298,2019-07-12,2019-07-12 09:30:14.000,0.23,0.5476,50,0.22,0.5238,1328,0.24,0.5714,4,0.225,0.5357,4,0
SPY190715P298,2019-07-12,2019-07-12 09:30:15.000,0.24,0.5714,145,0.23,0.5476,10,0.24,0.5714,4,0.235,0.5595,4,0
SPY190715P298,2019-07-12,2019-07-12 09:30:15.000,0.24,0.5714,390,0.23,0.5476,315,0.24,0.5714,4,0.235,0.5595,4,0
SPY190715P298,2019-07-12,2019-07-12 09:30:16.000,0.24,0.5714,214,0.23,0.5476,10,0.24,0.5714,4,0.235,0.5595,4,0
SPY190715P298,2019-07-12,2019-07-12 09:30:16.000,0.24,0.5714,1440,0.22,0.5238,1368,0.24,0.5714,4,0.23,0.5476,4,0
SPY190715P298,2019-07-12,2019-07-12 09:30:17.000,0.23,0.5476,5,0.22,0.5238,650,0.24,0.5714,4,0.225,0.5357,4,0
SPY190715P298,2019-07-12,2019-07-12 09:30:17.000,0.24,0.5714,650,0.23,0.5476,15,0.24,0.5714,4,0.235,0.5595,4,0
SPY190715P298,2019-07-12,2019-07-12 09:30:18.000,0.24,0.5714,1240,0.23,0.5476,50,0.24,0.5714,4,0.235,0.5595,4,0
SPY190715P298,2019-07-12,2019-07-12 09:30:19.000,0.24,0.5714,1240,0.23,0.5476,15,0.24,0.5714,4,0.235,0.5595,4,0
SPY190715P298,2019-07-12,2019-07-12 09:30:19.000,0.24,0.5714,1265,0.23,0.5476,15,0.24,0.5714,4,0.235,0.5595,4,0
SPY190715P298,2019-07-12,2019-07-12 09:30:20.000,0.24,0.5714,1487,0.23,0.5476,15,0.24,0.5714,4,0.235,0.5595,4,0
SPY190715P298,2019-07-12,2019-07-12 09:30:21.000,0.24,0.5714,1487,0.23,0.5476,15,0.24,0.5714,4,0.235,0.5595,4,0
SPY190715P298,2019-07-12,2019-07-12 09:30:22.000,0.24,0.5714,1290,0.22,0.5238,1777,0.24,0.5714,4,0.23,0.5476,4,0
SPY190715P298,2019-07-12,2019-07-12 09:30:22.000,0.24,0.5714,1470,0.23,0.5476,15,0.24,0.5714,4,0.235,0.5595,4,0
SPY190715P298,2019-07-12,2019-07-12 09:30:23.000,0.24,0.5714,1290,0.22,0.5238,1390,0.24,0.5714,4,0.23,0.5476,4,0
SPY190715P298,2019-07-12,2019-07-12 09:30:23.000,0.24,0.5714,1290,0.22,0.5238,1646,0.24,0.5714,4,0.23,0.5476,4,0
SPY190715P298,2019-07-12,2019-07-12 09:30:24.000,0.24,0.5714,1290,0.22,0.5238,1642,0.24,0.5714,4,0.23,0.5476,4,0
SPY190715P298,2019-07-12,2019-07-12 09:30:25.000,0.24,0.5714,1290,0.22,0.5238,1642,0.24,0.5714,4,0.23,0.5476,4,0
SPY190715P298,2019-07-12,2019-07-12 09:30:26.000,0.24,0.5714,1290,0.22,0.5238,1642,0.24,0.5714,4,0.23,0.5476,4,0
SPY190715P298,2019-07-12,2019-07-12 09:30:26.000,0.24,0.5714,1290,0.22,0.5238,1933,0.24,0.5714,4,0.23,0.5476,4,0
SPY190715P298,2019-07-12,2019-07-12 09:30:27.000,0.24,0.5714,1290,0.22,0.5238,1794,0.24,0.5714,4,0.23,0.5476,4,0
SPY190715P298,2019-07-12,2019-07-12 09:30:27.000,0.24,0.5714,1290,0.22,0.5238,1933,0.24,0.5714,4,0.23,0.5476,4,0
SPY190715P298,2019-07-12,2019-07-12 09:30:28.000,0.24,0.5714,1290,0.22,0.5238,1794,0.24,0.5714,4,0.23,0.5476,4,0
SPY190715P298,2019-07-12,2019-07-12 09:30:29.000,0.24,0.5714,1290,0.22,0.5238,1794,0.24,0.5714,4,0.23,0.5476,4,0
SPY190715P298,2019-07-12,2019-07-12 09:30:30.000,0.23,0.5476,275,0.22,0.5238,1794,0.24,0.5714,4,0.225,0.5357,4,0
SPY190715P298,2019-07-12,2019-07-12 09:30:30.000,0.23,0.5476,364,0.22,0.5238,1794,0.24,0.5714,4,0.225,0.5357,4,0
SPY190715P298,2019-07-12,2019-07-12 09:30:31.000,0.23,0.5476,364,0.22,0.5238,1794,0.24,0.5714,4,0.225,0.5357,4,0
SPY190715P298,2019-07-12,2019-07-12 09:30:32.000,0.23,0.5476,364,0.22,0.5238,1558,0.24,0.5714,4,0.225,0.5357,4,0
SPY190715P298,2019-07-12,2019-07-12 09:30:32.000,0.23,0.5476,364,0.22,0.5238,1786,0.24,0.5714,4,0.225,0.5357,4,0
SPY190715P298,2019-07-12,2019-07-12 09:30:33.000,0.23,0.5476,275,0.22,0.5238,1781,0.24,0.5714,4,0.225,0.5357,4,0
SPY190715P298,2019-07-12,2019-07-12 09:30:34.000,0.23,0.5476,1,0.22,0.5238,1769,0.22,0.5238,20,0.225,0.5357,28,0
SPY190715P298,2019-07-12,2019-07-12 09:30:34.000,0.23,0.5476,141,0.22,0.5238,1992,0.22,0.5238,20,0.225,0.5357,28,24
SPY190715P298,2019-07-12,2019-07-12 09:30:35.000,0.23,0.5476,1,0.22,0.5238,2792,0.22,0.5238,20,0.225,0.5357,28,0
SPY190715P298,2019-07-12,2019-07-12 09:30:36.000,0.24,0.5714,592,0.23,0.5476,5,0.22,0.5238,20,0.235,0.5595,28,0
SPY190715P298,2019-07-12,2019-07-12 09:30:36.000,0.24,0.5714,664,0.23,0.5476,267,0.22,0.5238,20,0.235,0.5595,28,0
SPY190715P298,2019-07-12,2019-07-12 09:30:37.000,0.24,0.5714,664,0.23,0.5476,132,0.22,0.5238,20,0.235,0.5595,28,0
SPY190715P298,2019-07-12,2019-07-12 09:30:38.000,0.24,0.5714,592,0.23,0.5476,252,0.22,0.5238,20,0.235,0.5595,28,0
SPY190715P298,2019-07-12,2019-07-12 09:30:39.000,0.24,0.5714,145,0.23,0.5476,733,0.22,0.5238,20,0.235,0.5595,28,0
SPY190715P298,2019-07-12,2019-07-12 09:30:40.000,0.24,0.5714,375,0.23,0.5476,333,0.22,0.5238,20,0.235,0.5595,28,0
SPY190715P298,2019-07-12,2019-07-12 09:30:40.000,0.24,0.5714,494,0.23,0.5476,1759,0.22,0.5238,20,0.235,0.5595,28,0
SPY190715P298,2019-07-12,2019-07-12 09:30:41.000,0.24,0.5714,494,0.23,0.5476,1759,0.22,0.5238,20,0.235,0.5595,28,0
SPY190715P298,2019-07-12,2019-07-12 09:30:42.000,0.24,0.5714,494,0.23,0.5476,1759,0.22,0.5238,20,0.235,0.5595,28,0
SPY190715P298,2019-07-12,2019-07-12 09:30:43.000,0.24,0.5714,415,0.23,0.5476,265,0.22,0.5238,20,0.235,0.5595,28,0
SPY190715P298,2019-07-12,2019-07-12 09:30:43.000,0.24,0.5714,415,0.23,0.5476,275,0.22,0.5238,20,0.235,0.5595,28,0
SPY190715P298,2019-07-12,2019-07-12 09:30:44.000,0.24,0.5714,542,0.23,0.5476,1034,0.22,0.5238,20,0.235,0.5595,28,0
SPY190715P298,2019-07-12,2019-07-12 09:30:45.000,0.24,0.5714,274,0.23,0.5476,1184,0.24,0.5714,1,0.235,0.5595,29,1
SPY190715P298,2019-07-12,2019-07-12 09:30:46.000,0.24,0.5714,274,0.23,0.5476,1034,0.24,0.5714,1,0.235,0.5595,29,0
SPY190715P298,2019-07-12,2019-07-12 09:30:47.000,0.24,0.5714,274,0.23,0.5476,1034,0.24,0.5714,1,0.235,0.5595,29,0
SPY190715P298,2019-07-12,2019-07-12 09:30:48.000,0.24,0.5714,95,0.23,0.5476,742,0.24,0.5714,1,0.235,0.5595,29,0
SPY190715P298,2019-07-12,2019-07-12 09:30:49.000,0.24,0.5714,252,0.23,0.5476,1169,0.24,0.5714,1,0.235,0.5595,29,0
SPY190715P298,2019-07-12,2019-07-12 09:30:50.000,0.24,0.5714,409,0.23,0.5476,1141,0.24,0.5714,1,0.235,0.5595,29,0
SPY190715P298,2019-07-12,2019-07-12 09:30:50.000,0.24,0.5714,455,0.23,0.5476,1159,0.24,0.5714,1,0.235,0.5595,29,0
SPY190715P298,2019-07-12,2019-07-12 09:30:51.000,0.24,0.5714,801,0.23,0.5476,865,0.24,0.5714,1,0.235,0.5595,29,0
SPY190715P298,2019-07-12,2019-07-12 09:30:52.000,0.24,0.5714,981,0.23,0.5476,865,0.24,0.5714,1,0.235,0.5595,29,0
SPY190715P298,2019-07-12,2019-07-12 09:30:55.000,0.24,0.5714,525,0.23,0.5476,920,0.24,0.5714,2,0.235,0.5595,81,52
SPY190715P298,2019-07-12,2019-07-12 09:30:56.000,0.24,0.5714,328,0.23,0.5476,1264,0.24,0.5714,2,0.235,0.5595,81,0
SPY190715P298,2019-07-12,2019-07-12 09:30:57.000,0.24,0.5714,328,0.23,0.5476,1495,0.24,0.5714,2,0.235,0.5595,81,0
SPY190715P298,2019-07-12,2019-07-12 09:30:58.000,0.24,0.5714,275,0.23,0.5476,1495,0.24,0.5714,2,0.235,0.5595,81,0
SPY190715P298,2019-07-12,2019-07-12 09:30:59.000,0.24,0.5714,378,0.23,0.5476,1266,0.24,0.5714,2,0.235,0.5595,81,0
SPY190715P298,2019-07-12,2019-07-12 09:31:00.000,0.24,0.5714,901,0.23,0.5476,548,0.24,0.5714,2,0.235,0.5595,81,0
SPY190715P298,2019-07-12,2019-07-12 09:31:01.000,0.24,0.5714,901,0.23,0.5476,950,0.24,0.5714,2,0.235,0.5595,81,0
SPY190715P298,2019-07-12,2019-07-12 09:31:01.000,0.24,0.5714,901,0.23,0.5476,1136,0.24,0.5714,2,0.235,0.5595,81,0
SPY190715P298,2019-07-12,2019-07-12 09:31:02.000,0.24,0.5714,901,0.23,0.5476,915,0.24,0.5714,2,0.235,0.5595,81,0
SPY190715P298,2019-07-12,2019-07-12 09:31:03.000,0.24,0.5714,375,0.23,0.5476,1170,0.24,0.5714,2,0.235,0.5595,81,0
SPY190715P298,2019-07-12,2019-07-12 09:31:04.000,0.24,0.5714,305,0.23,0.5476,1170,0.24,0.5714,2,0.235,0.5595,81,0
SPY190715P298,2019-07-12,2019-07-12 09:31:05.000,0.24,0.5714,305,0.23,0.5476,1028,0.24,0.5714,2,0.235,0.5595,81,0
SPY190715P298,2019-07-12,2019-07-12 09:31:06.000,0.24,0.5714,305,0.23,0.5476,1028,0.24,0.5714,2,0.235,0.5595,81,0
SPY190715P298,2019-07-12,2019-07-12 09:31:07.000,0.24,0.5714,305,0.23,0.5476,1018,0.24,0.5714,2,0.235,0.5595,81,0
SPY190715P298,2019-07-12,2019-07-12 09:31:08.000,0.25,0.5952,1395,0.23,0.5476,1722,0.24,0.5714,2,0.24,0.5714,81,0
SPY190715P298,2019-07-12,2019-07-12 09:31:09.000,0.25,0.5952,1465,0.23,0.5476,2671,0.24,0.5714,2,0.24,0.5714,81,0
SPY190715P298,2019-07-12,2019-07-12 09:31:10.000,0.25,0.5952,1465,0.23,0.5476,2690,0.24,0.5714,2,0.24,0.5714,81,0
SPY190715P298,2019-07-12,2019-07-12 09:31:10.000,0.25,0.5952,1536,0.23,0.5476,2671,0.24,0.5714,2,0.24,0.5714,81,0
SPY190715P298,2019-07-12,2019-07-12 09:31:11.000,0.24,0.5714,103,0.24,0.5714,1,0.24,0.5714,2,0.24,0.5714,83,2
SPY190715P298,2019-07-12,2019-07-12 09:31:12.000,0.25,0.5952,1369,0.24,0.5714,5,0.24,0.5714,2,0.245,0.5833,83,0
SPY190715P298,2019-07-12,2019-07-12 09:31:14.000,0.25,0.5952,1369,0.24,0.5714,228,0.24,0.5714,2,0.245,0.5833,83,0
SPY190715P298,2019-07-12,2019-07-12 09:31:16.000,0.25,0.5952,1369,0.24,0.5714,253,0.24,0.5714,2,0.245,0.5833,83,0
SPY190715P298,2019-07-12,2019-07-12 09:31:26.000,0.25,0.5952,1950,0.24,0.5714,25,0.25,0.5952,2,0.245,0.5833,85,2
SPY190715P298,2019-07-12,2019-07-12 09:31:31.000,0.24,0.5714,1801,0.23,0.5476,171,0.25,0.5952,2,0.235,0.5595,85,0
SPY190715P298,2019-07-12,2019-07-12 09:31:32.000,0.24,0.5714,1810,0.23,0.5476,189,0.25,0.5952,2,0.235,0.5595,85,0
SPY190715P298,2019-07-12,2019-07-12 09:31:33.000,0.23,0.5476,110,0.22,0.5238,1650,0.25,0.5952,2,0.225,0.5357,85,0
SPY190715P298,2019-07-12,2019-07-12 09:31:34.000,0.23,0.5476,110,0.22,0.5238,1711,0.25,0.5952,2,0.225,0.5357,85,0
SPY190715P298,2019-07-12,2019-07-12 09:31:34.000,0.23,0.5476,452,0.22,0.5238,1711,0.25,0.5952,2,0.225,0.5357,85,0
SPY190715P298,2019-07-12,2019-07-12 09:31:35.000,0.23,0.5476,452,0.22,0.5238,1711,0.25,0.5952,2,0.225,0.5357,85,0
SPY190715P298,2019-07-12,2019-07-12 09:31:35.000,0.23,0.5476,452,0.22,0.5238,1777,0.25,0.5952,2,0.225,0.5357,85,0
SPY190715P298,2019-07-12,2019-07-12 09:31:36.000,0.23,0.5476,452,0.22,0.5238,1720,0.25,0.5952,2,0.225,0.5357,85,0
SPY190715P298,2019-07-12,2019-07-12 09:31:37.000,0.24,0.5714,1112,0.22,0.5238,1720,0.25,0.5952,2,0.23,0.5476,85,0
SPY190715P298,2019-07-12,2019-07-12 09:31:38.000,0.23,0.5476,110,0.22,0.5238,2205,0.25,0.5952,2,0.225,0.5357,85,0
SPY190715P298,2019-07-12,2019-07-12 09:31:38.000,0.24,0.5714,1554,0.23,0.5476,23,0.25,0.5952,2,0.235,0.5595,85,0
SPY190715P298,2019-07-12,2019-07-12 09:31:39.000,0.23,0.5476,5,0.23,0.5476,167,0.25,0.5952,2,0.23,0.5476,85,0
SPY190715P298,2019-07-12,2019-07-12 09:31:39.000,0.24,0.5714,1704,0.23,0.5476,5,0.25,0.5952,2,0.235,0.5595,85,0
SPY190715P298,2019-07-12,2019-07-12 09:31:40.000,0.23,0.5476,5,0.22,0.5238,2200,0.25,0.5952,2,0.225,0.5357,85,0
SPY190715P298,2019-07-12,2019-07-12 09:31:41.000,0.23,0.5476,5,0.22,0.5238,2443,0.25,0.5952,2,0.225,0.5357,85,0
SPY190715P298,2019-07-12,2019-07-12 09:31:41.000,0.24,0.5714,1554,0.23,0.5476,149,0.25,0.5952,2,0.235,0.5595,85,0
SPY190715P298,2019-07-12,2019-07-12 09:31:42.000,0.24,0.5714,1020,0.23,0.5476,191,0.25,0.5952,2,0.235,0.5595,85,0
SPY190715P298,2019-07-12,2019-07-12 09:31:42.000,0.24,0.5714,1404,0.23,0.5476,149,0.25,0.5952,2,0.235,0.5595,85,0
SPY190715P298,2019-07-12,2019-07-12 09:31:43.000,0.24,0.5714,1020,0.23,0.5476,185,0.25,0.5952,2,0.235,0.5595,85,0
SPY190715P298,2019-07-12,2019-07-12 09:31:44.000,0.24,0.5714,840,0.23,0.5476,143,0.25,0.5952,2,0.235,0.5595,85,0
SPY190715P298,2019-07-12,2019-07-12 09:31:44.000,0.24,0.5714,1574,0.23,0.5476,185,0.25,0.5952,2,0.235,0.5595,85,0
SPY190715P298,2019-07-12,2019-07-12 09:31:45.000,0.24,0.5714,1108,0.23,0.5476,166,0.25,0.5952,2,0.235,0.5595,85,0
SPY190715P298,2019-07-12,2019-07-12 09:31:45.000,0.24,0.5714,1325,0.23,0.5476,166,0.25,0.5952,2,0.235,0.5595,85,0
SPY190715P298,2019-07-12,2019-07-12 09:31:46.000,0.24,0.5714,1108,0.23,0.5476,263,0.25,0.5952,2,0.235,0.5595,85,0
SPY190715P298,2019-07-12,2019-07-12 09:31:47.000,0.24,0.5714,1108,0.23,0.5476,263,0.25,0.5952,2,0.235,0.5595,85,0
SPY190715P298,2019-07-12,2019-07-12 09:31:48.000,0.24,0.5714,1389,0.23,0.5476,891,0.25,0.5952,2,0.235,0.5595,85,0
SPY190715P298,2019-07-12,2019-07-12 09:31:49.000,0.24,0.5714,1389,0.23,0.5476,706,0.25,0.5952,2,0.235,0.5595,85,0
SPY190715P298,2019-07-12,2019-07-12 09:31:50.000,0.24,0.5714,1403,0.23,0.5476,892,0.25,0.5952,2,0.235,0.5595,85,0
SPY190715P298,2019-07-12,2019-07-12 09:31:50.000,0.24,0.5714,1409,0.23,0.5476,850,0.25,0.5952,2,0.235,0.5595,85,0
SPY190715P298,2019-07-12,2019-07-12 09:31:51.000,0.24,0.5714,1403,0.23,0.5476,892,0.25,0.5952,2,0.235,0.5595,85,0
SPY190715P298,2019-07-12,2019-07-12 09:31:53.000,0.24,0.5714,1403,0.23,0.5476,553,0.25,0.5952,2,0.235,0.5595,85,0
SPY190715P298,2019-07-12,2019-07-12 09:31:53.000,0.24,0.5714,1410,0.23,0.5476,917,0.25,0.5952,2,0.235,0.5595,85,0
SPY190715P298,2019-07-12,2019-07-12 09:31:54.000,0.24,0.5714,1410,0.23,0.5476,917,0.25,0.5952,2,0.235,0.5595,85,0
SPY190715P298,2019-07-12,2019-07-12 09:31:54.000,0.24,0.5714,1460,0.23,0.5476,917,0.25,0.5952,2,0.235,0.5595,85,0
SPY190715P298,2019-07-12,2019-07-12 09:31:55.000,0.24,0.5714,1460,0.23,0.5476,917,0.25,0.5952,2,0.235,0.5595,85,0
SPY190715P298,2019-07-12,2019-07-12 09:31:56.000,0.24,0.5714,1460,0.23,0.5476,917,0.25,0.5952,2,0.235,0.5595,85,0
SPY190715P298,2019-07-12,2019-07-12 09:31:57.000,0.24,0.5714,1119,0.23,0.5476,917,0.25,0.5952,2,0.235,0.5595,85,0
SPY190715P298,2019-07-12,2019-07-12 09:31:58.000,0.24,0.5714,1119,0.23,0.5476,920,0.25,0.5952,2,0.235,0.5595,85,0
SPY190715P298,2019-07-12,2019-07-12 09:31:58.000,0.24,0.5714,1119,0.23,0.5476,1056,0.25,0.5952,2,0.235,0.5595,85,0
SPY190715P298,2019-07-12,2019-07-12 09:31:59.000,0.24,0.5714,1119,0.23,0.5476,655,0.25,0.5952,2,0.235,0.5595,85,0
SPY190715P298,2019-07-12,2019-07-12 09:31:59.000,0.24,0.5714,1119,0.23,0.5476,1056,0.25,0.5952,2,0.235,0.5595,85,0
SPY190715P298,2019-07-12,2019-07-12 09:32:00.000,0.24,0.5714,1119,0.23,0.5476,566,0.25,0.5952,2,0.235,0.5595,85,0
SPY190715P298,2019-07-12,2019-07-12 09:32:01.000,0.24,0.5714,1119,0.23,0.5476,936,0.25,0.5952,2,0.235,0.5595,85,0
SPY190715P298,2019-07-12,2019-07-12 09:32:01.000,0.24,0.5714,1119,0.23,0.5476,993,0.25,0.5952,2,0.235,0.5595,85,0
SPY190715P298,2019-07-12,2019-07-12 09:32:02.000,0.24,0.5714,1119,0.23,0.5476,993,0.25,0.5952,2,0.235,0.5595,85,0
SPY190715P298,2019-07-12,2019-07-12 09:32:02.000,0.24,0.5714,1142,0.23,0.5476,1003,0.25,0.5952,2,0.235,0.5595,85,0
SPY190715P298,2019-07-12,2019-07-12 09:32:03.000,0.24,0.5714,1142,0.23,0.5476,527,0.25,0.5952,2,0.235,0.5595,85,0
SPY190715P298,2019-07-12,2019-07-12 09:32:03.000,0.24,0.5714,1142,0.23,0.5476,683,0.25,0.5952,2,0.235,0.5595,85,0
SPY190715P298,2019-07-12,2019-07-12 09:32:04.000,0.24,0.5714,1433,0.23,0.5476,910,0.25,0.5952,2,0.235,0.5595,85,0
SPY190715P298,2019-07-12,2019-07-12 09:32:05.000,0.24,0.5714,1433,0.23,0.5476,993,0.25,0.5952,2,0.235,0.5595,85,0
SPY190715P298,2019-07-12,2019-07-12 09:32:06.000,0.24,0.5714,1288,0.22,0.5238,1740,0.25,0.5952,2,0.23,0.5476,85,0
SPY190715P298,2019-07-12,2019-07-12 09:32:06.000,0.24,0.5714,1433,0.23,0.5476,143,0.25,0.5952,2,0.235,0.5595,85,0
SPY190715P298,2019-07-12,2019-07-12 09:32:07.000,0.23,0.5476,148,0.22,0.5238,974,0.25,0.5952,2,0.225,0.5357,85,0
SPY190715P298,2019-07-12,2019-07-12 09:32:08.000,0.23,0.5476,124,0.22,0.5238,1578,0.25,0.5952,2,0.225,0.5357,85,0
SPY190715P298,2019-07-12,2019-07-12 09:32:08.000,0.23,0.5476,165,0.22,0.5238,2427,0.25,0.5952,2,0.225,0.5357,85,0
SPY190715P298,2019-07-12,2019-07-12 09:32:09.000,0.23,0.5476,144,0.22,0.5238,2427,0.25,0.5952,2,0.225,0.5357,85,0
SPY190715P298,2019-07-12,2019-07-12 09:32:10.000,0.23,0.5476,144,0.22,0.5238,2823,0.25,0.5952,2,0.225,0.5357,85,0
SPY190715P298,2019-07-12,2019-07-12 09:32:11.000,0.23,0.5476,124,0.22,0.5238,2430,0.25,0.5952,2,0.225,0.5357,85,0
SPY190715P298,2019-07-12,2019-07-12 09:32:11.000,0.23,0.5476,209,0.22,0.5238,2638,0.25,0.5952,2,0.225,0.5357,85,0
SPY190715P298,2019-07-12,2019-07-12 09:32:12.000,0.23,0.5476,209,0.22,0.5238,2846,0.25,0.5952,2,0.225,0.5357,85,0
SPY190715P298,2019-07-12,2019-07-12 09:32:12.000,0.23,0.5476,356,0.22,0.5238,2846,0.25,0.5952,2,0.225,0.5357,85,0
SPY190715P298,2019-07-12,2019-07-12 09:32:13.000,0.23,0.5476,267,0.22,0.5238,2846,0.25,0.5952,2,0.225,0.5357,85,0
SPY190715P298,2019-07-12,2019-07-12 09:32:13.000,0.23,0.5476,356,0.22,0.5238,2846,0.25,0.5952,2,0.225,0.5357,85,0
SPY190715P298,2019-07-12,2019-07-12 09:32:14.000,0.23,0.5476,356,0.22,0.5238,2846,0.25,0.5952,2,0.225,0.5357,85,0
SPY190715P298,2019-07-12,2019-07-12 09:32:15.000,0.23,0.5476,465,0.22,0.5238,2846,0.25,0.5952,2,0.225,0.5357,85,0
SPY190715P298,2019-07-12,2019-07-12 09:32:16.000,0.23,0.5476,264,0.22,0.5238,2896,0.25,0.5952,2,0.225,0.5357,85,0
SPY190715P298,2019-07-12,2019-07-12 09:32:17.000,0.23,0.5476,208,0.22,0.5238,2896,0.23,0.5476,1,0.225,0.5357,86,0
SPY190715P298,2019-07-12,2019-07-12 09:32:17.000,0.23,0.5476,264,0.22,0.5238,2896,0.23,0.5476,1,0.225,0.5357,86,1
SPY190715P298,2019-07-12,2019-07-12 09:32:18.000,0.23,0.5476,66,0.22,0.5238,2144,0.23,0.5476,1,0.225,0.5357,86,0
SPY190715P298,2019-07-12,2019-07-12 09:32:18.000,0.24,0.5714,1340,0.22,0.5238,3301,0.23,0.5476,1,0.23,0.5476,86,0
SPY190715P298,2019-07-12,2019-07-12 09:32:19.000,0.23,0.5476,166,0.22,0.5238,554,0.23,0.5476,1,0.225,0.5357,86,0
SPY190715P298,2019-07-12,2019-07-12 09:32:19.000,0.23,0.5476,166,0.22,0.5238,1542,0.23,0.5476,1,0.225,0.5357,86,0
SPY190715P298,2019-07-12,2019-07-12 09:32:34.000,0.23,0.5476,242,0.22,0.5238,1619,0.22,0.5238,3,0.225,0.5357,101,15
SPY190715P298,2019-07-12,2019-07-12 09:32:35.000,0.23,0.5476,242,0.22,0.5238,3121,0.22,0.5238,3,0.225,0.5357,101,0
SPY190715P298,2019-07-12,2019-07-12 09:32:36.000,0.23,0.5476,216,0.22,0.5238,2803,0.22,0.5238,3,0.225,0.5357,101,0
SPY190715P298,2019-07-12,2019-07-12 09:32:36.000,0.23,0.5476,218,0.22,0.5238,3049,0.22,0.5238,3,0.225,0.5357,101,0
SPY190715P298,2019-07-12,2019-07-12 09:32:37.000,0.23,0.5476,216,0.22,0.5238,2793,0.22,0.5238,3,0.225,0.5357,101,0
SPY190715P298,2019-07-12,2019-07-12 09:32:37.000,0.23,0.5476,216,0.22,0.5238,2803,0.22,0.5238,3,0.225,0.5357,101,0
SPY190715P298,2019-07-12,2019-07-12 09:32:38.000,0.23,0.5476,216,0.22,0.5238,2803,0.22,0.5238,3,0.225,0.5357,101,0
SPY190715P298,2019-07-12,2019-07-12 09:32:39.000,0.23,0.5476,216,0.22,0.5238,2894,0.22,0.5238,3,0.225,0.5357,101,0
SPY190715P298,2019-07-12,2019-07-12 09:32:40.000,0.23,0.5476,211,0.22,0.5238,2546,0.22,0.5238,3,0.225,0.5357,101,0
SPY190715P298,2019-07-12,2019-07-12 09:32:40.000,0.23,0.5476,216,0.22,0.5238,2803,0.22,0.5238,3,0.225,0.5357,101,0
SPY190715P298,2019-07-12,2019-07-12 09:32:41.000,0.23,0.5476,211,0.22,0.5238,2906,0.22,0.5238,3,0.225,0.5357,101,0
SPY190715P298,2019-07-12,2019-07-12 09:32:42.000,0.23,0.5476,11,0.22,0.5238,2906,0.22,0.5238,3,0.225,0.5357,101,0
SPY190715P298,2019-07-12,2019-07-12 09:32:42.000,0.24,0.5714,1138,0.23,0.5476,5,0.22,0.5238,3,0.235,0.5595,101,0
SPY190715P298,2019-07-12,2019-07-12 09:32:43.000,0.24,0.5714,1138,0.23,0.5476,263,0.22,0.5238,3,0.235,0.5595,101,0
SPY190715P298,2019-07-12,2019-07-12 09:32:44.000,0.24,0.5714,1125,0.23,0.5476,50,0.22,0.5238,3,0.235,0.5595,101,0
SPY190715P298,2019-07-12,2019-07-12 09:32:44.000,0.24,0.5714,1138,0.23,0.5476,252,0.22,0.5238,3,0.235,0.5595,101,0
SPY190715P298,2019-07-12,2019-07-12 09:32:45.000,0.24,0.5714,929,0.23,0.5476,280,0.22,0.5238,3,0.235,0.5595,101,0
SPY190715P298,2019-07-12,2019-07-12 09:32:45.000,0.24,0.5714,1125,0.23,0.5476,262,0.22,0.5238,3,0.235,0.5595,101,0
SPY190715P298,2019-07-12,2019-07-12 09:32:46.000,0.24,0.5714,1149,0.22,0.5238,1910,0.22,0.5238,3,0.23,0.5476,101,0
SPY190715P298,2019-07-12,2019-07-12 09:32:46.000,0.24,0.5714,1399,0.23,0.5476,264,0.22,0.5238,3,0.235,0.5595,101,0
SPY190715P298,2019-07-12,2019-07-12 09:32:47.000,0.24,0.5714,1399,0.22,0.5238,2196,0.22,0.5238,3,0.23,0.5476,101,0
SPY190715P298,2019-07-12,2019-07-12 09:32:47.000,0.24,0.5714,1429,0.22,0.5238,1546,0.22,0.5238,3,0.23,0.5476,101,0
SPY190715P298,2019-07-12,2019-07-12 09:32:48.000,0.23,0.5476,5,0.22,0.5238,1804,0.22,0.5238,3,0.225,0.5357,101,0
SPY190715P298,2019-07-12,2019-07-12 09:32:48.000,0.23,0.5476,425,0.22,0.5238,1763,0.23,0.5476,5,0.225,0.5357,111,10
SPY190715P298,2019-07-12,2019-07-12 09:32:49.000,0.23,0.5476,978,0.22,0.5238,1400,0.23,0.5476,5,0.225,0.5357,111,0
SPY190715P298,2019-07-12,2019-07-12 09:32:50.000,0.23,0.5476,242,0.22,0.5238,1506,0.23,0.5476,4,0.225,0.5357,117,0
SPY190715P298,2019-07-12,2019-07-12 09:32:50.000,0.23,0.5476,578,0.22,0.5238,1126,0.23,0.5476,4,0.225,0.5357,117,6
SPY190715P298,2019-07-12,2019-07-12 09:32:51.000,0.24,0.5714,1722,0.22,0.5238,1510,0.23,0.5476,4,0.23,0.5476,117,0
SPY190715P298,2019-07-12,2019-07-12 09:32:51.000,0.24,0.5714,2200,0.22,0.5238,1506,0.23,0.5476,4,0.23,0.5476,117,0
SPY190715P298,2019-07-12,2019-07-12 09:32:52.000,0.23,0.5476,297,0.22,0.5238,1332,0.23,0.5476,4,0.225,0.5357,117,0
SPY190715P298,2019-07-12,2019-07-12 09:32:53.000,0.23,0.5476,297,0.22,0.5238,1322,0.23,0.5476,4,0.225,0.5357,117,0
SPY190715P298,2019-07-12,2019-07-12 09:32:54.000,0.23,0.5476,297,0.22,0.5238,1322,0.23,0.5476,4,0.225,0.5357,117,0
SPY190715P298,2019-07-12,2019-07-12 09:32:54.000,0.23,0.5476,297,0.22,0.5238,1746,0.23,0.5476,4,0.225,0.5357,117,0
SPY190715P298,2019-07-12,2019-07-12 09:32:55.000,0.23,0.5476,283,0.22,0.5238,1746,0.23,0.5476,4,0.225,0.5357,117,0
SPY190715P298,2019-07-12,2019-07-12 09:32:55.000,0.23,0.5476,297,0.22,0.5238,1746,0.23,0.5476,4,0.225,0.5357,117,0
SPY190715P298,2019-07-12,2019-07-12 09:32:56.000,0.23,0.5476,283,0.22,0.5238,1746,0.23,0.5476,4,0.225,0.5357,117,0
SPY190715P298,2019-07-12,2019-07-12 09:32:57.000,0.23,0.5476,245,0.22,0.5238,1626,0.23,0.5476,4,0.225,0.5357,117,0
SPY190715P298,2019-07-12,2019-07-12 09:32:57.000,0.23,0.5476,433,0.22,0.5238,2336,0.23,0.5476,4,0.225,0.5357,117,0
SPY190715P298,2019-07-12,2019-07-12 09:32:58.000,0.23,0.5476,275,0.22,0.5238,1765,0.23,0.5476,4,0.225,0.5357,117,0
SPY190715P298,2019-07-12,2019-07-12 09:32:58.000,0.23,0.5476,1048,0.22,0.5238,1765,0.23,0.5476,4,0.225,0.5357,117,0
SPY190715P298,2019-07-12,2019-07-12 09:32:59.000,0.23,0.5476,377,0.22,0.5238,2036,0.23,0.5476,4,0.225,0.5357,117,0
SPY190715P298,2019-07-12,2019-07-12 09:33:00.000,0.23,0.5476,341,0.22,0.5238,1677,0.23,0.5476,4,0.225,0.5357,117,0
SPY190715P298,2019-07-12,2019-07-12 09:33:00.000,0.23,0.5476,589,0.22,0.5238,1947,0.23,0.5476,4,0.225,0.5357,117,0
SPY190715P298,2019-07-12,2019-07-12 09:33:01.000,0.23,0.5476,474,0.22,0.5238,2119,0.23,0.5476,4,0.225,0.5357,117,0
SPY190715P298,2019-07-12,2019-07-12 09:33:02.000,0.23,0.5476,461,0.22,0.5238,2109,0.23,0.5476,4,0.225,0.5357,117,0
SPY190715P298,2019-07-12,2019-07-12 09:33:02.000,0.23,0.5476,575,0.22,0.5238,2119,0.23,0.5476,4,0.225,0.5357,117,0
SPY190715P298,2019-07-12,2019-07-12 09:33:03.000,0.23,0.5476,966,0.22,0.5238,2003,0.23,0.5476,4,0.225,0.5357,117,0
SPY190715P298,2019-07-12,2019-07-12 09:33:04.000,0.23,0.5476,1114,0.22,0.5238,1964,0.23,0.5476,4,0.225,0.5357,117,0
SPY190715P298,2019-07-12,2019-07-12 09:33:04.000,0.23,0.5476,1114,0.22,0.5238,2003,0.23,0.5476,4,0.225,0.5357,117,0
SPY190715P298,2019-07-12,2019-07-12 09:33:05.000,0.23,0.5476,1114,0.22,0.5238,1964,0.23,0.5476,4,0.225,0.5357,117,0
SPY190715P298,2019-07-12,2019-07-12 09:33:05.000,0.23,0.5476,1114,0.22,0.5238,1974,0.23,0.5476,4,0.225,0.5357,117,0
SPY190715P298,2019-07-12,2019-07-12 09:33:06.000,0.23,0.5476,1114,0.22,0.5238,1974,0.23,0.5476,4,0.225,0.5357,117,0
SPY190715P298,2019-07-12,2019-07-12 09:33:07.000,0.23,0.5476,1098,0.22,0.5238,1974,0.23,0.5476,4,0.225,0.5357,117,0
SPY190715P298,2019-07-12,2019-07-12 09:33:07.000,0.23,0.5476,1101,0.22,0.5238,1974,0.23,0.5476,4,0.225,0.5357,117,0
SPY190715P298,2019-07-12,2019-07-12 09:33:08.000,0.23,0.5476,1098,0.22,0.5238,1974,0.23,0.5476,4,0.225,0.5357,117,0
SPY190715P298,2019-07-12,2019-07-12 09:33:09.000,0.23,0.5476,189,0.22,0.5238,2553,0.23,0.5476,4,0.225,0.5357,117,0
SPY190715P298,2019-07-12,2019-07-12 09:33:09.000,0.23,0.5476,387,0.22,0.5238,2226,0.23,0.5476,1,0.225,0.5357,118,1
SPY190715P298,2019-07-12,2019-07-12 09:33:10.000,0.23,0.5476,387,0.22,0.5238,2721,0.23,0.5476,1,0.225,0.5357,118,0
SPY190715P298,2019-07-12,2019-07-12 09:33:10.000,0.23,0.5476,570,0.22,0.5238,3126,0.23,0.5476,1,0.225,0.5357,118,0
SPY190715P298,2019-07-12,2019-07-12 09:33:11.000,0.23,0.5476,420,0.22,0.5238,3149,0.23,0.5476,1,0.225,0.5357,118,0
SPY190715P298,2019-07-12,2019-07-12 09:33:11.000,0.23,0.5476,420,0.22,0.5238,3176,0.23,0.5476,1,0.225,0.5357,118,0
SPY190715P298,2019-07-12,2019-07-12 09:33:12.000,0.23,0.5476,420,0.22,0.5238,3149,0.23,0.5476,1,0.225,0.5357,118,0
SPY190715P298,2019-07-12,2019-07-12 09:33:13.000,0.23,0.5476,420,0.22,0.5238,2314,0.23,0.5476,1,0.225,0.5357,118,0
SPY190715P298,2019-07-12,2019-07-12 09:33:13.000,0.23,0.5476,951,0.22,0.5238,2387,0.23,0.5476,1,0.225,0.5357,118,0
SPY190715P298,2019-07-12,2019-07-12 09:33:14.000,0.23,0.5476,951,0.22,0.5238,2178,0.23,0.5476,1,0.225,0.5357,118,0
SPY190715P298,2019-07-12,2019-07-12 09:33:14.000,0.23,0.5476,951,0.22,0.5238,2271,0.22,0.5238,5,0.225,0.5357,123,5
SPY190715P298,2019-07-12,2019-07-12 09:33:15.000,0.23,0.5476,951,0.22,0.5238,2271,0.22,0.5238,5,0.225,0.5357,123,0
SPY190715P298,2019-07-12,2019-07-12 09:33:16.000,0.23,0.5476,951,0.22,0.5238,2782,0.22,0.5238,5,0.225,0.5357,123,0
SPY190715P298,2019-07-12,2019-07-12 09:33:16.000,0.23,0.5476,951,0.22,0.5238,3189,0.22,0.5238,5,0.225,0.5357,123,0
SPY190715P298,2019-07-12,2019-07-12 09:33:17.000,0.23,0.5476,951,0.22,0.5238,3189,0.22,0.5238,5,0.225,0.5357,123,0
SPY190715P298,2019-07-12,2019-07-12 09:33:18.000,0.23,0.5476,951,0.22,0.5238,3189,0.22,0.5238,5,0.225,0.5357,123,0
SPY190715P298,2019-07-12,2019-07-12 09:33:19.000,0.23,0.5476,950,0.22,0.5238,3189,0.23,0.5476,1,0.225,0.5357,124,1
SPY190715P298,2019-07-12,2019-07-12 09:33:19.000,0.23,0.5476,971,0.22,0.5238,3189,0.23,0.5476,1,0.225,0.5357,124,0
SPY190715P298,2019-07-12,2019-07-12 09:33:20.000,0.23,0.5476,277,0.22,0.5238,1410,0.23,0.5476,1,0.225,0.5357,124,0
SPY190715P298,2019-07-12,2019-07-12 09:33:21.000,0.23,0.5476,50,0.22,0.5238,2441,0.23,0.5476,1,0.225,0.5357,124,0
SPY190715P298,2019-07-12,2019-07-12 09:33:21.000,0.23,0.5476,50,0.22,0.5238,3102,0.23,0.5476,1,0.225,0.5357,124,0
SPY190715P298,2019-07-12,2019-07-12 09:33:22.000,0.23,0.5476,50,0.22,0.5238,2975,0.22,0.5238,1,0.225,0.5357,125,0
SPY190715P298,2019-07-12,2019-07-12 09:33:22.000,0.23,0.5476,50,0.22,0.5238,2975,0.22,0.5238,1,0.225,0.5357,125,1
SPY190715P298,2019-07-12,2019-07-12 09:33:23.000,0.23,0.5476,50,0.22,0.5238,2975,0.22,0.5238,1,0.225,0.5357,125,0
SPY190715P298,2019-07-12,2019-07-12 09:33:23.000,0.24,0.5714,1186,0.23,0.5476,645,0.23,0.5476,50,0.235,0.5595,175,50
SPY190715P298,2019-07-12,2019-07-12 09:33:24.000,0.24,0.5714,1475,0.23,0.5476,960,0.23,0.5476,50,0.235,0.5595,175,0
SPY190715P298,2019-07-12,2019-07-12 09:33:24.000,0.24,0.5714,1574,0.23,0.5476,1198,0.23,0.5476,50,0.235,0.5595,175,0
SPY190715P298,2019-07-12,2019-07-12 09:33:25.000,0.24,0.5714,1421,0.23,0.5476,1470,0.23,0.5476,50,0.235,0.5595,175,0
SPY190715P298,2019-07-12,2019-07-12 09:33:26.000,0.24,0.5714,1781,0.23,0.5476,2000,0.23,0.5476,50,0.235,0.5595,175,0
SPY190715P298,2019-07-12,2019-07-12 09:33:27.000,0.24,0.5714,1132,0.23,0.5476,2000,0.23,0.5476,50,0.235,0.5595,175,0
SPY190715P298,2019-07-12,2019-07-12 09:33:27.000,0.24,0.5714,1781,0.23,0.5476,2000,0.23,0.5476,50,0.235,0.5595,175,0
SPY190715P298,2019-07-12,2019-07-12 09:33:28.000,0.24,0.5714,1799,0.23,0.5476,1009,0.23,0.5476,50,0.235,0.5595,175,0
SPY190715P298,2019-07-12,2019-07-12 09:33:29.000,0.24,0.5714,1804,0.23,0.5476,369,0.23,0.5476,50,0.235,0.5595,175,0
SPY190715P298,2019-07-12,2019-07-12 09:33:30.000,0.24,0.5714,1432,0.23,0.5476,369,0.24,0.5714,1,0.235,0.5595,176,1
SPY190715P298,2019-07-12,2019-07-12 09:33:30.000,0.24,0.5714,1804,0.23,0.5476,369,0.23,0.5476,50,0.235,0.5595,175,0
SPY190715P298,2019-07-12,2019-07-12 09:33:31.000,0.23,0.5476,5,0.22,0.5238,1518,0.24,0.5714,1,0.225,0.5357,176,0
SPY190715P298,2019-07-12,2019-07-12 09:33:32.000,0.23,0.5476,204,0.22,0.5238,3192,0.24,0.5714,1,0.225,0.5357,176,0
SPY190715P298,2019-07-12,2019-07-12 09:33:32.000,0.23,0.5476,204,0.22,0.5238,3740,0.24,0.5714,1,0.225,0.5357,176,0
SPY190715P298,2019-07-12,2019-07-12 09:33:33.000,0.23,0.5476,204,0.22,0.5238,3756,0.24,0.5714,1,0.225,0.5357,176,0
SPY190715P298,2019-07-12,2019-07-12 09:33:33.000,0.23,0.5476,368,0.22,0.5238,3756,0.24,0.5714,1,0.225,0.5357,176,0
SPY190715P298,2019-07-12,2019-07-12 09:33:34.000,0.23,0.5476,545,0.22,0.5238,3739,0.24,0.5714,1,0.225,0.5357,176,0
SPY190715P298,2019-07-12,2019-07-12 09:33:35.000,0.23,0.5476,537,0.22,0.5238,3741,0.23,0.5476,30,0.225,0.5357,206,30
SPY190715P298,2019-07-12,2019-07-12 09:33:36.000,0.23,0.5476,317,0.22,0.5238,3329,0.23,0.5476,30,0.225,0.5357,206,0
SPY190715P298,2019-07-12,2019-07-12 09:33:36.000,0.23,0.5476,403,0.22,0.5238,3329,0.23,0.5476,30,0.225,0.5357,206,0
SPY190715P298,2019-07-12,2019-07-12 09:33:37.000,0.23,0.5476,60,0.23,0.5476,402,0.23,0.5476,30,0.23,0.5476,206,0
SPY190715P298,2019-07-12,2019-07-12 09:33:37.000,0.24,0.5714,1589,0.23,0.5476,357,0.23,0.5476,30,0.235,0.5595,206,0
SPY190715P298,2019-07-12,2019-07-12 09:33:38.000,0.24,0.5714,1789,0.23,0.5476,357,0.23,0.5476,30,0.235,0.5595,206,0
SPY190715P298,2019-07-12,2019-07-12 09:33:38.000,0.24,0.5714,2428,0.23,0.5476,1,0.23,0.5476,30,0.235,0.5595,206,0
SPY190715P298,2019-07-12,2019-07-12 09:33:39.000,0.24,0.5714,1345,0.23,0.5476,402,0.23,0.5476,30,0.235,0.5595,206,0
SPY190715P298,2019-07-12,2019-07-12 09:33:40.000,0.24,0.5714,1704,0.23,0.5476,402,0.23,0.5476,30,0.235,0.5595,206,0
SPY190715P298,2019-07-12,2019-07-12 09:33:40.000,0.24,0.5714,1961,0.23,0.5476,402,0.23,0.5476,30,0.235,0.5595,206,0
SPY190715P298,2019-07-12,2019-07-12 09:33:41.000,0.24,0.5714,1911,0.23,0.5476,402,0.23,0.5476,30,0.235,0.5595,206,0
SPY190715P298,2019-07-12,2019-07-12 09:33:42.000,0.24,0.5714,1725,0.23,0.5476,144,0.23,0.5476,30,0.235,0.5595,206,0
SPY190715P298,2019-07-12,2019-07-12 09:33:42.000,0.24,0.5714,1955,0.23,0.5476,167,0.23,0.5476,30,0.235,0.5595,206,0
SPY190715P298,2019-07-12,2019-07-12 09:33:43.000,0.24,0.5714,1679,0.23,0.5476,121,0.23,0.5476,30,0.235,0.5595,206,0
SPY190715P298,2019-07-12,2019-07-12 09:33:43.000,0.24,0.5714,1911,0.23,0.5476,144,0.23,0.5476,30,0.235,0.5595,206,0
SPY190715P298,2019-07-12,2019-07-12 09:33:44.000,0.24,0.5714,1575,0.23,0.5476,5,0.23,0.5476,30,0.235,0.5595,206,0
SPY190715P298,2019-07-12,2019-07-12 09:33:44.000,0.24,0.5714,1703,0.23,0.5476,5,0.23,0.5476,2,0.235,0.5595,208,2
SPY190715P298,2019-07-12,2019-07-12 09:33:45.000,0.24,0.5714,1653,0.23,0.5476,5,0.23,0.5476,2,0.235,0.5595,208,0
SPY190715P298,2019-07-12,2019-07-12 09:33:46.000,0.24,0.5714,1653,0.23,0.5476,5,0.23,0.5476,2,0.235,0.5595,208,0
SPY190715P298,2019-07-12,2019-07-12 09:33:47.000,0.24,0.5714,1389,0.23,0.5476,5,0.23,0.5476,2,0.235,0.5595,208,0
SPY190715P298,2019-07-12,2019-07-12 09:33:47.000,0.24,0.5714,1565,0.23,0.5476,5,0.23,0.5476,2,0.235,0.5595,208,0
SPY190715P298,2019-07-12,2019-07-12 09:33:48.000,0.24,0.5714,1565,0.23,0.5476,5,0.23,0.5476,2,0.235,0.5595,208,0
SPY190715P298,2019-07-12,2019-07-12 09:33:48.000,0.24,0.5714,1911,0.23,0.5476,5,0.23,0.5476,2,0.235,0.5595,208,0
SPY190715P298,2019-07-12,2019-07-12 09:33:49.000,0.24,0.5714,1911,0.23,0.5476,1,0.23,0.5476,2,0.235,0.5595,208,0
SPY190715P298,2019-07-12,2019-07-12 09:33:49.000,0.24,0.5714,1911,0.23,0.5476,5,0.23,0.5476,2,0.235,0.5595,208,0
SPY190715P298,2019-07-12,2019-07-12 09:33:50.000,0.24,0.5714,2383,0.23,0.5476,1,0.23,0.5476,2,0.235,0.5595,208,0
SPY190715P298,2019-07-12,2019-07-12 09:33:51.000,0.24,0.5714,1295,0.23,0.5476,1,0.23,0.5476,2,0.235,0.5595,208,0
SPY190715P298,2019-07-12,2019-07-12 09:33:51.000,0.24,0.5714,2383,0.23,0.5476,1,0.23,0.5476,2,0.235,0.5595,208,0
SPY190715P298,2019-07-12,2019-07-12 09:33:52.000,0.24,0.5714,1849,0.23,0.5476,1,0.23,0.5476,2,0.235,0.5595,208,0
SPY190715P298,2019-07-12,2019-07-12 09:33:52.000,0.24,0.5714,1999,0.23,0.5476,1,0.23,0.5476,2,0.235,0.5595,208,0
SPY190715P298,2019-07-12,2019-07-12 09:33:53.000,0.24,0.5714,2397,0.23,0.5476,1,0.23,0.5476,2,0.235,0.5595,208,0
SPY190715P298,2019-07-12,2019-07-12 09:33:54.000,0.24,0.5714,2523,0.23,0.5476,1,0.23,0.5476,2,0.235,0.5595,208,0
SPY190715P298,2019-07-12,2019-07-12 09:33:55.000,0.24,0.5714,2215,0.23,0.5476,1,0.23,0.5476,2,0.235,0.5595,208,0
SPY190715P298,2019-07-12,2019-07-12 09:33:55.000,0.24,0.5714,2400,0.23,0.5476,1,0.23,0.5476,2,0.235,0.5595,208,0
SPY190715P298,2019-07-12,2019-07-12 09:33:56.000,0.24,0.5714,2400,0.23,0.5476,1,0.23,0.5476,2,0.235,0.5595,208,0
SPY190715P298,2019-07-12,2019-07-12 09:33:57.000,0.24,0.5714,2400,0.23,0.5476,1,0.23,0.5476,2,0.235,0.5595,208,0
SPY190715P298,2019-07-12,2019-07-12 09:33:58.000,0.24,0.5714,2475,0.23,0.5476,1,0.23,0.5476,2,0.235,0.5595,208,0
SPY190715P298,2019-07-12,2019-07-12 09:33:58.000,0.24,0.5714,2531,0.23,0.5476,1,0.23,0.5476,2,0.235,0.5595,208,0
SPY190715P298,2019-07-12,2019-07-12 09:33:59.000,0.24,0.5714,2477,0.23,0.5476,1,0.23,0.5476,2,0.235,0.5595,208,0
SPY190715P298,2019-07-12,2019-07-12 09:34:00.000,0.24,0.5714,2477,0.23,0.5476,1,0.23,0.5476,1,0.235,0.5595,209,1
SPY190715P298,2019-07-12,2019-07-12 09:34:00.000,0.24,0.5714,2477,0.23,0.5476,1,0.23,0.5476,2,0.235,0.5595,208,0
SPY190715P298,2019-07-12,2019-07-12 09:34:01.000,0.23,0.5476,329,0.22,0.5238,2900,0.23,0.5476,1,0.225,0.5357,210,0
SPY190715P298,2019-07-12,2019-07-12 09:34:01.000,0.24,0.5714,2290,0.22,0.5238,2298,0.23,0.5476,1,0.23,0.5476,210,1
SPY190715P298,2019-07-12,2019-07-12 09:34:02.000,0.23,0.5476,329,0.22,0.5238,3240,0.23,0.5476,1,0.225,0.5357,210,0
SPY190715P298,2019-07-12,2019-07-12 09:34:02.000,0.23,0.5476,859,0.22,0.5238,1915,0.23,0.5476,1,0.225,0.5357,210,0
SPY190715P298,2019-07-12,2019-07-12 09:34:03.000,0.23,0.5476,859,0.22,0.5238,2677,0.23,0.5476,1,0.225,0.5357,210,0
SPY190715P298,2019-07-12,2019-07-12 09:34:04.000,0.23,0.5476,859,0.22,0.5238,2655,0.23,0.5476,1,0.225,0.5357,210,0
SPY190715P298,2019-07-12,2019-07-12 09:34:05.000,0.23,0.5476,859,0.22,0.5238,2655,0.23,0.5476,1,0.225,0.5357,210,0
SPY190715P298,2019-07-12,2019-07-12 09:34:05.000,0.23,0.5476,934,0.22,0.5238,2655,0.23,0.5476,1,0.225,0.5357,210,0
SPY190715P298,2019-07-12,2019-07-12 09:34:06.000,0.23,0.5476,934,0.22,0.5238,2655,0.23,0.5476,1,0.225,0.5357,210,0
SPY190715P298,2019-07-12,2019-07-12 09:34:07.000,0.23,0.5476,934,0.22,0.5238,2655,0.23,0.5476,1,0.225,0.5357,210,0
SPY190715P298,2019-07-12,2019-07-12 09:34:08.000,0.23,0.5476,934,0.22,0.5238,2655,0.23,0.5476,1,0.225,0.5357,210,0
SPY190715P298,2019-07-12,2019-07-12 09:34:09.000,0.23,0.5476,187,0.22,0.5238,2552,0.23,0.5476,1,0.225,0.5357,210,0
SPY190715P298,2019-07-12,2019-07-12 09:34:09.000,0.23,0.5476,450,0.22,0.5238,3055,0.23,0.5476,1,0.225,0.5357,210,0
SPY190715P298,2019-07-12,2019-07-12 09:34:10.000,0.23,0.5476,175,0.22,0.5238,2552,0.23,0.5476,1,0.225,0.5357,210,0
SPY190715P298,2019-07-12,2019-07-12 09:34:11.000,0.23,0.5476,179,0.22,0.5238,2406,0.23,0.5476,1,0.225,0.5357,210,0
SPY190715P298,2019-07-12,2019-07-12 09:34:11.000,0.23,0.5476,193,0.22,0.5238,2406,0.23,0.5476,1,0.225,0.5357,210,0
SPY190715P298,2019-07-12,2019-07-12 09:34:12.000,0.23,0.5476,179,0.22,0.5238,2406,0.23,0.5476,1,0.225,0.5357,210,0
SPY190715P298,2019-07-12,2019-07-12 09:34:13.000,0.23,0.5476,14,0.22,0.5238,2222,0.23,0.5476,1,0.225,0.5357,211,1
SPY190715P298,2019-07-12,2019-07-12 09:34:14.000,0.24,0.5714,1111,0.23,0.5476,638,0.23,0.5476,1,0.235,0.5595,220,0
SPY190715P298,2019-07-12,2019-07-12 09:34:14.000,0.24,0.5714,1164,0.22,0.5238,2222,0.23,0.5476,1,0.23,0.5476,220,9
SPY190715P298,2019-07-12,2019-07-12 09:34:15.000,0.24,0.5714,1108,0.23,0.5476,790,0.23,0.5476,1,0.235,0.5595,220,0
SPY190715P298,2019-07-12,2019-07-12 09:34:15.000,0.24,0.5714,1108,0.23,0.5476,1182,0.23,0.5476,1,0.235,0.5595,220,0
SPY190715P298,2019-07-12,2019-07-12 09:34:16.000,0.24,0.5714,1108,0.23,0.5476,1182,0.23,0.5476,1,0.235,0.5595,220,0
SPY190715P298,2019-07-12,2019-07-12 09:34:16.000,0.24,0.5714,1403,0.23,0.5476,1182,0.23,0.5476,1,0.235,0.5595,220,0
SPY190715P298,2019-07-12,2019-07-12 09:34:17.000,0.24,0.5714,1964,0.22,0.5238,2629,0.23,0.5476,1,0.23,0.5476,220,0
SPY190715P298,2019-07-12,2019-07-12 09:34:17.000,0.24,0.5714,1964,0.23,0.5476,231,0.23,0.5476,1,0.235,0.5595,220,0
SPY190715P298,2019-07-12,2019-07-12 09:34:18.000,0.24,0.5714,1864,0.23,0.5476,5,0.23,0.5476,1,0.235,0.5595,220,0
SPY190715P298,2019-07-12,2019-07-12 09:34:19.000,0.24,0.5714,1117,0.23,0.5476,185,0.23,0.5476,1,0.235,0.5595,220,0
SPY190715P298,2019-07-12,2019-07-12 09:34:19.000,0.24,0.5714,1781,0.23,0.5476,107,0.23,0.5476,1,0.235,0.5595,220,0
SPY190715P298,2019-07-12,2019-07-12 09:34:20.000,0.24,0.5714,1113,0.23,0.5476,1022,0.23,0.5476,1,0.235,0.5595,220,0
SPY190715P298,2019-07-12,2019-07-12 09:34:20.000,0.24,0.5714,1467,0.23,0.5476,823,0.23,0.5476,1,0.235,0.5595,220,0
SPY190715P298,2019-07-12,2019-07-12 09:34:21.000,0.24,0.5714,1116,0.23,0.5476,1342,0.23,0.5476,1,0.235,0.5595,220,0
SPY190715P298,2019-07-12,2019-07-12 09:34:21.000,0.24,0.5714,1383,0.23,0.5476,824,0.23,0.5476,1,0.235,0.5595,220,0
SPY190715P298,2019-07-12,2019-07-12 09:34:22.000,0.24,0.5714,1383,0.23,0.5476,1503,0.23,0.5476,1,0.235,0.5595,220,0
SPY190715P298,2019-07-12,2019-07-12 09:34:23.000,0.24,0.5714,1099,0.23,0.5476,1384,0.23,0.5476,1,0.235,0.5595,220,0
SPY190715P298,2019-07-12,2019-07-12 09:34:23.000,0.24,0.5714,1173,0.23,0.5476,939,0.23,0.5476,1,0.235,0.5595,220,0
SPY190715P298,2019-07-12,2019-07-12 09:34:24.000,0.24,0.5714,1170,0.23,0.5476,915,0.23,0.5476,1,0.235,0.5595,220,0
SPY190715P298,2019-07-12,2019-07-12 09:34:24.000,0.24,0.5714,1396,0.23,0.5476,1087,0.23,0.5476,1,0.235,0.5595,220,0
SPY190715P298,2019-07-12,2019-07-12 09:34:25.000,0.24,0.5714,1147,0.23,0.5476,915,0.23,0.5476,1,0.235,0.5595,220,0
SPY190715P298,2019-07-12,2019-07-12 09:34:25.000,0.24,0.5714,1414,0.23,0.5476,915,0.23,0.5476,1,0.235,0.5595,220,0
SPY190715P298,2019-07-12,2019-07-12 09:34:26.000,0.24,0.5714,1414,0.23,0.5476,915,0.23,0.5476,1,0.235,0.5595,221,1
SPY190715P298,2019-07-12,2019-07-12 09:34:27.000,0.24,0.5714,1414,0.23,0.5476,915,0.23,0.5476,1,0.235,0.5595,221,0
SPY190715P298,2019-07-12,2019-07-12 09:34:27.000,0.24,0.5714,1414,0.23,0.5476,1263,0.23,0.5476,1,0.235,0.5595,221,0
SPY190715P298,2019-07-12,2019-07-12 09:34:28.000,0.24,0.5714,1142,0.23,0.5476,1661,0.23,0.5476,1,0.235,0.5595,221,0
SPY190715P298,2019-07-12,2019-07-12 09:34:28.000,0.24,0.5714,1414,0.23,0.5476,1661,0.23,0.5476,1,0.235,0.5595,221,0
SPY190715P298,2019-07-12,2019-07-12 09:34:29.000,0.24,0.5714,977,0.23,0.5476,1661,0.23,0.5476,1,0.235,0.5595,221,0
SPY190715P298,2019-07-12,2019-07-12 09:34:29.000,0.24,0.5714,977,0.23,0.5476,1662,0.23,0.5476,1,0.235,0.5595,221,0
SPY190715P298,2019-07-12,2019-07-12 09:34:30.000,0.24,0.5714,977,0.23,0.5476,1662,0.23,0.5476,1,0.235,0.5595,221,0
SPY190715P298,2019-07-12,2019-07-12 09:34:31.000,0.24,0.5714,977,0.23,0.5476,1662,0.23,0.5476,1,0.235,0.5595,221,0
SPY190715P298,2019-07-12,2019-07-12 09:34:32.000,0.24,0.5714,977,0.23,0.5476,1662,0.23,0.5476,1,0.235,0.5595,221,0
SPY190715P298,2019-07-12,2019-07-12 09:34:33.000,0.24,0.5714,977,0.23,0.5476,1288,0.23,0.5476,1,0.235,0.5595,221,0
SPY190715P298,2019-07-12,2019-07-12 09:34:33.000,0.24,0.5714,977,0.23,0.5476,1662,0.23,0.5476,1,0.235,0.5595,221,0
SPY190715P298,2019-07-12,2019-07-12 09:34:34.000,0.24,0.5714,956,0.23,0.5476,1660,0.23,0.5476,1,0.235,0.5595,221,0
SPY190715P298,2019-07-12,2019-07-12 09:34:34.000,0.24,0.5714,1404,0.23,0.5476,1136,0.23,0.5476,1,0.235,0.5595,221,0
SPY190715P298,2019-07-12,2019-07-12 09:34:35.000,0.24,0.5714,1411,0.23,0.5476,578,0.23,0.5476,1,0.235,0.5595,221,0
SPY190715P298,2019-07-12,2019-07-12 09:34:36.000,0.24,0.5714,1411,0.23,0.5476,372,0.23,0.5476,1,0.235,0.5595,221,0
SPY190715P298,2019-07-12,2019-07-12 09:34:36.000,0.24,0.5714,1411,0.23,0.5476,889,0.23,0.5476,1,0.235,0.5595,221,0
SPY190715P298,2019-07-12,2019-07-12 09:34:37.000,0.24,0.5714,942,0.23,0.5476,825,0.24,0.5714,1,0.235,0.5595,222,1
SPY190715P298,2019-07-12,2019-07-12 09:34:37.000,0.24,0.5714,1612,0.23,0.5476,372,0.23,0.5476,1,0.235,0.5595,221,0
SPY190715P298,2019-07-12,2019-07-12 09:34:38.000,0.24,0.5714,942,0.23,0.5476,1359,0.24,0.5714,1,0.235,0.5595,222,0
SPY190715P298,2019-07-12,2019-07-12 09:34:38.000,0.24,0.5714,1167,0.23,0.5476,830,0.24,0.5714,1,0.235,0.5595,222,0
SPY190715P298,2019-07-12,2019-07-12 09:34:39.000,0.24,0.5714,1167,0.23,0.5476,414,0.24,0.5714,1,0.235,0.5595,222,0
SPY190715P298,2019-07-12,2019-07-12 09:34:39.000,0.24,0.5714,1167,0.23,0.5476,552,0.24,0.5714,1,0.235,0.5595,222,0
SPY190715P298,2019-07-12,2019-07-12 09:34:40.000,0.24,0.5714,1001,0.23,0.5476,414,0.24,0.5714,1,0.235,0.5595,222,0
SPY190715P298,2019-07-12,2019-07-12 09:34:41.000,0.24,0.5714,1106,0.23,0.5476,1115,0.24,0.5714,1,0.235,0.5595,222,0
SPY190715P298,2019-07-12,2019-07-12 09:34:41.000,0.24,0.5714,1106,0.23,0.5476,1718,0.24,0.5714,1,0.235,0.5595,222,0
SPY190715P298,2019-07-12,2019-07-12 09:34:42.000,0.24,0.5714,1106,0.23,0.5476,1718,0.24,0.5714,1,0.235,0.5595,222,0
SPY190715P298,2019-07-12,2019-07-12 09:34:42.000,0.24,0.5714,1106,0.23,0.5476,1855,0.24,0.5714,1,0.235,0.5595,222,0
SPY190715P298,2019-07-12,2019-07-12 09:34:43.000,0.24,0.5714,1106,0.23,0.5476,1793,0.24,0.5714,1,0.235,0.5595,222,0
SPY190715P298,2019-07-12,2019-07-12 09:34:43.000,0.24,0.5714,1172,0.23,0.5476,1793,0.24,0.5714,1,0.235,0.5595,222,0
SPY190715P298,2019-07-12,2019-07-12 09:34:44.000,0.24,0.5714,941,0.23,0.5476,1793,0.24,0.5714,1,0.235,0.5595,222,0
SPY190715P298,2019-07-12,2019-07-12 09:34:45.000,0.24,0.5714,941,0.23,0.5476,1898,0.24,0.5714,1,0.235,0.5595,222,0
SPY190715P298,2019-07-12,2019-07-12 09:34:46.000,0.24,0.5714,833,0.23,0.5476,2090,0.24,0.5714,1,0.235,0.5595,222,0
SPY190715P298,2019-07-12,2019-07-12 09:34:46.000,0.24,0.5714,941,0.23,0.5476,1972,0.24,0.5714,1,0.235,0.5595,222,0
SPY190715P298,2019-07-12,2019-07-12 09:34:47.000,0.24,0.5714,833,0.23,0.5476,1793,0.24,0.5714,1,0.235,0.5595,222,0
SPY190715P298,2019-07-12,2019-07-12 09:34:47.000,0.24,0.5714,833,0.23,0.5476,1947,0.24,0.5714,1,0.235,0.5595,222,0
SPY190715P298,2019-07-12,2019-07-12 09:34:48.000,0.24,0.5714,833,0.23,0.5476,1881,0.24,0.5714,1,0.235,0.5595,222,0
SPY190715P298,2019-07-12,2019-07-12 09:34:48.000,0.24,0.5714,833,0.23,0.5476,1919,0.24,0.5714,1,0.235,0.5595,222,0
SPY190715P298,2019-07-12,2019-07-12 09:34:49.000,0.24,0.5714,1077,0.23,0.5476,1919,0.24,0.5714,1,0.235,0.5595,222,0
SPY190715P298,2019-07-12,2019-07-12 09:34:50.000,0.24,0.5714,673,0.23,0.5476,1964,0.24,0.5714,1,0.235,0.5595,222,0
SPY190715P298,2019-07-12,2019-07-12 09:34:51.000,0.24,0.5714,641,0.23,0.5476,2261,0.24,0.5714,1,0.235,0.5595,222,0
SPY190715P298,2019-07-12,2019-07-12 09:34:52.000,0.24,0.5714,641,0.23,0.5476,2261,0.24,0.5714,1,0.235,0.5595,222,0
SPY190715P298,2019-07-12,2019-07-12 09:34:53.000,0.24,0.5714,855,0.23,0.5476,1964,0.24,0.5714,1,0.235,0.5595,222,0
SPY190715P298,2019-07-12,2019-07-12 09:34:53.000,0.24,0.5714,897,0.23,0.5476,1964,0.24,0.5714,1,0.235,0.5595,222,0
SPY190715P298,2019-07-12,2019-07-12 09:34:54.000,0.24,0.5714,897,0.23,0.5476,2261,0.24,0.5714,25,0.235,0.5595,247,25
SPY190715P298,2019-07-12,2019-07-12 09:34:55.000,0.24,0.5714,897,0.23,0.5476,2261,0.24,0.5714,25,0.235,0.5595,247,0
SPY190715P298,2019-07-12,2019-07-12 09:34:55.000,0.24,0.5714,1171,0.23,0.5476,1867,0.24,0.5714,25,0.235,0.5595,247,0
SPY190715P298,2019-07-12,2019-07-12 09:34:56.000,0.24,0.5714,1098,0.23,0.5476,1403,0.24,0.5714,25,0.235,0.5595,247,0
SPY190715P298,2019-07-12,2019-07-12 09:34:56.000,0.24,0.5714,1098,0.23,0.5476,1530,0.24,0.5714,25,0.235,0.5595,247,0
SPY190715P298,2019-07-12,2019-07-12 09:34:57.000,0.24,0.5714,1333,0.23,0.5476,1403,0.24,0.5714,1,0.235,0.5595,248,1
SPY190715P298,2019-07-12,2019-07-12 09:34:57.000,0.24,0.5714,1358,0.23,0.5476,1216,0.24,0.5714,1,0.235,0.5595,248,0
SPY190715P298,2019-07-12,2019-07-12 09:34:58.000,0.24,0.5714,1358,0.23,0.5476,691,0.24,0.5714,1,0.235,0.5595,248,0
SPY190715P298,2019-07-12,2019-07-12 09:34:58.000,0.24,0.5714,1358,0.23,0.5476,1360,0.24,0.5714,1,0.235,0.5595,248,0
SPY190715P298,2019-07-12,2019-07-12 09:34:59.000,0.24,0.5714,1358,0.23,0.5476,1083,0.24,0.5714,1,0.235,0.5595,248,0
SPY190715P298,2019-07-12,2019-07-12 09:34:59.000,0.24,0.5714,1358,0.23,0.5476,1206,0.24,0.5714,1,0.235,0.5595,248,0
SPY190715P298,2019-07-12,2019-07-12 09:35:00.000,0.24,0.5714,1358,0.23,0.5476,1206,0.24,0.5714,1,0.235,0.5595,248,0
SPY190715P298,2019-07-12,2019-07-12 09:35:01.000,0.24,0.5714,1358,0.23,0.5476,1618,0.24,0.5714,1,0.235,0.5595,248,0
SPY190715P298,2019-07-12,2019-07-12 09:35:01.000,0.24,0.5714,1358,0.23,0.5476,1840,0.24,0.5714,1,0.235,0.5595,248,0
SPY190715P298,2019-07-12,2019-07-12 09:35:02.000,0.24,0.5714,1030,0.23,0.5476,1840,0.24,0.5714,1,0.235,0.5595,248,0
SPY190715P298,2019-07-12,2019-07-12 09:35:02.000,0.24,0.5714,1044,0.23,0.5476,1840,0.24,0.5714,1,0.235,0.5595,248,0
SPY190715P298,2019-07-12,2019-07-12 09:35:03.000,0.24,0.5714,52,0.23,0.5476,1679,0.24,0.5714,1,0.235,0.5595,248,0
SPY190715P298,2019-07-12,2019-07-12 09:35:03.000,0.24,0.5714,635,0.23,0.5476,1408,0.24,0.5714,1,0.235,0.5595,248,0
SPY190715P298,2019-07-12,2019-07-12 09:35:04.000,0.24,0.5714,437,0.23,0.5476,1557,0.24,0.5714,1,0.235,0.5595,248,0
SPY190715P298,2019-07-12,2019-07-12 09:35:05.000,0.24,0.5714,207,0.23,0.5476,3531,0.24,0.5714,1,0.235,0.5595,248,0
SPY190715P298,2019-07-12,2019-07-12 09:35:05.000,0.24,0.5714,253,0.23,0.5476,3531,0.24,0.5714,1,0.235,0.5595,248,0
SPY190715P298,2019-07-12,2019-07-12 09:35:06.000,0.24,0.5714,244,0.23,0.5476,1650,0.24,0.5714,1,0.235,0.5595,248,0
SPY190715P298,2019-07-12,2019-07-12 09:35:06.000,0.24,0.5714,244,0.23,0.5476,2163,0.24,0.5714,1,0.235,0.5595,248,0
SPY190715P298,2019-07-12,2019-07-12 09:35:07.000,0.24,0.5714,761,0.23,0.5476,2996,0.24,0.5714,1,0.235,0.5595,248,0
SPY190715P298,2019-07-12,2019-07-12 09:35:07.000,0.24,0.5714,1093,0.23,0.5476,1318,0.24,0.5714,1,0.235,0.5595,248,0
SPY190715P298,2019-07-12,2019-07-12 09:35:08.000,0.24,0.5714,207,0.23,0.5476,1451,0.24,0.5714,1,0.235,0.5595,248,0
SPY190715P298,2019-07-12,2019-07-12 09:35:08.000,0.24,0.5714,249,0.23,0.5476,3056,0.24,0.5714,1,0.235,0.5595,248,0
SPY190715P298,2019-07-12,2019-07-12 09:35:09.000,0.24,0.5714,245,0.23,0.5476,2553,0.24,0.5714,1,0.235,0.5595,248,0
SPY190715P298,2019-07-12,2019-07-12 09:35:10.000,0.24,0.5714,207,0.23,0.5476,3151,0.24,0.5714,1,0.235,0.5595,248,0
SPY190715P298,2019-07-12,2019-07-12 09:35:10.000,0.25,0.5952,1014,0.24,0.5714,5,0.24,0.5714,1,0.245,0.5833,248,0
SPY190715P298,2019-07-12,2019-07-12 09:35:11.000,0.25,0.5952,1198,0.24,0.5714,445,0.24,0.5714,1,0.245,0.5833,248,0
SPY190715P298,2019-07-12,2019-07-12 09:35:11.000,0.25,0.5952,1325,0.24,0.5714,445,0.24,0.5714,1,0.245,0.5833,248,0
SPY190715P298,2019-07-12,2019-07-12 09:35:12.000,0.25,0.5952,1418,0.24,0.5714,556,0.24,0.5714,1,0.245,0.5833,248,0
SPY190715P298,2019-07-12,2019-07-12 09:35:12.000,0.25,0.5952,1721,0.24,0.5714,194,0.24,0.5714,1,0.245,0.5833,248,0
SPY190715P298,2019-07-12,2019-07-12 09:35:13.000,0.25,0.5952,2116,0.24,0.5714,194,0.24,0.5714,1,0.245,0.5833,248,0
SPY190715P298,2019-07-12,2019-07-12 09:35:13.000,0.25,0.5952,2124,0.24,0.5714,194,0.24,0.5714,1,0.245,0.5833,248,0
SPY190715P298,2019-07-12,2019-07-12 09:35:14.000,0.25,0.5952,2116,0.24,0.5714,194,0.24,0.5714,1,0.245,0.5833,248,0
SPY190715P298,2019-07-12,2019-07-12 09:35:15.000,0.25,0.5952,2013,0.24,0.5714,20,0.24,0.5714,1,0.245,0.5833,248,0
SPY190715P298,2019-07-12,2019-07-12 09:35:16.000,0.25,0.5952,1920,0.24,0.5714,20,0.24,0.5714,1,0.245,0.5833,248,0
SPY190715P298,2019-07-12,2019-07-12 09:35:16.000,0.25,0.5952,2013,0.24,0.5714,20,0.24,0.5714,1,0.245,0.5833,248,0
SPY190715P298,2019-07-12,2019-07-12 09:35:17.000,0.24,0.5714,995,0.23,0.5476,889,0.24,0.5714,20,0.235,0.5595,268,20
SPY190715P298,2019-07-12,2019-07-12 09:35:17.000,0.25,0.5952,2320,0.24,0.5714,20,0.24,0.5714,1,0.245,0.5833,248,0
SPY190715P298,2019-07-12,2019-07-12 09:35:18.000,0.24,0.5714,833,0.23,0.5476,158,0.24,0.5714,20,0.235,0.5595,268,0
SPY190715P298,2019-07-12,2019-07-12 09:35:18.000,0.24,0.5714,833,0.23,0.5476,341,0.24,0.5714,20,0.235,0.5595,268,0
SPY190715P298,2019-07-12,2019-07-12 09:35:19.000,0.24,0.5714,1166,0.23,0.5476,341,0.24,0.5714,20,0.235,0.5595,268,0
SPY190715P298,2019-07-12,2019-07-12 09:35:19.000,0.24,0.5714,1389,0.23,0.5476,471,0.24,0.5714,20,0.235,0.5595,268,0
SPY190715P298,2019-07-12,2019-07-12 09:35:20.000,0.24,0.5714,1389,0.23,0.5476,1028,0.24,0.5714,20,0.235,0.5595,268,0
SPY190715P298,2019-07-12,2019-07-12 09:35:21.000,0.24,0.5714,1389,0.23,0.5476,1028,0.24,0.5714,20,0.235,0.5595,268,0
SPY190715P298,2019-07-12,2019-07-12 09:35:22.000,0.24,0.5714,1056,0.23,0.5476,1028,0.24,0.5714,20,0.235,0.5595,268,0
SPY190715P298,2019-07-12,2019-07-12 09:35:22.000,0.24,0.5714,1472,0.23,0.5476,1028,0.24,0.5714,20,0.235,0.5595,268,0
SPY190715P298,2019-07-12,2019-07-12 09:35:23.000,0.24,0.5714,1270,0.23,0.5476,199,0.24,0.5714,20,0.235,0.5595,268,0
SPY190715P298,2019-07-12,2019-07-12 09:35:23.000,0.24,0.5714,1472,0.23,0.5476,1026,0.24,0.5714,20,0.235,0.5595,268,0
SPY190715P298,2019-07-12,2019-07-12 09:35:24.000,0.24,0.5714,1605,0.23,0.5476,173,0.24,0.5714,20,0.235,0.5595,268,0
SPY190715P298,2019-07-12,2019-07-12 09:35:25.000,0.24,0.5714,1605,0.22,0.5238,3089,0.24,0.5714,20,0.23,0.5476,268,0
SPY190715P298,2019-07-12,2019-07-12 09:35:25.000,0.24,0.5714,1605,0.22,0.5238,4236,0.24,0.5714,20,0.23,0.5476,268,0
SPY190715P298,2019-07-12,2019-07-12 09:35:26.000,0.24,0.5714,1116,0.23,0.5476,317,0.24,0.5714,20,0.235,0.5595,268,0
SPY190715P298,2019-07-12,2019-07-12 09:35:26.000,0.24,0.5714,1718,0.22,0.5238,4241,0.24,0.5714,20,0.23,0.5476,268,0
SPY190715P298,2019-07-12,2019-07-12 09:35:27.000,0.24,0.5714,824,0.23,0.5476,2639,0.24,0.5714,20,0.235,0.5595,268,0
SPY190715P298,2019-07-12,2019-07-12 09:35:27.000,0.24,0.5714,856,0.23,0.5476,383,0.24,0.5714,20,0.235,0.5595,268,0
SPY190715P298,2019-07-12,2019-07-12 09:35:28.000,0.24,0.5714,824,0.23,0.5476,2639,0.24,0.5714,20,0.235,0.5595,268,0
SPY190715P298,2019-07-12,2019-07-12 09:35:29.000,0.24,0.5714,125,0.23,0.5476,2910,0.24,0.5714,20,0.235,0.5595,268,0
SPY190715P298,2019-07-12,2019-07-12 09:35:29.000,0.24,0.5714,824,0.23,0.5476,2767,0.24,0.5714,20,0.235,0.5595,268,0
SPY190715P298,2019-07-12,2019-07-12 09:35:30.000,0.24,0.5714,5,0.23,0.5476,3838,0.24,0.5714,20,0.235,0.5595,268,0
SPY190715P298,2019-07-12,2019-07-12 09:35:30.000,0.24,0.5714,125,0.23,0.5476,3832,0.24,0.5714,20,0.235,0.5595,268,0
SPY190715P298,2019-07-12,2019-07-12 09:35:31.000,0.24,0.5714,5,0.23,0.5476,3838,0.24,0.5714,20,0.235,0.5595,268,0
SPY190715P298,2019-07-12,2019-07-12 09:35:31.000,0.25,0.5952,1548,0.23,0.5476,3835,0.24,0.5714,20,0.24,0.5714,268,0
SPY190715P298,2019-07-12,2019-07-12 09:35:32.000,0.24,0.5714,340,0.23,0.5476,2252,0.24,0.5714,20,0.235,0.5595,268,0
SPY190715P298,2019-07-12,2019-07-12 09:35:32.000,0.24,0.5714,340,0.23,0.5476,3835,0.24,0.5714,20,0.235,0.5595,268,0
SPY190715P298,2019-07-12,2019-07-12 09:35:33.000,0.24,0.5714,321,0.23,0.5476,2798,0.24,0.5714,20,0.235,0.5595,268,0
SPY190715P298,2019-07-12,2019-07-12 09:35:34.000,0.24,0.5714,20,0.23,0.5476,3446,0.24,0.5714,20,0.235,0.5595,268,0
SPY190715P298,2019-07-12,2019-07-12 09:35:34.000,0.24,0.5714,275,0.23,0.5476,3354,0.24,0.5714,20,0.235,0.5595,268,0
SPY190715P298,2019-07-12,2019-07-12 09:35:35.000,0.24,0.5714,451,0.23,0.5476,1703,0.24,0.5714,20,0.235,0.5595,268,0
SPY190715P298,2019-07-12,2019-07-12 09:35:35.000,0.25,0.5952,1449,0.23,0.5476,3354,0.24,0.5714,20,0.24,0.5714,268,0
SPY190715P298,2019-07-12,2019-07-12 09:35:36.000,0.24,0.5714,82,0.23,0.5476,2529,0.24,0.5714,20,0.235,0.5595,268,0
SPY190715P298,2019-07-12,2019-07-12 09:35:36.000,0.24,0.5714,321,0.23,0.5476,2529,0.24,0.5714,20,0.235,0.5595,268,0
SPY190715P298,2019-07-12,2019-07-12 09:35:37.000,0.24,0.5714,321,0.23,0.5476,3469,0.24,0.5714,20,0.235,0.5595,268,0
SPY190715P298,2019-07-12,2019-07-12 09:35:38.000,0.24,0.5714,263,0.23,0.5476,3369,0.24,0.5714,20,0.235,0.5595,268,0
SPY190715P298,2019-07-12,2019-07-12 09:35:38.000,0.24,0.5714,321,0.23,0.5476,3369,0.24,0.5714,20,0.235,0.5595,268,0
SPY190715P298,2019-07-12,2019-07-12 09:35:39.000,0.24,0.5714,379,0.23,0.5476,2223,0.24,0.5714,20,0.235,0.5595,268,0
SPY190715P298,2019-07-12,2019-07-12 09:35:39.000,0.24,0.5714,499,0.23,0.5476,1807,0.24,0.5714,20,0.235,0.5595,268,0
SPY190715P298,2019-07-12,2019-07-12 09:35:40.000,0.24,0.5714,499,0.23,0.5476,1713,0.24,0.5714,20,0.235,0.5595,268,0
SPY190715P298,2019-07-12,2019-07-12 09:35:40.000,0.24,0.5714,499,0.23,0.5476,1807,0.24,0.5714,20,0.235,0.5595,268,0
SPY190715P298,2019-07-12,2019-07-12 09:35:41.000,0.24,0.5714,498,0.23,0.5476,1605,0.24,0.5714,20,0.235,0.5595,268,0
SPY190715P298,2019-07-12,2019-07-12 09:35:41.000,0.24,0.5714,499,0.23,0.5476,2021,0.24,0.5714,20,0.235,0.5595,268,0
SPY190715P298,2019-07-12,2019-07-12 09:35:42.000,0.24,0.5714,470,0.23,0.5476,1297,0.24,0.5714,20,0.235,0.5595,268,0
SPY190715P298,2019-07-12,2019-07-12 09:35:42.000,0.24,0.5714,498,0.23,0.5476,1297,0.24,0.5714,20,0.235,0.5595,268,0
SPY190715P298,2019-07-12,2019-07-12 09:35:43.000,0.24,0.5714,470,0.23,0.5476,1767,0.24,0.5714,20,0.235,0.5595,268,0
SPY190715P298,2019-07-12,2019-07-12 09:35:44.000,0.24,0.5714,319,0.23,0.5476,2190,0.24,0.5714,20,0.235,0.5595,268,0
SPY190715P298,2019-07-12,2019-07-12 09:35:44.000,0.24,0.5714,470,0.23,0.5476,1543,0.24,0.5714,20,0.235,0.5595,268,0
SPY190715P298,2019-07-12,2019-07-12 09:35:45.000,0.24,0.5714,319,0.23,0.5476,2897,0.24,0.5714,20,0.235,0.5595,268,0
SPY190715P298,2019-07-12,2019-07-12 09:35:45.000,0.24,0.5714,319,0.23,0.5476,3096,0.24,0.5714,20,0.235,0.5595,268,0
SPY190715P298,2019-07-12,2019-07-12 09:35:46.000,0.24,0.5714,319,0.23,0.5476,2997,0.24,0.5714,20,0.235,0.5595,268,0
SPY190715P298,2019-07-12,2019-07-12 09:35:46.000,0.24,0.5714,319,0.23,0.5476,3392,0.24,0.5714,20,0.235,0.5595,268,0
SPY190715P298,2019-07-12,2019-07-12 09:35:47.000,0.24,0.5714,319,0.23,0.5476,3361,0.24,0.5714,20,0.235,0.5595,268,0
SPY190715P298,2019-07-12,2019-07-12 09:35:48.000,0.24,0.5714,319,0.23,0.5476,3130,0.24,0.5714,20,0.235,0.5595,268,0
SPY190715P298,2019-07-12,2019-07-12 09:35:48.000,0.24,0.5714,319,0.23,0.5476,3404,0.24,0.5714,20,0.235,0.5595,268,0
SPY190715P298,2019-07-12,2019-07-12 09:35:49.000,0.24,0.5714,319,0.23,0.5476,3349,0.24,0.5714,20,0.235,0.5595,268,0
SPY190715P298,2019-07-12,2019-07-12 09:35:50.000,0.24,0.5714,319,0.23,0.5476,3002,0.24,0.5714,20,0.235,0.5595,268,0
SPY190715P298,2019-07-12,2019-07-12 09:35:50.000,0.24,0.5714,319,0.23,0.5476,3407,0.24,0.5714,20,0.235,0.5595,268,0
SPY190715P298,2019-07-12,2019-07-12 09:35:51.000,0.24,0.5714,319,0.23,0.5476,3410,0.24,0.5714,20,0.235,0.5595,268,0
SPY190715P298,2019-07-12,2019-07-12 09:35:52.000,0.24,0.5714,303,0.23,0.5476,3410,0.24,0.5714,1,0.235,0.5595,269,1
SPY190715P298,2019-07-12,2019-07-12 09:35:52.000,0.24,0.5714,319,0.23,0.5476,3410,0.24,0.5714,20,0.235,0.5595,268,0
SPY190715P298,2019-07-12,2019-07-12 09:35:53.000,0.24,0.5714,303,0.23,0.5476,2980,0.24,0.5714,1,0.235,0.5595,269,0
SPY190715P298,2019-07-12,2019-07-12 09:35:54.000,0.24,0.5714,303,0.23,0.5476,2980,0.24,0.5714,1,0.235,0.5595,269,0
SPY190715P298,2019-07-12,2019-07-12 09:35:55.000,0.24,0.5714,303,0.23,0.5476,3019,0.24,0.5714,1,0.235,0.5595,269,0
SPY190715P298,2019-07-12,2019-07-12 09:35:55.000,0.24,0.5714,303,0.23,0.5476,3427,0.24,0.5714,1,0.235,0.5595,269,0
SPY190715P298,2019-07-12,2019-07-12 09:35:56.000,0.24,0.5714,167,0.23,0.5476,2980,0.24,0.5714,1,0.235,0.5595,269,0
SPY190715P298,2019-07-12,2019-07-12 09:35:56.000,0.24,0.5714,213,0.23,0.5476,3025,0.24,0.5714,1,0.235,0.5595,269,0
SPY190715P298,2019-07-12,2019-07-12 09:35:57.000,0.24,0.5714,249,0.23,0.5476,3439,0.24,0.5714,1,0.235,0.5595,269,0
SPY190715P298,2019-07-12,2019-07-12 09:35:57.000,0.24,0.5714,249,0.23,0.5476,4174,0.24,0.5714,1,0.235,0.5595,269,0
SPY190715P298,2019-07-12,2019-07-12 09:35:58.000,0.24,0.5714,249,0.23,0.5476,4078,0.24,0.5714,1,0.235,0.5595,269,0
SPY190715P298,2019-07-12,2019-07-12 09:35:58.000,0.24,0.5714,249,0.23,0.5476,4179,0.24,0.5714,1,0.235,0.5595,269,0
SPY190715P298,2019-07-12,2019-07-12 09:35:59.000,0.24,0.5714,249,0.23,0.5476,3470,0.24,0.5714,1,0.235,0.5595,269,0
SPY190715P298,2019-07-12,2019-07-12 09:36:00.000,0.24,0.5714,249,0.23,0.5476,3888,0.24,0.5714,1,0.235,0.5595,269,0
SPY190715P298,2019-07-12,2019-07-12 09:36:01.000,0.24,0.5714,249,0.23,0.5476,3887,0.24,0.5714,1,0.235,0.5595,269,0
SPY190715P298,2019-07-12,2019-07-12 09:36:01.000,0.24,0.5714,249,0.23,0.5476,3888,0.24,0.5714,1,0.235,0.5595,269,0
SPY190715P298,2019-07-12,2019-07-12 09:36:02.000,0.24,0.5714,249,0.23,0.5476,3812,0.24,0.5714,1,0.235,0.5595,269,0
SPY190715P298,2019-07-12,2019-07-12 09:36:03.000,0.24,0.5714,249,0.23,0.5476,3908,0.24,0.5714,1,0.235,0.5595,269,0
SPY190715P298,2019-07-12,2019-07-12 09:36:04.000,0.24,0.5714,249,0.23,0.5476,3908,0.24,0.5714,1,0.235,0.5595,269,0
SPY190715P298,2019-07-12,2019-07-12 09:36:05.000,0.25,0.5952,324,0.24,0.5714,353,0.24,0.5714,1,0.245,0.5833,269,0
SPY190715P298,2019-07-12,2019-07-12 09:36:05.000,0.25,0.5952,603,0.24,0.5714,1723,0.24,0.5714,1,0.245,0.5833,269,0
SPY190715P298,2019-07-12,2019-07-12 09:36:06.000,0.25,0.5952,447,0.24,0.5714,2236,0.24,0.5714,1,0.245,0.5833,269,0
SPY190715P298,2019-07-12,2019-07-12 09:36:06.000,0.25,0.5952,447,0.24,0.5714,2467,0.24,0.5714,1,0.245,0.5833,269,0
SPY190715P298,2019-07-12,2019-07-12 09:36:07.000,0.25,0.5952,447,0.24,0.5714,2467,0.24,0.5714,1,0.245,0.5833,269,0
SPY190715P298,2019-07-12,2019-07-12 09:36:07.000,0.25,0.5952,447,0.24,0.5714,2883,0.24,0.5714,1,0.245,0.5833,269,0
SPY190715P298,2019-07-12,2019-07-12 09:36:08.000,0.25,0.5952,67,0.24,0.5714,1231,0.24,0.5714,1,0.245,0.5833,269,0
SPY190715P298,2019-07-12,2019-07-12 09:36:08.000,0.25,0.5952,312,0.24,0.5714,3213,0.24,0.5714,1,0.245,0.5833,269,0
SPY190715P298,2019-07-12,2019-07-12 09:36:09.000,0.25,0.5952,903,0.24,0.5714,123,0.24,0.5714,5,0.245,0.5833,274,0
SPY190715P298,2019-07-12,2019-07-12 09:36:09.000,0.25,0.5952,1402,0.24,0.5714,493,0.24,0.5714,5,0.245,0.5833,274,5
SPY190715P298,2019-07-12,2019-07-12 09:36:10.000,0.25,0.5952,1432,0.24,0.5714,123,0.24,0.5714,5,0.245,0.5833,274,0
SPY190715P298,2019-07-12,2019-07-12 09:36:11.000,0.24,0.5714,5,0.23,0.5476,3094,0.24,0.5714,5,0.235,0.5595,274,0
SPY190715P298,2019-07-12,2019-07-12 09:36:11.000,0.25,0.5952,1564,0.24,0.5714,123,0.24,0.5714,5,0.245,0.5833,274,0
SPY190715P298,2019-07-12,2019-07-12 09:36:12.000,0.24,0.5714,5,0.23,0.5476,4097,0.24,0.5714,1,0.235,0.5595,275,1
SPY190715P298,2019-07-12,2019-07-12 09:36:12.000,0.25,0.5952,1227,0.24,0.5714,86,0.24,0.5714,5,0.245,0.5833,274,0
SPY190715P298,2019-07-12,2019-07-12 09:36:13.000,0.24,0.5714,4,0.23,0.5476,4097,0.24,0.5714,1,0.235,0.5595,275,0
SPY190715P298,2019-07-12,2019-07-12 09:36:13.000,0.24,0.5714,16,0.23,0.5476,3855,0.24,0.5714,1,0.235,0.5595,275,0
SPY190715P298,2019-07-12,2019-07-12 09:36:14.000,0.24,0.5714,100,0.23,0.5476,3975,0.24,0.5714,1,0.235,0.5595,275,0
SPY190715P298,2019-07-12,2019-07-12 09:36:15.000,0.25,0.5952,530,0.24,0.5714,415,0.24,0.5714,1,0.245,0.5833,275,0
SPY190715P298,2019-07-12,2019-07-12 09:36:15.000,0.25,0.5952,1592,0.23,0.5476,3975,0.24,0.5714,1,0.24,0.5714,275,0
SPY190715P298,2019-07-12,2019-07-12 09:36:16.000,0.25,0.5952,410,0.24,0.5714,2760,0.24,0.5714,1,0.245,0.5833,275,0
SPY190715P298,2019-07-12,2019-07-12 09:36:16.000,0.25,0.5952,530,0.24,0.5714,1281,0.24,0.5714,1,0.245,0.5833,275,0
SPY190715P298,2019-07-12,2019-07-12 09:36:17.000,0.25,0.5952,294,0.24,0.5714,3161,0.24,0.5714,1,0.245,0.5833,275,0
SPY190715P298,2019-07-12,2019-07-12 09:36:17.000,0.25,0.5952,517,0.24,0.5714,3161,0.24,0.5714,1,0.245,0.5833,275,0
SPY190715P298,2019-07-12,2019-07-12 09:36:18.000,0.25,0.5952,125,0.24,0.5714,1049,0.24,0.5714,1,0.245,0.5833,275,0
SPY190715P298,2019-07-12,2019-07-12 09:36:19.000,0.25,0.5952,125,0.24,0.5714,2918,0.24,0.5714,1,0.245,0.5833,275,0
SPY190715P298,2019-07-12,2019-07-12 09:36:19.000,0.25,0.5952,427,0.24,0.5714,2918,0.24,0.5714,1,0.245,0.5833,275,0
SPY190715P298,2019-07-12,2019-07-12 09:36:20.000,0.25,0.5952,427,0.24,0.5714,2918,0.24,0.5714,1,0.245,0.5833,275,0
SPY190715P298,2019-07-12,2019-07-12 09:36:20.000,0.25,0.5952,427,0.24,0.5714,2966,0.24,0.5714,1,0.245,0.5833,275,0
SPY190715P298,2019-07-12,2019-07-12 09:36:21.000,0.25,0.5952,427,0.24,0.5714,3196,0.24,0.5714,1,0.245,0.5833,275,0
SPY190715P298,2019-07-12,2019-07-12 09:36:22.000,0.25,0.5952,427,0.24,0.5714,3229,0.24,0.5714,1,0.245,0.5833,275,0
SPY190715P298,2019-07-12,2019-07-12 09:36:22.000,0.25,0.5952,1558,0.24,0.5714,2558,0.24,0.5714,1,0.245,0.5833,275,0
SPY190715P298,2019-07-12,2019-07-12 09:36:23.000,0.25,0.5952,1645,0.24,0.5714,2480,0.24,0.5714,1,0.245,0.5833,275,0
SPY190715P298,2019-07-12,2019-07-12 09:36:23.000,0.25,0.5952,2061,0.24,0.5714,2166,0.24,0.5714,1,0.245,0.5833,275,0
SPY190715P298,2019-07-12,2019-07-12 09:36:24.000,0.25,0.5952,1641,0.24,0.5714,1774,0.24,0.5714,1,0.245,0.5833,275,0
SPY190715P298,2019-07-12,2019-07-12 09:36:24.000,0.25,0.5952,2017,0.24,0.5714,2148,0.24,0.5714,1,0.245,0.5833,275,0
SPY190715P298,2019-07-12,2019-07-12 09:36:25.000,0.24,0.5714,5,0.24,0.5714,695,0.24,0.5714,1,0.24,0.5714,275,0
SPY190715P298,2019-07-12,2019-07-12 09:36:25.000,0.25,0.5952,2017,0.24,0.5714,1141,0.24,0.5714,1,0.245,0.5833,275,0
SPY190715P298,2019-07-12,2019-07-12 09:36:26.000,0.24,0.5714,5,0.23,0.5476,2911,0.24,0.5714,1,0.235,0.5595,275,0
SPY190715P298,2019-07-12,2019-07-12 09:36:27.000,0.24,0.5714,5,0.23,0.5476,2942,0.24,0.5714,1,0.235,0.5595,275,0
SPY190715P298,2019-07-12,2019-07-12 09:36:27.000,0.24,0.5714,5,0.23,0.5476,3322,0.24,0.5714,1,0.235,0.5595,275,0
SPY190715P298,2019-07-12,2019-07-12 09:36:28.000,0.24,0.5714,290,0.23,0.5476,3869,0.24,0.5714,1,0.235,0.5595,275,0
SPY190715P298,2019-07-12,2019-07-12 09:36:29.000,0.24,0.5714,290,0.23,0.5476,3719,0.24,0.5714,1,0.235,0.5595,275,0
SPY190715P298,2019-07-12,2019-07-12 09:36:29.000,0.24,0.5714,290,0.23,0.5476,3761,0.24,0.5714,1,0.235,0.5595,275,0
SPY190715P298,2019-07-12,2019-07-12 09:36:30.000,0.24,0.5714,390,0.23,0.5476,3251,0.24,0.5714,1,0.235,0.5595,275,0
SPY190715P298,2019-07-12,2019-07-12 09:36:31.000,0.24,0.5714,390,0.23,0.5476,3663,0.24,0.5714,1,0.235,0.5595,275,0
SPY190715P298,2019-07-12,2019-07-12 09:36:32.000,0.24,0.5714,390,0.23,0.5476,3251,0.24,0.5714,1,0.235,0.5595,275,0
SPY190715P298,2019-07-12,2019-07-12 09:36:32.000,0.24,0.5714,390,0.23,0.5476,3663,0.24,0.5714,1,0.235,0.5595,275,0
SPY190715P298,2019-07-12,2019-07-12 09:36:33.000,0.24,0.5714,390,0.23,0.5476,3251,0.24,0.5714,1,0.235,0.5595,275,0
SPY190715P298,2019-07-12,2019-07-12 09:36:33.000,0.24,0.5714,390,0.23,0.5476,3666,0.24,0.5714,1,0.235,0.5595,275,0
SPY190715P298,2019-07-12,2019-07-12 09:36:34.000,0.24,0.5714,353,0.23,0.5476,738,0.24,0.5714,1,0.235,0.5595,275,0
SPY190715P298,2019-07-12,2019-07-12 09:36:34.000,0.24,0.5714,390,0.23,0.5476,3251,0.24,0.5714,1,0.235,0.5595,275,0
SPY190715P298,2019-07-12,2019-07-12 09:36:35.000,0.24,0.5714,783,0.23,0.5476,738,0.24,0.5714,1,0.235,0.5595,275,0
SPY190715P298,2019-07-12,2019-07-12 09:36:36.000,0.24,0.5714,1717,0.23,0.5476,1444,0.24,0.5714,1,0.235,0.5595,275,0
SPY190715P298,2019-07-12,2019-07-12 09:36:37.000,0.24,0.5714,1717,0.23,0.5476,1739,0.24,0.5714,1,0.235,0.5595,275,0
SPY190715P298,2019-07-12,2019-07-12 09:36:37.000,0.24,0.5714,1717,0.23,0.5476,1739,0.24,0.5714,1,0.235,0.5595,276,1
SPY190715P298,2019-07-12,2019-07-12 09:36:38.000,0.24,0.5714,1717,0.23,0.5476,1739,0.24,0.5714,1,0.235,0.5595,276,0
SPY190715P298,2019-07-12,2019-07-12 09:36:39.000,0.24,0.5714,323,0.23,0.5476,3224,0.24,0.5714,1,0.235,0.5595,276,0
SPY190715P298,2019-07-12,2019-07-12 09:36:39.000,0.24,0.5714,453,0.23,0.5476,1739,0.24,0.5714,1,0.235,0.5595,276,0
SPY190715P298,2019-07-12,2019-07-12 09:36:40.000,0.24,0.5714,236,0.23,0.5476,3522,0.24,0.5714,1,0.235,0.5595,276,0
SPY190715P298,2019-07-12,2019-07-12 09:36:41.000,0.24,0.5714,5,0.23,0.5476,4458,0.24,0.5714,1,0.235,0.5595,276,0
SPY190715P298,2019-07-12,2019-07-12 09:36:41.000,0.24,0.5714,5,0.23,0.5476,4863,0.24,0.5714,1,0.235,0.5595,276,0
SPY190715P298,2019-07-12,2019-07-12 09:36:42.000,0.24,0.5714,5,0.23,0.5476,4210,0.24,0.5714,1,0.235,0.5595,276,0
SPY190715P298,2019-07-12,2019-07-12 09:36:42.000,0.24,0.5714,5,0.23,0.5476,4458,0.24,0.5714,1,0.235,0.5595,276,0
SPY190715P298,2019-07-12,2019-07-12 09:36:43.000,0.24,0.5714,5,0.23,0.5476,4210,0.24,0.5714,1,0.235,0.5595,276,0
SPY190715P298,2019-07-12,2019-07-12 09:36:43.000,0.24,0.5714,5,0.23,0.5476,4215,0.24,0.5714,1,0.235,0.5595,276,0
SPY190715P298,2019-07-12,2019-07-12 09:36:44.000,0.24,0.5714,5,0.23,0.5476,4289,0.24,0.5714,1,0.235,0.5595,276,0
SPY190715P298,2019-07-12,2019-07-12 09:36:45.000,0.24,0.5714,5,0.23,0.5476,4289,0.24,0.5714,1,0.235,0.5595,276,0
SPY190715P298,2019-07-12,2019-07-12 09:36:46.000,0.24,0.5714,5,0.23,0.5476,4263,0.24,0.5714,1,0.235,0.5595,276,0
SPY190715P298,2019-07-12,2019-07-12 09:36:46.000,0.24,0.5714,5,0.23,0.5476,4289,0.24,0.5714,1,0.235,0.5595,276,0
SPY190715P298,2019-07-12,2019-07-12 09:36:47.000,0.24,0.5714,5,0.23,0.5476,4263,0.24,0.5714,1,0.235,0.5595,276,0
SPY190715P298,2019-07-12,2019-07-12 09:36:47.000,0.24,0.5714,6,0.23,0.5476,4327,0.24,0.5714,1,0.235,0.5595,276,0
SPY190715P298,2019-07-12,2019-07-12 09:36:48.000,0.24,0.5714,335,0.23,0.5476,3517,0.24,0.5714,1,0.235,0.5595,276,0
SPY190715P298,2019-07-12,2019-07-12 09:36:49.000,0.24,0.5714,312,0.23,0.5476,3154,0.24,0.5714,1,0.235,0.5595,276,0
SPY190715P298,2019-07-12,2019-07-12 09:36:49.000,0.24,0.5714,335,0.23,0.5476,3101,0.24,0.5714,1,0.235,0.5595,276,0
SPY190715P298,2019-07-12,2019-07-12 09:36:50.000,0.24,0.5714,438,0.23,0.5476,3154,0.24,0.5714,1,0.235,0.5595,276,0
SPY190715P298,2019-07-12,2019-07-12 09:36:50.000,0.24,0.5714,438,0.23,0.5476,3238,0.24,0.5714,1,0.235,0.5595,276,0
SPY190715P298,2019-07-12,2019-07-12 09:36:51.000,0.24,0.5714,438,0.23,0.5476,2745,0.24,0.5714,1,0.235,0.5595,276,0
SPY190715P298,2019-07-12,2019-07-12 09:36:52.000,0.24,0.5714,458,0.23,0.5476,2715,0.24,0.5714,1,0.235,0.5595,276,0
SPY190715P298,2019-07-12,2019-07-12 09:36:52.000,0.24,0.5714,641,0.23,0.5476,2715,0.24,0.5714,1,0.235,0.5595,276,0
SPY190715P298,2019-07-12,2019-07-12 09:36:53.000,0.24,0.5714,709,0.23,0.5476,3099,0.24,0.5714,1,0.235,0.5595,276,0
SPY190715P298,2019-07-12,2019-07-12 09:36:53.000,0.24,0.5714,709,0.23,0.5476,3199,0.24,0.5714,1,0.235,0.5595,276,0
SPY190715P298,2019-07-12,2019-07-12 09:36:54.000,0.24,0.5714,338,0.23,0.5476,1082,0.24,0.5714,1,0.235,0.5595,276,0
SPY190715P298,2019-07-12,2019-07-12 09:36:54.000,0.24,0.5714,712,0.23,0.5476,3126,0.24,0.5714,1,0.235,0.5595,276,0
SPY190715P298,2019-07-12,2019-07-12 09:36:55.000,0.24,0.5714,671,0.23,0.5476,406,0.24,0.5714,1,0.235,0.5595,276,0
SPY190715P298,2019-07-12,2019-07-12 09:36:55.000,0.24,0.5714,677,0.23,0.5476,186,0.24,0.5714,1,0.235,0.5595,276,0
SPY190715P298,2019-07-12,2019-07-12 09:36:56.000,0.23,0.5476,5,0.22,0.5238,2746,0.24,0.5714,1,0.225,0.5357,276,0
SPY190715P298,2019-07-12,2019-07-12 09:36:56.000,0.23,0.5476,33,0.22,0.5238,3579,0.24,0.5714,1,0.225,0.5357,276,0
SPY190715P298,2019-07-12,2019-07-12 09:36:57.000,0.23,0.5476,330,0.22,0.5238,3529,0.24,0.5714,1,0.225,0.5357,276,0
SPY190715P298,2019-07-12,2019-07-12 09:36:58.000,0.23,0.5476,330,0.22,0.5238,3529,0.24,0.5714,1,0.225,0.5357,276,0
SPY190715P298,2019-07-12,2019-07-12 09:36:59.000,0.23,0.5476,450,0.22,0.5238,3075,0.24,0.5714,1,0.225,0.5357,276,0
SPY190715P298,2019-07-12,2019-07-12 09:36:59.000,0.23,0.5476,613,0.22,0.5238,2632,0.24,0.5714,1,0.225,0.5357,276,0
SPY190715P298,2019-07-12,2019-07-12 09:37:00.000,0.23,0.5476,623,0.22,0.5238,2632,0.24,0.5714,1,0.225,0.5357,276,0
SPY190715P298,2019-07-12,2019-07-12 09:37:00.000,0.23,0.5476,623,0.22,0.5238,2839,0.24,0.5714,1,0.225,0.5357,276,0
SPY190715P298,2019-07-12,2019-07-12 09:37:01.000,0.23,0.5476,1189,0.22,0.5238,2079,0.24,0.5714,1,0.225,0.5357,276,0
SPY190715P298,2019-07-12,2019-07-12 09:37:02.000,0.23,0.5476,490,0.22,0.5238,2575,0.24,0.5714,1,0.225,0.5357,276,0
SPY190715P298,2019-07-12,2019-07-12 09:37:02.000,0.23,0.5476,674,0.22,0.5238,3091,0.24,0.5714,1,0.225,0.5357,276,0
SPY190715P298,2019-07-12,2019-07-12 09:37:03.000,0.23,0.5476,544,0.22,0.5238,3554,0.24,0.5714,1,0.225,0.5357,276,0
SPY190715P298,2019-07-12,2019-07-12 09:37:03.000,0.23,0.5476,841,0.22,0.5238,1193,0.24,0.5714,1,0.225,0.5357,276,0
SPY190715P298,2019-07-12,2019-07-12 09:37:04.000,0.23,0.5476,458,0.22,0.5238,2367,0.24,0.5714,1,0.225,0.5357,276,0
SPY190715P298,2019-07-12,2019-07-12 09:37:04.000,0.23,0.5476,458,0.22,0.5238,3074,0.24,0.5714,1,0.225,0.5357,276,0
SPY190715P298,2019-07-12,2019-07-12 09:37:05.000,0.23,0.5476,532,0.22,0.5238,2658,0.24,0.5714,1,0.225,0.5357,276,0
SPY190715P298,2019-07-12,2019-07-12 09:37:06.000,0.23,0.5476,209,0.22,0.5238,1153,0.24,0.5714,1,0.225,0.5357,276,0
SPY190715P298,2019-07-12,2019-07-12 09:37:06.000,0.23,0.5476,617,0.22,0.5238,2608,0.24,0.5714,1,0.225,0.5357,276,0
SPY190715P298,2019-07-12,2019-07-12 09:37:07.000,0.23,0.5476,189,0.22,0.5238,3213,0.24,0.5714,1,0.225,0.5357,276,0
SPY190715P298,2019-07-12,2019-07-12 09:37:07.000,0.23,0.5476,189,0.22,0.5238,3505,0.24,0.5714,1,0.225,0.5357,276,0
SPY190715P298,2019-07-12,2019-07-12 09:37:08.000,0.23,0.5476,189,0.22,0.5238,4474,0.24,0.5714,1,0.225,0.5357,276,0
SPY190715P298,2019-07-12,2019-07-12 09:37:08.000,0.23,0.5476,189,0.22,0.5238,4477,0.24,0.5714,1,0.225,0.5357,276,0
SPY190715P298,2019-07-12,2019-07-12 09:37:09.000,0.24,0.5714,1086,0.23,0.5476,375,0.24,0.5714,1,0.235,0.5595,276,0
SPY190715P298,2019-07-12,2019-07-12 09:37:09.000,0.24,0.5714,1502,0.23,0.5476,251,0.24,0.5714,1,0.235,0.5595,276,0
SPY190715P298,2019-07-12,2019-07-12 09:37:10.000,0.24,0.5714,1874,0.23,0.5476,251,0.24,0.5714,1,0.235,0.5595,276,0
SPY190715P298,2019-07-12,2019-07-12 09:37:11.000,0.24,0.5714,1874,0.23,0.5476,216,0.24,0.5714,1,0.235,0.5595,276,0
SPY190715P298,2019-07-12,2019-07-12 09:37:11.000,0.24,0.5714,1874,0.23,0.5476,860,0.24,0.5714,1,0.235,0.5595,276,0
SPY190715P298,2019-07-12,2019-07-12 09:37:12.000,0.24,0.5714,1849,0.23,0.5476,2569,0.24,0.5714,1,0.235,0.5595,276,0
SPY190715P298,2019-07-12,2019-07-12 09:37:12.000,0.24,0.5714,1874,0.23,0.5476,1190,0.24,0.5714,1,0.235,0.5595,276,0
SPY190715P298,2019-07-12,2019-07-12 09:37:13.000,0.24,0.5714,1470,0.23,0.5476,1103,0.24,0.5714,1,0.235,0.5595,276,0
SPY190715P298,2019-07-12,2019-07-12 09:37:13.000,0.24,0.5714,1877,0.23,0.5476,492,0.24,0.5714,1,0.235,0.5595,276,0
SPY190715P298,2019-07-12,2019-07-12 09:37:14.000,0.24,0.5714,1855,0.23,0.5476,1489,0.24,0.5714,1,0.235,0.5595,276,0
SPY190715P298,2019-07-12,2019-07-12 09:37:14.000,0.24,0.5714,1877,0.23,0.5476,818,0.24,0.5714,1,0.235,0.5595,276,0
SPY190715P298,2019-07-12,2019-07-12 09:37:15.000,0.24,0.5714,1480,0.23,0.5476,286,0.24,0.5714,1,0.235,0.5595,276,0
SPY190715P298,2019-07-12,2019-07-12 09:37:16.000,0.23,0.5476,5,0.22,0.5238,3566,0.24,0.5714,1,0.225,0.5357,276,0
SPY190715P298,2019-07-12,2019-07-12 09:37:16.000,0.24,0.5714,1855,0.23,0.5476,236,0.24,0.5714,1,0.235,0.5595,276,0
SPY190715P298,2019-07-12,2019-07-12 09:37:17.000,0.23,0.5476,5,0.22,0.5238,4011,0.24,0.5714,1,0.225,0.5357,276,0
SPY190715P298,2019-07-12,2019-07-12 09:37:17.000,0.24,0.5714,1434,0.22,0.5238,3988,0.24,0.5714,1,0.23,0.5476,276,0
SPY190715P298,2019-07-12,2019-07-12 09:37:18.000,0.24,0.5714,1850,0.23,0.5476,155,0.24,0.5714,1,0.235,0.5595,276,0
SPY190715P298,2019-07-12,2019-07-12 09:37:18.000,0.24,0.5714,1850,0.23,0.5476,195,0.24,0.5714,1,0.235,0.5595,276,0
SPY190715P298,2019-07-12,2019-07-12 09:37:19.000,0.24,0.5714,1850,0.23,0.5476,356,0.24,0.5714,1,0.235,0.5595,276,0
SPY190715P298,2019-07-12,2019-07-12 09:37:34.000,0.23,0.5476,5,0.22,0.5238,3936,0.24,0.5714,3,0.225,0.5357,286,10
SPY190715P298,2019-07-12,2019-07-12 09:37:34.000,0.24,0.5714,1670,0.23,0.5476,281,0.24,0.5714,1,0.235,0.5595,287,1
SPY190715P298,2019-07-12,2019-07-12 09:37:35.000,0.24,0.5714,1670,0.23,0.5476,281,0.24,0.5714,1,0.235,0.5595,287,0
SPY190715P298,2019-07-12,2019-07-12 09:37:36.000,0.24,0.5714,1586,0.23,0.5476,223,0.24,0.5714,1,0.235,0.5595,287,0
SPY190715P298,2019-07-12,2019-07-12 09:37:37.000,0.24,0.5714,1413,0.23,0.5476,228,0.24,0.5714,1,0.235,0.5595,287,0
SPY190715P298,2019-07-12,2019-07-12 09:37:38.000,0.24,0.5714,1673,0.23,0.5476,228,0.24,0.5714,1,0.235,0.5595,287,0
SPY190715P298,2019-07-12,2019-07-12 09:37:57.000,0.24,0.5714,2127,0.23,0.5476,5,0.24,0.5714,1,0.235,0.5595,288,1
SPY190715P298,2019-07-12,2019-07-12 09:38:13.000,0.24,0.5714,1874,0.23,0.5476,1000,0.24,0.5714,1,0.235,0.5595,290,2
SPY190715P298,2019-07-12,2019-07-12 09:38:16.000,0.24,0.5714,1930,0.23,0.5476,1683,0.24,0.5714,1,0.235,0.5595,290,0
SPY190715P298,2019-07-12,2019-07-12 09:38:17.000,0.24,0.5714,1858,0.23,0.5476,1365,0.24,0.5714,1,0.235,0.5595,290,0
SPY190715P298,2019-07-12,2019-07-12 09:38:19.000,0.23,0.5476,5,0.22,0.5238,3389,0.24,0.5714,1,0.225,0.5357,290,0
SPY190715P298,2019-07-12,2019-07-12 09:38:19.000,0.23,0.5476,5,0.22,0.5238,3677,0.24,0.5714,1,0.225,0.5357,290,0
SPY190715P298,2019-07-12,2019-07-12 09:38:20.000,0.23,0.5476,253,0.22,0.5238,3803,0.24,0.5714,1,0.225,0.5357,290,0
SPY190715P298,2019-07-12,2019-07-12 09:38:21.000,0.23,0.5476,253,0.22,0.5238,3921,0.24,0.5714,1,0.225,0.5357,290,0
SPY190715P298,2019-07-12,2019-07-12 09:38:21.000,0.23,0.5476,255,0.22,0.5238,3884,0.24,0.5714,1,0.225,0.5357,290,0
SPY190715P298,2019-07-12,2019-07-12 09:38:22.000,0.23,0.5476,255,0.22,0.5238,3734,0.24,0.5714,1,0.225,0.5357,290,0
SPY190715P298,2019-07-12,2019-07-12 09:38:22.000,0.23,0.5476,255,0.22,0.5238,3925,0.24,0.5714,1,0.225,0.5357,290,0
SPY190715P298,2019-07-12,2019-07-12 09:38:23.000,0.23,0.5476,255,0.22,0.5238,3925,0.24,0.5714,1,0.225,0.5357,290,0
SPY190715P298,2019-07-12,2019-07-12 09:38:27.000,0.23,0.5476,521,0.22,0.5238,3488,0.24,0.5714,1,0.225,0.5357,290,0
SPY190715P298,2019-07-12,2019-07-12 09:38:28.000,0.23,0.5476,521,0.22,0.5238,3488,0.24,0.5714,1,0.225,0.5357,290,0
SPY190715P298,2019-07-12,2019-07-12 09:38:29.000,0.23,0.5476,521,0.22,0.5238,3488,0.24,0.5714,1,0.225,0.5357,290,0
SPY190715P298,2019-07-12,2019-07-12 09:38:30.000,0.23,0.5476,521,0.22,0.5238,3488,0.24,0.5714,1,0.225,0.5357,290,0
SPY190715P298,2019-07-12,2019-07-12 09:38:31.000,0.23,0.5476,521,0.22,0.5238,3488,0.24,0.5714,1,0.225,0.5357,290,0
SPY190715P298,2019-07-12,2019-07-12 09:38:32.000,0.23,0.5476,521,0.22,0.5238,3488,0.24,0.5714,1,0.225,0.5357,290,0
SPY190715P298,2019-07-12,2019-07-12 09:38:33.000,0.23,0.5476,521,0.22,0.5238,3488,0.24,0.5714,1,0.225,0.5357,290,0
SPY190715P298,2019-07-12,2019-07-12 09:38:34.000,0.23,0.5476,996,0.22,0.5238,1547,0.24,0.5714,1,0.225,0.5357,290,0
SPY190715P298,2019-07-12,2019-07-12 09:38:34.000,0.23,0.5476,996,0.22,0.5238,1973,0.24,0.5714,1,0.225,0.5357,290,0
SPY190715P298,2019-07-12,2019-07-12 09:38:35.000,0.23,0.5476,1188,0.22,0.5238,1304,0.24,0.5714,1,0.225,0.5357,290,0
SPY190715P298,2019-07-12,2019-07-12 09:38:35.000,0.23,0.5476,1188,0.22,0.5238,1444,0.24,0.5714,1,0.225,0.5357,290,0
SPY190715P298,2019-07-12,2019-07-12 09:38:36.000,0.23,0.5476,1055,0.22,0.5238,2011,0.24,0.5714,1,0.225,0.5357,290,0
SPY190715P298,2019-07-12,2019-07-12 09:38:36.000,0.23,0.5476,1188,0.22,0.5238,2011,0.24,0.5714,1,0.225,0.5357,290,0
SPY190715P298,2019-07-12,2019-07-12 09:38:37.000,0.23,0.5476,1666,0.22,0.5238,1976,0.24,0.5714,1,0.225,0.5357,290,0
SPY190715P298,2019-07-12,2019-07-12 09:38:38.000,0.23,0.5476,1644,0.22,0.5238,1957,0.24,0.5714,1,0.225,0.5357,290,0
SPY190715P298,2019-07-12,2019-07-12 09:38:38.000,0.23,0.5476,1644,0.22,0.5238,2019,0.24,0.5714,1,0.225,0.5357,290,0
SPY190715P298,2019-07-12,2019-07-12 09:38:39.000,0.23,0.5476,1644,0.22,0.5238,1957,0.24,0.5714,1,0.225,0.5357,290,0
SPY190715P298,2019-07-12,2019-07-12 09:38:40.000,0.23,0.5476,1644,0.22,0.5238,1957,0.24,0.5714,1,0.225,0.5357,290,0
SPY190715P298,2019-07-12,2019-07-12 09:38:41.000,0.23,0.5476,1644,0.22,0.5238,1957,0.24,0.5714,1,0.225,0.5357,290,0
SPY190715P298,2019-07-12,2019-07-12 09:38:42.000,0.23,0.5476,1644,0.22,0.5238,2114,0.24,0.5714,1,0.225,0.5357,290,0
SPY190715P298,2019-07-12,2019-07-12 09:38:43.000,0.23,0.5476,1328,0.22,0.5238,1735,0.24,0.5714,1,0.225,0.5357,290,0
SPY190715P298,2019-07-12,2019-07-12 09:38:44.000,0.23,0.5476,452,0.22,0.5238,2835,0.24,0.5714,1,0.225,0.5357,290,0
SPY190715P298,2019-07-12,2019-07-12 09:38:44.000,0.23,0.5476,1692,0.22,0.5238,2015,0.24,0.5714,1,0.225,0.5357,290,0
SPY190715P298,2019-07-12,2019-07-12 09:38:45.000,0.23,0.5476,452,0.22,0.5238,2029,0.24,0.5714,1,0.225,0.5357,290,0
SPY190715P298,2019-07-12,2019-07-12 09:38:45.000,0.23,0.5476,1021,0.22,0.5238,2061,0.24,0.5714,1,0.225,0.5357,290,0
SPY190715P298,2019-07-12,2019-07-12 09:38:46.000,0.23,0.5476,1208,0.22,0.5238,1071,0.24,0.5714,1,0.225,0.5357,290,0
SPY190715P298,2019-07-12,2019-07-12 09:38:46.000,0.23,0.5476,1794,0.22,0.5238,4,0.22,0.5238,1,0.225,0.5357,291,1
SPY190715P298,2019-07-12,2019-07-12 09:38:47.000,0.23,0.5476,1687,0.22,0.5238,4,0.22,0.5238,1,0.225,0.5357,291,0
SPY190715P298,2019-07-12,2019-07-12 09:38:47.000,0.23,0.5476,1816,0.22,0.5238,4,0.22,0.5238,1,0.225,0.5357,291,0
SPY190715P298,2019-07-12,2019-07-12 09:38:48.000,0.23,0.5476,1687,0.22,0.5238,4,0.22,0.5238,1,0.225,0.5357,291,0
SPY190715P298,2019-07-12,2019-07-12 09:38:49.000,0.23,0.5476,1626,0.22,0.5238,780,0.22,0.5238,1,0.225,0.5357,291,0
SPY190715P298,2019-07-12,2019-07-12 09:38:49.000,0.23,0.5476,1687,0.22,0.5238,4,0.22,0.5238,1,0.225,0.5357,291,0
SPY190715P298,2019-07-12,2019-07-12 09:38:50.000,0.23,0.5476,1179,0.22,0.5238,2211,0.22,0.5238,1,0.225,0.5357,291,0
SPY190715P298,2019-07-12,2019-07-12 09:38:51.000,0.23,0.5476,1064,0.22,0.5238,2114,0.22,0.5238,1,0.225,0.5357,291,0
SPY190715P298,2019-07-12,2019-07-12 09:38:52.000,0.23,0.5476,1413,0.22,0.5238,2092,0.22,0.5238,1,0.225,0.5357,291,0
SPY190715P298,2019-07-12,2019-07-12 09:38:52.000,0.23,0.5476,1413,0.22,0.5238,2508,0.22,0.5238,1,0.225,0.5357,291,0
SPY190715P298,2019-07-12,2019-07-12 09:38:53.000,0.23,0.5476,1413,0.22,0.5238,2508,0.22,0.5238,1,0.225,0.5357,291,0
SPY190715P298,2019-07-12,2019-07-12 09:38:53.000,0.23,0.5476,1413,0.22,0.5238,3095,0.22,0.5238,1,0.225,0.5357,291,0
SPY190715P298,2019-07-12,2019-07-12 09:38:54.000,0.23,0.5476,30,0.22,0.5238,1981,0.22,0.5238,1,0.225,0.5357,291,0
SPY190715P298,2019-07-12,2019-07-12 09:38:54.000,0.23,0.5476,1413,0.22,0.5238,3095,0.22,0.5238,1,0.225,0.5357,291,0
SPY190715P298,2019-07-12,2019-07-12 09:38:55.000,0.23,0.5476,273,0.22,0.5238,3144,0.22,0.5238,1,0.225,0.5357,291,0
SPY190715P298,2019-07-12,2019-07-12 09:38:56.000,0.23,0.5476,273,0.22,0.5238,3442,0.22,0.5238,1,0.225,0.5357,291,0
SPY190715P298,2019-07-12,2019-07-12 09:38:56.000,0.23,0.5476,273,0.22,0.5238,3757,0.22,0.5238,1,0.225,0.5357,291,0
SPY190715P298,2019-07-12,2019-07-12 09:38:57.000,0.24,0.5714,1548,0.22,0.5238,3757,0.22,0.5238,1,0.23,0.5476,291,0
SPY190715P298,2019-07-12,2019-07-12 09:38:57.000,0.24,0.5714,1602,0.22,0.5238,3227,0.22,0.5238,1,0.23,0.5476,291,0
SPY190715P298,2019-07-12,2019-07-12 09:38:58.000,0.24,0.5714,1710,0.22,0.5238,3227,0.22,0.5238,1,0.23,0.5476,291,0
SPY190715P298,2019-07-12,2019-07-12 09:38:58.000,0.24,0.5714,1967,0.22,0.5238,3640,0.22,0.5238,1,0.23,0.5476,291,0
SPY190715P298,2019-07-12,2019-07-12 09:38:59.000,0.24,0.5714,1682,0.22,0.5238,3227,0.22,0.5238,1,0.23,0.5476,291,0
SPY190715P298,2019-07-12,2019-07-12 09:38:59.000,0.24,0.5714,2176,0.22,0.5238,3641,0.22,0.5238,1,0.23,0.5476,291,0
SPY190715P298,2019-07-12,2019-07-12 09:39:00.000,0.24,0.5714,2076,0.22,0.5238,3641,0.22,0.5238,1,0.23,0.5476,291,0
SPY190715P298,2019-07-12,2019-07-12 09:39:01.000,0.24,0.5714,2073,0.22,0.5238,3527,0.22,0.5238,1,0.23,0.5476,291,0
SPY190715P298,2019-07-12,2019-07-12 09:39:01.000,0.24,0.5714,2073,0.22,0.5238,3572,0.22,0.5238,2,0.23,0.5476,293,2
SPY190715P298,2019-07-12,2019-07-12 09:39:02.000,0.24,0.5714,2251,0.22,0.5238,3580,0.22,0.5238,2,0.23,0.5476,293,0
SPY190715P298,2019-07-12,2019-07-12 09:39:02.000,0.24,0.5714,2251,0.22,0.5238,3680,0.22,0.5238,2,0.23,0.5476,293,0
SPY190715P298,2019-07-12,2019-07-12 09:39:03.000,0.23,0.5476,95,0.22,0.5238,1335,0.22,0.5238,2,0.225,0.5357,293,0
SPY190715P298,2019-07-12,2019-07-12 09:39:03.000,0.24,0.5714,2251,0.22,0.5238,3580,0.22,0.5238,2,0.23,0.5476,293,0
SPY190715P298,2019-07-12,2019-07-12 09:39:04.000,0.23,0.5476,95,0.22,0.5238,1349,0.22,0.5238,2,0.225,0.5357,293,0
SPY190715P298,2019-07-12,2019-07-12 09:39:05.000,0.23,0.5476,1218,0.22,0.5238,1349,0.22,0.5238,2,0.225,0.5357,293,0
SPY190715P298,2019-07-12,2019-07-12 09:39:05.000,0.23,0.5476,1434,0.22,0.5238,1721,0.22,0.5238,2,0.225,0.5357,293,0
SPY190715P298,2019-07-12,2019-07-12 09:39:06.000,0.23,0.5476,1418,0.22,0.5238,416,0.22,0.5238,2,0.225,0.5357,293,0
SPY190715P298,2019-07-12,2019-07-12 09:39:06.000,0.23,0.5476,1745,0.22,0.5238,416,0.22,0.5238,2,0.225,0.5357,293,0
SPY190715P298,2019-07-12,2019-07-12 09:39:07.000,0.23,0.5476,1752,0.22,0.5238,416,0.22,0.5238,2,0.225,0.5357,293,0
SPY190715P298,2019-07-12,2019-07-12 09:39:08.000,0.23,0.5476,1752,0.22,0.5238,416,0.22,0.5238,2,0.225,0.5357,293,0
SPY190715P298,2019-07-12,2019-07-12 09:39:09.000,0.23,0.5476,2038,0.22,0.5238,4,0.22,0.5238,2,0.225,0.5357,293,0
SPY190715P298,2019-07-12,2019-07-12 09:39:10.000,0.23,0.5476,2038,0.22,0.5238,4,0.22,0.5238,2,0.225,0.5357,293,0
SPY190715P298,2019-07-12,2019-07-12 09:39:11.000,0.23,0.5476,888,0.22,0.5238,4,0.22,0.5238,2,0.225,0.5357,293,0
SPY190715P298,2019-07-12,2019-07-12 09:39:11.000,0.23,0.5476,1608,0.22,0.5238,4,0.22,0.5238,2,0.225,0.5357,293,0
SPY190715P298,2019-07-12,2019-07-12 09:39:12.000,0.23,0.5476,1482,0.22,0.5238,4,0.22,0.5238,2,0.225,0.5357,293,0
SPY190715P298,2019-07-12,2019-07-12 09:39:12.000,0.23,0.5476,2065,0.22,0.5238,4,0.22,0.5238,2,0.225,0.5357,293,0
SPY190715P298,2019-07-12,2019-07-12 09:39:13.000,0.23,0.5476,1865,0.22,0.5238,4,0.22,0.5238,2,0.225,0.5357,293,0
SPY190715P298,2019-07-12,2019-07-12 09:39:13.000,0.23,0.5476,1874,0.22,0.5238,4,0.22,0.5238,2,0.225,0.5357,293,0
SPY190715P298,2019-07-12,2019-07-12 09:39:14.000,0.23,0.5476,2439,0.22,0.5238,4,0.22,0.5238,2,0.225,0.5357,293,0
SPY190715P298,2019-07-12,2019-07-12 09:39:15.000,0.23,0.5476,2439,0.22,0.5238,4,0.22,0.5238,2,0.225,0.5357,293,0
SPY190715P298,2019-07-12,2019-07-12 09:39:15.000,0.23,0.5476,2503,0.22,0.5238,4,0.22,0.5238,2,0.225,0.5357,293,0
SPY190715P298,2019-07-12,2019-07-12 09:39:16.000,0.23,0.5476,2439,0.22,0.5238,4,0.22,0.5238,2,0.225,0.5357,293,0
SPY190715P298,2019-07-12,2019-07-12 09:39:17.000,0.23,0.5476,2439,0.22,0.5238,4,0.22,0.5238,2,0.225,0.5357,293,0
SPY190715P298,2019-07-12,2019-07-12 09:39:18.000,0.23,0.5476,2439,0.22,0.5238,4,0.22,0.5238,2,0.225,0.5357,293,0
SPY190715P298,2019-07-12,2019-07-12 09:39:18.000,0.23,0.5476,2529,0.22,0.5238,4,0.22,0.5238,2,0.225,0.5357,293,0
SPY190715P298,2019-07-12,2019-07-12 09:39:19.000,0.23,0.5476,2529,0.21,0.50,1702,0.22,0.5238,1,0.22,0.5238,298,5
SPY190715P298,2019-07-12,2019-07-12 09:39:20.000,0.21,0.50,409,0.20,0.4761,1778,0.20,0.4761,1,0.205,0.488,299,1
SPY190715P298,2019-07-12,2019-07-12 09:39:20.000,0.22,0.5238,726,0.20,0.4761,2877,0.20,0.4761,1,0.21,0.50,299,0
SPY190715P298,2019-07-12,2019-07-12 09:39:21.000,0.21,0.50,5,0.20,0.4761,2555,0.20,0.4761,1,0.205,0.488,299,0
SPY190715P298,2019-07-12,2019-07-12 09:39:21.000,0.21,0.50,5,0.20,0.4761,2794,0.20,0.4761,1,0.205,0.488,299,0
SPY190715P298,2019-07-12,2019-07-12 09:39:22.000,0.22,0.5238,1764,0.20,0.4761,3073,0.20,0.4761,1,0.21,0.50,299,0
SPY190715P298,2019-07-12,2019-07-12 09:39:22.000,0.22,0.5238,1828,0.20,0.4761,3073,0.20,0.4761,1,0.21,0.50,299,0
SPY190715P298,2019-07-12,2019-07-12 09:39:23.000,0.21,0.50,5,0.20,0.4761,3347,0.20,0.4761,1,0.205,0.488,299,0
SPY190715P298,2019-07-12,2019-07-12 09:39:24.000,0.21,0.50,5,0.20,0.4761,3347,0.20,0.4761,1,0.205,0.488,299,0
SPY190715P298,2019-07-12,2019-07-12 09:39:24.000,0.21,0.50,5,0.20,0.4761,3645,0.20,0.4761,1,0.205,0.488,299,0
SPY190715P298,2019-07-12,2019-07-12 09:39:25.000,0.21,0.50,5,0.20,0.4761,3769,0.20,0.4761,1,0.205,0.488,299,0
SPY190715P298,2019-07-12,2019-07-12 09:39:25.000,0.21,0.50,5,0.20,0.4761,3833,0.20,0.4761,1,0.205,0.488,299,0
SPY190715P298,2019-07-12,2019-07-12 09:39:26.000,0.21,0.50,5,0.20,0.4761,3783,0.20,0.4761,1,0.205,0.488,299,0
SPY190715P298,2019-07-12,2019-07-12 09:39:26.000,0.21,0.50,5,0.20,0.4761,3833,0.20,0.4761,1,0.205,0.488,299,0
SPY190715P298,2019-07-12,2019-07-12 09:39:27.000,0.21,0.50,5,0.20,0.4761,3783,0.20,0.4761,1,0.205,0.488,299,0
SPY190715P298,2019-07-12,2019-07-12 09:39:27.000,0.21,0.50,5,0.20,0.4761,3833,0.20,0.4761,1,0.205,0.488,299,0
SPY190715P298,2019-07-12,2019-07-12 09:39:28.000,0.21,0.50,5,0.20,0.4761,3833,0.20,0.4761,1,0.205,0.488,299,0
SPY190715P298,2019-07-12,2019-07-12 09:39:29.000,0.21,0.50,409,0.20,0.4761,2477,0.21,0.50,5,0.205,0.488,304,0
SPY190715P298,2019-07-12,2019-07-12 09:39:29.000,0.22,0.5238,1852,0.20,0.4761,3377,0.21,0.50,5,0.21,0.50,304,5
SPY190715P298,2019-07-12,2019-07-12 09:39:30.000,0.21,0.50,444,0.20,0.4761,3487,0.21,0.50,5,0.205,0.488,304,0
SPY190715P298,2019-07-12,2019-07-12 09:39:30.000,0.21,0.50,604,0.20,0.4761,3235,0.21,0.50,5,0.205,0.488,304,0
SPY190715P298,2019-07-12,2019-07-12 09:39:31.000,0.21,0.50,604,0.20,0.4761,3235,0.21,0.50,5,0.205,0.488,304,0
SPY190715P298,2019-07-12,2019-07-12 09:39:32.000,0.21,0.50,604,0.20,0.4761,3235,0.21,0.50,5,0.205,0.488,304,0
SPY190715P298,2019-07-12,2019-07-12 09:39:33.000,0.21,0.50,596,0.20,0.4761,3351,0.21,0.50,5,0.205,0.488,304,0
SPY190715P298,2019-07-12,2019-07-12 09:39:34.000,0.21,0.50,1117,0.20,0.4761,1806,0.21,0.50,5,0.205,0.488,304,0
SPY190715P298,2019-07-12,2019-07-12 09:39:34.000,0.21,0.50,1670,0.20,0.4761,1579,0.21,0.50,5,0.205,0.488,304,0
SPY190715P298,2019-07-12,2019-07-12 09:39:35.000,0.21,0.50,1760,0.19,0.4523,1081,0.21,0.50,5,0.20,0.4761,304,0
SPY190715P298,2019-07-12,2019-07-12 09:39:35.000,0.21,0.50,1887,0.20,0.4761,183,0.21,0.50,5,0.205,0.488,304,0
SPY190715P298,2019-07-12,2019-07-12 09:39:36.000,0.20,0.4761,329,0.19,0.4523,3182,0.21,0.50,5,0.195,0.4642,304,0
SPY190715P298,2019-07-12,2019-07-12 09:39:37.000,0.20,0.4761,329,0.19,0.4523,2988,0.21,0.50,5,0.195,0.4642,304,0
SPY190715P298,2019-07-12,2019-07-12 09:39:37.000,0.20,0.4761,329,0.19,0.4523,3032,0.21,0.50,5,0.195,0.4642,304,0
SPY190715P298,2019-07-12,2019-07-12 09:39:38.000,0.20,0.4761,486,0.19,0.4523,3522,0.21,0.50,5,0.195,0.4642,304,0
SPY190715P298,2019-07-12,2019-07-12 09:39:38.000,0.20,0.4761,582,0.19,0.4523,1898,0.21,0.50,5,0.195,0.4642,304,0
SPY190715P298,2019-07-12,2019-07-12 09:39:39.000,0.20,0.4761,404,0.19,0.4523,1721,0.21,0.50,5,0.195,0.4642,304,0
SPY190715P298,2019-07-12,2019-07-12 09:39:39.000,0.20,0.4761,1141,0.19,0.4523,1574,0.21,0.50,5,0.195,0.4642,304,0
SPY190715P298,2019-07-12,2019-07-12 09:39:40.000,0.20,0.4761,1141,0.19,0.4523,1574,0.21,0.50,5,0.195,0.4642,304,0
SPY190715P298,2019-07-12,2019-07-12 09:39:41.000,0.19,0.4523,5,0.18,0.4285,3046,0.20,0.4761,1,0.185,0.4404,305,1
SPY190715P298,2019-07-12,2019-07-12 09:39:42.000,0.19,0.4523,5,0.18,0.4285,4126,0.20,0.4761,1,0.185,0.4404,305,0
SPY190715P298,2019-07-12,2019-07-12 09:39:42.000,0.19,0.4523,332,0.18,0.4285,4126,0.20,0.4761,1,0.185,0.4404,305,0
SPY190715P298,2019-07-12,2019-07-12 09:39:43.000,0.19,0.4523,332,0.18,0.4285,4138,0.20,0.4761,1,0.185,0.4404,305,0
SPY190715P298,2019-07-12,2019-07-12 09:39:44.000,0.19,0.4523,332,0.18,0.4285,4188,0.20,0.4761,1,0.185,0.4404,305,0
SPY190715P298,2019-07-12,2019-07-12 09:39:45.000,0.19,0.4523,332,0.18,0.4285,4217,0.20,0.4761,1,0.185,0.4404,305,0
SPY190715P298,2019-07-12,2019-07-12 09:39:46.000,0.19,0.4523,332,0.18,0.4285,3800,0.20,0.4761,1,0.185,0.4404,305,0
SPY190715P298,2019-07-12,2019-07-12 09:39:46.000,0.19,0.4523,359,0.18,0.4285,3722,0.20,0.4761,1,0.185,0.4404,305,0
SPY190715P298,2019-07-12,2019-07-12 09:39:47.000,0.19,0.4523,359,0.18,0.4285,4138,0.20,0.4761,1,0.185,0.4404,305,0
SPY190715P298,2019-07-12,2019-07-12 09:39:48.000,0.19,0.4523,359,0.18,0.4285,4067,0.20,0.4761,1,0.185,0.4404,305,0
SPY190715P298,2019-07-12,2019-07-12 09:39:48.000,0.19,0.4523,359,0.18,0.4285,4138,0.20,0.4761,1,0.185,0.4404,305,0
SPY190715P298,2019-07-12,2019-07-12 09:39:49.000,0.19,0.4523,359,0.18,0.4285,4067,0.20,0.4761,1,0.185,0.4404,305,0
SPY190715P298,2019-07-12,2019-07-12 09:39:50.000,0.19,0.4523,86,0.18,0.4285,4158,0.20,0.4761,1,0.185,0.4404,305,0
SPY190715P298,2019-07-12,2019-07-12 09:39:50.000,0.19,0.4523,409,0.18,0.4285,2526,0.20,0.4761,1,0.185,0.4404,305,0
SPY190715P298,2019-07-12,2019-07-12 09:39:51.000,0.19,0.4523,283,0.18,0.4285,2450,0.20,0.4761,1,0.185,0.4404,305,0
SPY190715P298,2019-07-12,2019-07-12 09:39:51.000,0.19,0.4523,283,0.18,0.4285,3639,0.20,0.4761,1,0.185,0.4404,305,0
SPY190715P298,2019-07-12,2019-07-12 09:39:52.000,0.19,0.4523,240,0.18,0.4285,3642,0.20,0.4761,1,0.185,0.4404,305,0
SPY190715P298,2019-07-12,2019-07-12 09:39:52.000,0.20,0.4761,1930,0.18,0.4285,3529,0.20,0.4761,1,0.19,0.4523,305,0
SPY190715P298,2019-07-12,2019-07-12 09:39:53.000,0.19,0.4523,328,0.18,0.4285,3103,0.20,0.4761,1,0.185,0.4404,305,0
SPY190715P298,2019-07-12,2019-07-12 09:39:53.000,0.19,0.4523,474,0.18,0.4285,2321,0.20,0.4761,1,0.185,0.4404,305,0
SPY190715P298,2019-07-12,2019-07-12 09:39:54.000,0.19,0.4523,503,0.18,0.4285,3103,0.20,0.4761,1,0.185,0.4404,305,0
SPY190715P298,2019-07-12,2019-07-12 09:39:55.000,0.19,0.4523,503,0.18,0.4285,3103,0.20,0.4761,1,0.185,0.4404,305,0
SPY190715P298,2019-07-12,2019-07-12 09:39:55.000,0.19,0.4523,503,0.18,0.4285,3478,0.20,0.4761,1,0.185,0.4404,305,0
SPY190715P298,2019-07-12,2019-07-12 09:39:56.000,0.19,0.4523,503,0.18,0.4285,3738,0.20,0.4761,1,0.185,0.4404,305,0
SPY190715P298,2019-07-12,2019-07-12 09:39:56.000,0.20,0.4761,1742,0.18,0.4285,3764,0.20,0.4761,1,0.19,0.4523,305,0
SPY190715P298,2019-07-12,2019-07-12 09:39:57.000,0.20,0.4761,2322,0.19,0.4523,245,0.20,0.4761,1,0.195,0.4642,305,0
SPY190715P298,2019-07-12,2019-07-12 09:39:57.000,0.20,0.4761,2322,0.19,0.4523,426,0.20,0.4761,1,0.195,0.4642,305,0
SPY190715P298,2019-07-12,2019-07-12 09:39:58.000,0.20,0.4761,2272,0.19,0.4523,463,0.20,0.4761,1,0.195,0.4642,305,0
SPY190715P298,2019-07-12,2019-07-12 09:39:58.000,0.20,0.4761,2302,0.19,0.4523,714,0.20,0.4761,1,0.195,0.4642,305,0
SPY190715P298,2019-07-12,2019-07-12 09:39:59.000,0.20,0.4761,1786,0.19,0.4523,1183,0.20,0.4761,1,0.195,0.4642,305,0
SPY190715P298,2019-07-12,2019-07-12 09:39:59.000,0.20,0.4761,2302,0.19,0.4523,784,0.20,0.4761,1,0.195,0.4642,305,0
SPY190715P298,2019-07-12,2019-07-12 09:40:00.000,0.20,0.4761,1133,0.19,0.4523,2747,0.20,0.4761,2,0.195,0.4642,307,2
SPY190715P298,2019-07-12,2019-07-12 09:40:01.000,0.20,0.4761,5,0.19,0.4523,2182,0.20,0.4761,2,0.195,0.4642,307,0
SPY190715P298,2019-07-12,2019-07-12 09:40:01.000,0.21,0.50,733,0.19,0.4523,2182,0.20,0.4761,2,0.20,0.4761,307,0
SPY190715P298,2019-07-12,2019-07-12 09:40:02.000,0.20,0.4761,466,0.19,0.4523,2926,0.20,0.4761,2,0.195,0.4642,307,0
SPY190715P298,2019-07-12,2019-07-12 09:40:02.000,0.20,0.4761,662,0.19,0.4523,2826,0.20,0.4761,2,0.195,0.4642,307,0
SPY190715P298,2019-07-12,2019-07-12 09:40:03.000,0.20,0.4761,1545,0.19,0.4523,561,0.20,0.4761,2,0.195,0.4642,307,0
SPY190715P298,2019-07-12,2019-07-12 09:40:04.000,0.20,0.4761,2430,0.18,0.4285,3760,0.20,0.4761,2,0.19,0.4523,307,0
SPY190715P298,2019-07-12,2019-07-12 09:40:04.000,0.20,0.4761,2628,0.19,0.4523,120,0.20,0.4761,2,0.195,0.4642,307,0
SPY190715P298,2019-07-12,2019-07-12 09:40:05.000,0.19,0.4523,5,0.18,0.4285,3760,0.20,0.4761,2,0.185,0.4404,307,0
SPY190715P298,2019-07-12,2019-07-12 09:40:05.000,0.19,0.4523,5,0.18,0.4285,3785,0.20,0.4761,2,0.185,0.4404,307,0
SPY190715P298,2019-07-12,2019-07-12 09:40:06.000,0.19,0.4523,5,0.18,0.4285,4562,0.20,0.4761,2,0.185,0.4404,307,0
SPY190715P298,2019-07-12,2019-07-12 09:40:07.000,0.19,0.4523,5,0.18,0.4285,4035,0.20,0.4761,2,0.185,0.4404,307,0
SPY190715P298,2019-07-12,2019-07-12 09:40:08.000,0.19,0.4523,5,0.18,0.4285,4035,0.20,0.4761,2,0.185,0.4404,307,0
SPY190715P298,2019-07-12,2019-07-12 09:40:08.000,0.19,0.4523,190,0.18,0.4285,4035,0.20,0.4761,2,0.185,0.4404,307,0
SPY190715P298,2019-07-12,2019-07-12 09:40:09.000,0.19,0.4523,430,0.18,0.4285,4035,0.20,0.4761,2,0.185,0.4404,307,0
SPY190715P298,2019-07-12,2019-07-12 09:40:09.000,0.19,0.4523,430,0.18,0.4285,4456,0.20,0.4761,2,0.185,0.4404,307,0
SPY190715P298,2019-07-12,2019-07-12 09:40:10.000,0.19,0.4523,430,0.18,0.4285,4456,0.20,0.4761,2,0.185,0.4404,307,0
SPY190715P298,2019-07-12,2019-07-12 09:40:11.000,0.19,0.4523,1766,0.18,0.4285,3698,0.20,0.4761,2,0.185,0.4404,307,0
SPY190715P298,2019-07-12,2019-07-12 09:40:12.000,0.19,0.4523,669,0.18,0.4285,3080,0.20,0.4761,2,0.185,0.4404,307,0
SPY190715P298,2019-07-12,2019-07-12 09:40:12.000,0.19,0.4523,1294,0.18,0.4285,3774,0.20,0.4761,2,0.185,0.4404,307,0
SPY190715P298,2019-07-12,2019-07-12 09:40:13.000,0.19,0.4523,437,0.18,0.4285,5014,0.20,0.4761,2,0.185,0.4404,307,0
SPY190715P298,2019-07-12,2019-07-12 09:40:14.000,0.19,0.4523,1693,0.18,0.4285,3501,0.20,0.4761,2,0.185,0.4404,307,0
SPY190715P298,2019-07-12,2019-07-12 09:40:14.000,0.19,0.4523,1969,0.18,0.4285,3777,0.20,0.4761,2,0.185,0.4404,307,0
SPY190715P298,2019-07-12,2019-07-12 09:40:15.000,0.19,0.4523,1969,0.18,0.4285,3876,0.20,0.4761,2,0.185,0.4404,307,0
SPY190715P298,2019-07-12,2019-07-12 09:40:16.000,0.19,0.4523,1969,0.18,0.4285,3876,0.20,0.4761,2,0.185,0.4404,307,0
SPY190715P298,2019-07-12,2019-07-12 09:40:17.000,0.19,0.4523,1737,0.18,0.4285,3499,0.20,0.4761,2,0.185,0.4404,307,0
SPY190715P298,2019-07-12,2019-07-12 09:40:17.000,0.19,0.4523,1969,0.18,0.4285,3876,0.20,0.4761,2,0.185,0.4404,307,0
SPY190715P298,2019-07-12,2019-07-12 09:40:18.000,0.19,0.4523,1670,0.18,0.4285,3391,0.20,0.4761,2,0.185,0.4404,307,0
SPY190715P298,2019-07-12,2019-07-12 09:40:18.000,0.19,0.4523,1737,0.18,0.4285,3499,0.20,0.4761,2,0.185,0.4404,307,0
SPY190715P298,2019-07-12,2019-07-12 09:40:19.000,0.19,0.4523,2466,0.18,0.4285,3802,0.20,0.4761,2,0.185,0.4404,307,0
SPY190715P298,2019-07-12,2019-07-12 09:40:19.000,0.19,0.4523,2556,0.18,0.4285,2474,0.20,0.4761,2,0.185,0.4404,307,0
SPY190715P298,2019-07-12,2019-07-12 09:40:20.000,0.19,0.4523,2183,0.18,0.4285,1827,0.20,0.4761,2,0.185,0.4404,307,0
SPY190715P298,2019-07-12,2019-07-12 09:40:21.000,0.19,0.4523,2085,0.18,0.4285,1101,0.20,0.4761,2,0.185,0.4404,307,0
SPY190715P298,2019-07-12,2019-07-12 09:40:21.000,0.19,0.4523,2479,0.18,0.4285,1356,0.20,0.4761,2,0.185,0.4404,307,0
SPY190715P298,2019-07-12,2019-07-12 09:40:22.000,0.19,0.4523,2085,0.18,0.4285,651,0.20,0.4761,2,0.185,0.4404,307,0
SPY190715P298,2019-07-12,2019-07-12 09:40:22.000,0.19,0.4523,2479,0.18,0.4285,446,0.20,0.4761,2,0.185,0.4404,307,0
SPY190715P298,2019-07-12,2019-07-12 09:40:23.000,0.19,0.4523,2479,0.18,0.4285,493,0.20,0.4761,2,0.185,0.4404,307,0
SPY190715P298,2019-07-12,2019-07-12 09:40:23.000,0.19,0.4523,2479,0.18,0.4285,988,0.20,0.4761,2,0.185,0.4404,307,0
SPY190715P298,2019-07-12,2019-07-12 09:40:24.000,0.19,0.4523,2085,0.18,0.4285,718,0.20,0.4761,2,0.185,0.4404,307,0
SPY190715P298,2019-07-12,2019-07-12 09:40:24.000,0.19,0.4523,2479,0.18,0.4285,988,0.20,0.4761,2,0.185,0.4404,307,0
SPY190715P298,2019-07-12,2019-07-12 09:40:25.000,0.19,0.4523,2378,0.18,0.4285,1742,0.20,0.4761,2,0.185,0.4404,307,0
SPY190715P298,2019-07-12,2019-07-12 09:40:26.000,0.19,0.4523,1951,0.18,0.4285,2149,0.20,0.4761,2,0.185,0.4404,307,0
SPY190715P298,2019-07-12,2019-07-12 09:40:27.000,0.19,0.4523,1951,0.18,0.4285,2425,0.20,0.4761,2,0.185,0.4404,307,0
SPY190715P298,2019-07-12,2019-07-12 09:40:28.000,0.19,0.4523,1951,0.18,0.4285,2401,0.20,0.4761,2,0.185,0.4404,307,0
SPY190715P298,2019-07-12,2019-07-12 09:40:29.000,0.19,0.4523,1951,0.18,0.4285,2401,0.20,0.4761,2,0.185,0.4404,307,0
SPY190715P298,2019-07-12,2019-07-12 09:40:29.000,0.19,0.4523,1951,0.18,0.4285,2407,0.20,0.4761,2,0.185,0.4404,307,0
SPY190715P298,2019-07-12,2019-07-12 09:40:30.000,0.19,0.4523,1201,0.18,0.4285,3235,0.20,0.4761,2,0.185,0.4404,307,0
SPY190715P298,2019-07-12,2019-07-12 09:40:30.000,0.19,0.4523,2367,0.18,0.4285,2407,0.20,0.4761,2,0.185,0.4404,307,0
SPY190715P298,2019-07-12,2019-07-12 09:40:31.000,0.19,0.4523,1814,0.18,0.4285,3481,0.20,0.4761,2,0.185,0.4404,307,0
SPY190715P298,2019-07-12,2019-07-12 09:40:31.000,0.19,0.4523,1814,0.18,0.4285,3534,0.20,0.4761,2,0.185,0.4404,307,0
SPY190715P298,2019-07-12,2019-07-12 09:40:32.000,0.19,0.4523,1813,0.18,0.4285,3538,0.20,0.4761,2,0.185,0.4404,307,0
SPY190715P298,2019-07-12,2019-07-12 09:40:33.000,0.19,0.4523,1447,0.18,0.4285,3127,0.20,0.4761,2,0.185,0.4404,307,0
SPY190715P298,2019-07-12,2019-07-12 09:40:33.000,0.19,0.4523,1812,0.18,0.4285,3117,0.20,0.4761,2,0.185,0.4404,307,0
SPY190715P298,2019-07-12,2019-07-12 09:40:34.000,0.19,0.4523,1812,0.18,0.4285,3005,0.20,0.4761,2,0.185,0.4404,307,0
SPY190715P298,2019-07-12,2019-07-12 09:40:34.000,0.19,0.4523,1863,0.18,0.4285,2293,0.20,0.4761,2,0.185,0.4404,307,0
SPY190715P298,2019-07-12,2019-07-12 09:40:35.000,0.19,0.4523,1863,0.18,0.4285,2293,0.20,0.4761,2,0.185,0.4404,307,0
SPY190715P298,2019-07-12,2019-07-12 09:40:35.000,0.19,0.4523,1863,0.18,0.4285,2709,0.20,0.4761,2,0.185,0.4404,307,0
SPY190715P298,2019-07-12,2019-07-12 09:40:36.000,0.19,0.4523,1003,0.18,0.4285,2709,0.20,0.4761,2,0.185,0.4404,307,0
SPY190715P298,2019-07-12,2019-07-12 09:40:36.000,0.19,0.4523,1235,0.18,0.4285,2709,0.20,0.4761,2,0.185,0.4404,307,0
SPY190715P298,2019-07-12,2019-07-12 09:40:37.000,0.19,0.4523,799,0.18,0.4285,2786,0.20,0.4761,2,0.185,0.4404,307,0
SPY190715P298,2019-07-12,2019-07-12 09:40:38.000,0.19,0.4523,710,0.18,0.4285,2786,0.20,0.4761,2,0.185,0.4404,307,0
SPY190715P298,2019-07-12,2019-07-12 09:40:38.000,0.19,0.4523,1096,0.18,0.4285,2473,0.20,0.4761,2,0.185,0.4404,307,0
SPY190715P298,2019-07-12,2019-07-12 09:40:39.000,0.19,0.4523,710,0.18,0.4285,2889,0.20,0.4761,2,0.185,0.4404,307,0
SPY190715P298,2019-07-12,2019-07-12 09:40:39.000,0.19,0.4523,1885,0.18,0.4285,2889,0.20,0.4761,2,0.185,0.4404,307,0
SPY190715P298,2019-07-12,2019-07-12 09:40:40.000,0.19,0.4523,729,0.18,0.4285,3161,0.20,0.4761,2,0.185,0.4404,307,0
SPY190715P298,2019-07-12,2019-07-12 09:40:40.000,0.19,0.4523,1013,0.18,0.4285,3161,0.20,0.4761,2,0.185,0.4404,307,0
SPY190715P298,2019-07-12,2019-07-12 09:40:41.000,0.19,0.4523,1013,0.18,0.4285,3161,0.20,0.4761,2,0.185,0.4404,307,0
SPY190715P298,2019-07-12,2019-07-12 09:40:41.000,0.19,0.4523,1042,0.18,0.4285,4014,0.20,0.4761,2,0.185,0.4404,307,0
SPY190715P298,2019-07-12,2019-07-12 09:40:42.000,0.19,0.4523,1042,0.18,0.4285,4014,0.20,0.4761,2,0.185,0.4404,307,0
SPY190715P298,2019-07-12,2019-07-12 09:40:43.000,0.19,0.4523,1042,0.18,0.4285,3964,0.20,0.4761,2,0.185,0.4404,307,0
SPY190715P298,2019-07-12,2019-07-12 09:40:44.000,0.19,0.4523,1042,0.18,0.4285,3548,0.20,0.4761,2,0.185,0.4404,307,0
