symbol,Date,quote_time,ask_price,norm_ask_price,ask_size,bid_price,norm_bid_price,bid_size,last_trade_price,norm_last_trade_price,last_trade_size,mark_price,norm_mark_price,volume,Volume
SPY190812C291,2019-08-09,2019-08-09 09:30:00,2.75,1.0,400,2.49,0.9054,400,3.35,1.2181,1,2.62,0.9527,0,0
SPY190812C291,2019-08-09,2019-08-09 09:30:00,2.74,0.9963,400,2.48,0.9018,400,3.35,1.2181,1,2.61,0.949,0,0
SPY190812C291,2019-08-09,2019-08-09 09:30:01,2.75,1.0,551,2.5,0.909,410,3.35,1.2181,1,2.625,0.9545,0,0
SPY190812C291,2019-08-09,2019-08-09 09:30:01,2.75,1.0,551,2.49,0.9054,151,3.35,1.2181,1,2.62,0.9527,0,0
SPY190812C291,2019-08-09,2019-08-09 09:30:02,2.72,0.989,400,2.48,0.9018,62,3.35,1.2181,1,2.6,0.9454,0,0
SPY190812C291,2019-08-09,2019-08-09 09:30:02,2.7,0.9818,5,2.5,0.909,5,3.35,1.2181,1,2.6,0.9454,0,0
SPY190812C291,2019-08-09,2019-08-09 09:30:03,2.7,0.9818,5,2.5,0.909,5,3.35,1.2181,1,2.6,0.9454,0,0
SPY190812C291,2019-08-09,2019-08-09 09:30:04,2.73,0.9927,10,2.47,0.8981,10,3.35,1.2181,1,2.6,0.9454,0,0
SPY190812C291,2019-08-09,2019-08-09 09:30:04,2.73,0.9927,410,2.47,0.8981,410,3.35,1.2181,1,2.6,0.9454,0,0
SPY190812C291,2019-08-09,2019-08-09 09:30:05,3.01,1.0945,1,2.23,0.8109,10,3.35,1.2181,1,2.62,0.9527,0,0
SPY190812C291,2019-08-09,2019-08-09 09:30:05,2.66,0.9672,33,2.57,0.9345,33,3.35,1.2181,1,2.615,0.9509,0,0
SPY190812C291,2019-08-09,2019-08-09 09:30:06,2.66,0.9672,33,2.57,0.9345,33,3.35,1.2181,1,2.615,0.9509,0,0
SPY190812C291,2019-08-09,2019-08-09 09:30:07,2.66,0.9672,33,2.57,0.9345,33,2.62,0.9527,3,2.615,0.9509,3,3
SPY190812C291,2019-08-09,2019-08-09 09:30:07,2.66,0.9672,33,2.57,0.9345,33,3.35,1.2181,1,2.615,0.9509,0,0
SPY190812C291,2019-08-09,2019-08-09 09:30:08,2.66,0.9672,33,2.57,0.9345,33,2.62,0.9527,3,2.615,0.9509,3,0
SPY190812C291,2019-08-09,2019-08-09 09:30:09,2.66,0.9672,33,2.57,0.9345,33,2.62,0.9527,3,2.615,0.9509,3,0
SPY190812C291,2019-08-09,2019-08-09 09:30:09,2.67,0.9709,33,2.57,0.9345,33,2.62,0.9527,3,2.62,0.9527,3,0
SPY190812C291,2019-08-09,2019-08-09 09:30:10,2.67,0.9709,33,2.57,0.9345,33,2.62,0.9527,3,2.62,0.9527,3,0
SPY190812C291,2019-08-09,2019-08-09 09:30:11,2.67,0.9709,33,2.57,0.9345,49,2.62,0.9527,3,2.62,0.9527,3,0
SPY190812C291,2019-08-09,2019-08-09 09:30:12,2.67,0.9709,33,2.57,0.9345,49,2.62,0.9527,3,2.62,0.9527,3,0
SPY190812C291,2019-08-09,2019-08-09 09:30:13,2.67,0.9709,33,2.57,0.9345,49,2.62,0.9527,3,2.62,0.9527,3,0
SPY190812C291,2019-08-09,2019-08-09 09:30:14,2.66,0.9672,33,2.59,0.9418,33,2.62,0.9527,3,2.625,0.9545,3,0
SPY190812C291,2019-08-09,2019-08-09 09:30:15,2.66,0.9672,33,2.59,0.9418,33,2.62,0.9527,3,2.625,0.9545,3,0
SPY190812C291,2019-08-09,2019-08-09 09:30:16,2.66,0.9672,33,2.59,0.9418,33,2.62,0.9527,3,2.625,0.9545,3,0
SPY190812C291,2019-08-09,2019-08-09 09:30:17,2.66,0.9672,33,2.59,0.9418,33,2.62,0.9527,3,2.625,0.9545,3,0
SPY190812C291,2019-08-09,2019-08-09 09:30:18,2.66,0.9672,33,2.59,0.9418,33,2.62,0.9527,3,2.625,0.9545,3,0
SPY190812C291,2019-08-09,2019-08-09 09:30:19,2.66,0.9672,22,2.59,0.9418,38,2.62,0.9527,3,2.625,0.9545,3,0
SPY190812C291,2019-08-09,2019-08-09 09:30:19,2.66,0.9672,22,2.59,0.9418,16,2.62,0.9527,3,2.625,0.9545,3,0
SPY190812C291,2019-08-09,2019-08-09 09:30:20,2.73,0.9927,10,2.5,0.909,5,2.62,0.9527,3,2.615,0.9509,3,0
SPY190812C291,2019-08-09,2019-08-09 09:30:20,2.64,0.96,50,2.57,0.9345,22,2.62,0.9527,3,2.605,0.9472,3,0
SPY190812C291,2019-08-09,2019-08-09 09:30:21,2.61,0.949,50,2.55,0.9272,61,2.62,0.9527,3,2.58,0.9381,3,0
SPY190812C291,2019-08-09,2019-08-09 09:30:21,2.62,0.9527,5,2.55,0.9272,5,2.62,0.9527,3,2.585,0.94,3,0
SPY190812C291,2019-08-09,2019-08-09 09:30:22,2.58,0.9381,5,2.53,0.92,100,2.62,0.9527,3,2.555,0.929,3,0
SPY190812C291,2019-08-09,2019-08-09 09:30:22,2.64,0.96,100,2.53,0.92,100,2.62,0.9527,3,2.585,0.94,3,0
SPY190812C291,2019-08-09,2019-08-09 09:30:23,2.65,0.9636,33,2.59,0.9418,3,2.62,0.9527,3,2.62,0.9527,3,0
SPY190812C291,2019-08-09,2019-08-09 09:30:23,2.68,0.9745,100,2.57,0.9345,5,2.62,0.9527,3,2.625,0.9545,3,0
SPY190812C291,2019-08-09,2019-08-09 09:30:24,2.62,0.9527,6,2.58,0.9381,6,2.62,0.9527,3,2.6,0.9454,3,0
SPY190812C291,2019-08-09,2019-08-09 09:30:24,2.64,0.96,5,2.59,0.9418,5,2.62,0.9527,3,2.615,0.9509,3,0
SPY190812C291,2019-08-09,2019-08-09 09:30:25,2.64,0.96,5,2.6,0.9454,5,2.62,0.9527,3,2.62,0.9527,3,0
SPY190812C291,2019-08-09,2019-08-09 09:30:25,2.64,0.96,199,2.6,0.9454,100,2.62,0.9527,3,2.62,0.9527,3,0
SPY190812C291,2019-08-09,2019-08-09 09:30:26,2.65,0.9636,5,2.6,0.9454,22,2.62,0.9527,3,2.625,0.9545,3,0
SPY190812C291,2019-08-09,2019-08-09 09:30:26,2.66,0.9672,22,2.59,0.9418,22,2.62,0.9527,3,2.625,0.9545,3,0
SPY190812C291,2019-08-09,2019-08-09 09:30:27,2.65,0.9636,5,2.61,0.949,5,2.62,0.9527,3,2.63,0.9563,3,0
SPY190812C291,2019-08-09,2019-08-09 09:30:28,2.65,0.9636,5,2.58,0.9381,22,2.62,0.9527,3,2.615,0.9509,3,0
SPY190812C291,2019-08-09,2019-08-09 09:30:28,2.65,0.9636,5,2.61,0.949,5,2.62,0.9527,3,2.63,0.9563,3,0
SPY190812C291,2019-08-09,2019-08-09 09:30:29,2.64,0.96,32,2.58,0.9381,5,2.62,0.9527,3,2.61,0.949,3,0
SPY190812C291,2019-08-09,2019-08-09 09:30:29,2.65,0.9636,22,2.58,0.9381,5,2.62,0.9527,3,2.615,0.9509,3,0
SPY190812C291,2019-08-09,2019-08-09 09:30:30,2.62,0.9527,5,2.58,0.9381,103,2.62,0.9527,3,2.6,0.9454,3,0
SPY190812C291,2019-08-09,2019-08-09 09:30:30,2.63,0.9563,5,2.58,0.9381,103,2.62,0.9527,3,2.605,0.9472,3,0
SPY190812C291,2019-08-09,2019-08-09 09:30:31,2.62,0.9527,5,2.56,0.9309,100,2.62,0.9527,3,2.59,0.9418,3,0
SPY190812C291,2019-08-09,2019-08-09 09:30:31,2.62,0.9527,5,2.58,0.9381,5,2.62,0.9527,3,2.6,0.9454,3,0
SPY190812C291,2019-08-09,2019-08-09 09:30:32,2.62,0.9527,100,2.55,0.9272,184,2.62,0.9527,3,2.585,0.94,3,0
SPY190812C291,2019-08-09,2019-08-09 09:30:32,2.62,0.9527,5,2.56,0.9309,5,2.62,0.9527,3,2.59,0.9418,3,0
SPY190812C291,2019-08-09,2019-08-09 09:30:33,2.65,0.9636,33,2.58,0.9381,33,2.62,0.9527,3,2.615,0.9509,3,0
SPY190812C291,2019-08-09,2019-08-09 09:30:33,2.65,0.9636,33,2.57,0.9345,33,2.62,0.9527,3,2.61,0.949,3,0
SPY190812C291,2019-08-09,2019-08-09 09:30:34,2.64,0.96,100,2.59,0.9418,5,2.62,0.9527,3,2.615,0.9509,3,0
SPY190812C291,2019-08-09,2019-08-09 09:30:34,2.63,0.9563,49,2.59,0.9418,6,2.62,0.9527,3,2.61,0.949,3,0
SPY190812C291,2019-08-09,2019-08-09 09:30:35,2.63,0.9563,5,2.59,0.9418,5,2.62,0.9527,3,2.61,0.949,3,0
SPY190812C291,2019-08-09,2019-08-09 09:30:35,2.63,0.9563,194,2.58,0.9381,5,2.62,0.9527,3,2.605,0.9472,3,0
SPY190812C291,2019-08-09,2019-08-09 09:30:36,2.63,0.9563,5,2.59,0.9418,5,2.62,0.9527,3,2.61,0.949,3,0
SPY190812C291,2019-08-09,2019-08-09 09:30:36,2.63,0.9563,104,2.58,0.9381,5,2.62,0.9527,3,2.605,0.9472,3,0
SPY190812C291,2019-08-09,2019-08-09 09:30:37,2.63,0.9563,5,2.59,0.9418,35,2.62,0.9527,3,2.61,0.949,3,0
SPY190812C291,2019-08-09,2019-08-09 09:30:38,2.63,0.9563,33,2.57,0.9345,5,2.62,0.9527,3,2.6,0.9454,3,0
SPY190812C291,2019-08-09,2019-08-09 09:30:38,2.65,0.9636,33,2.57,0.9345,5,2.62,0.9527,3,2.61,0.949,3,0
SPY190812C291,2019-08-09,2019-08-09 09:30:39,2.62,0.9527,85,2.57,0.9345,44,2.62,0.9527,3,2.595,0.9436,3,0
SPY190812C291,2019-08-09,2019-08-09 09:30:39,2.62,0.9527,6,2.58,0.9381,5,2.62,0.9527,3,2.6,0.9454,3,0
SPY190812C291,2019-08-09,2019-08-09 09:30:40,2.62,0.9527,85,2.57,0.9345,44,2.62,0.9527,3,2.595,0.9436,3,0
SPY190812C291,2019-08-09,2019-08-09 09:30:41,2.64,0.96,100,2.56,0.9309,5,2.62,0.9527,3,2.6,0.9454,3,0
SPY190812C291,2019-08-09,2019-08-09 09:30:41,2.62,0.9527,33,2.51,0.9127,160,2.62,0.9527,3,2.565,0.9327,3,0
SPY190812C291,2019-08-09,2019-08-09 09:30:42,2.61,0.949,33,2.52,0.9163,110,2.62,0.9527,3,2.565,0.9327,3,0
SPY190812C291,2019-08-09,2019-08-09 09:30:42,2.61,0.949,100,2.56,0.9309,33,2.62,0.9527,3,2.585,0.94,3,0
SPY190812C291,2019-08-09,2019-08-09 09:30:43,2.64,0.96,84,2.57,0.9345,200,2.62,0.9527,3,2.605,0.9472,3,0
SPY190812C291,2019-08-09,2019-08-09 09:30:43,2.63,0.9563,93,2.57,0.9345,200,2.62,0.9527,3,2.6,0.9454,3,0
SPY190812C291,2019-08-09,2019-08-09 09:30:44,2.64,0.96,5,2.59,0.9418,100,2.62,0.9527,3,2.615,0.9509,3,0
SPY190812C291,2019-08-09,2019-08-09 09:30:44,2.64,0.96,6,2.6,0.9454,9,2.62,0.9527,3,2.62,0.9527,3,0
SPY190812C291,2019-08-09,2019-08-09 09:30:45,2.64,0.96,6,2.6,0.9454,6,2.62,0.9527,3,2.62,0.9527,3,0
SPY190812C291,2019-08-09,2019-08-09 09:30:45,2.64,0.96,68,2.6,0.9454,6,2.62,0.9527,3,2.62,0.9527,3,0
SPY190812C291,2019-08-09,2019-08-09 09:30:46,2.64,0.96,6,2.61,0.949,6,2.62,0.9527,3,2.625,0.9545,3,0
SPY190812C291,2019-08-09,2019-08-09 09:30:46,2.64,0.96,6,2.61,0.949,49,2.62,0.9527,3,2.625,0.9545,3,0
SPY190812C291,2019-08-09,2019-08-09 09:30:47,2.63,0.9563,8,2.57,0.9345,33,2.63,0.9563,1,2.6,0.9454,4,1
SPY190812C291,2019-08-09,2019-08-09 09:30:47,2.62,0.9527,5,2.57,0.9345,108,2.63,0.9563,1,2.595,0.9436,4,0
SPY190812C291,2019-08-09,2019-08-09 09:30:48,2.63,0.9563,22,2.57,0.9345,22,2.63,0.9563,1,2.6,0.9454,4,0
SPY190812C291,2019-08-09,2019-08-09 09:30:48,2.63,0.9563,32,2.57,0.9345,232,2.63,0.9563,1,2.6,0.9454,4,0
SPY190812C291,2019-08-09,2019-08-09 09:30:49,2.63,0.9563,22,2.57,0.9345,22,2.63,0.9563,1,2.6,0.9454,4,0
SPY190812C291,2019-08-09,2019-08-09 09:30:49,2.63,0.9563,22,2.57,0.9345,110,2.63,0.9563,1,2.6,0.9454,4,0
SPY190812C291,2019-08-09,2019-08-09 09:30:50,2.66,0.9672,100,2.58,0.9381,5,2.63,0.9563,1,2.62,0.9527,4,0
SPY190812C291,2019-08-09,2019-08-09 09:30:50,2.62,0.9527,5,2.58,0.9381,5,2.63,0.9563,1,2.6,0.9454,4,0
SPY190812C291,2019-08-09,2019-08-09 09:30:51,2.64,0.96,8,2.59,0.9418,5,2.63,0.9563,1,2.615,0.9509,4,0
SPY190812C291,2019-08-09,2019-08-09 09:30:51,2.65,0.9636,194,2.59,0.9418,6,2.63,0.9563,1,2.62,0.9527,4,0
SPY190812C291,2019-08-09,2019-08-09 09:30:52,2.63,0.9563,5,2.57,0.9345,5,2.63,0.9563,1,2.6,0.9454,4,0
SPY190812C291,2019-08-09,2019-08-09 09:30:52,2.63,0.9563,5,2.6,0.9454,12,2.63,0.9563,1,2.615,0.9509,4,0
SPY190812C291,2019-08-09,2019-08-09 09:30:53,2.62,0.9527,5,2.57,0.9345,5,2.63,0.9563,1,2.595,0.9436,4,0
SPY190812C291,2019-08-09,2019-08-09 09:30:53,2.62,0.9527,92,2.57,0.9345,5,2.63,0.9563,1,2.595,0.9436,4,0
SPY190812C291,2019-08-09,2019-08-09 09:30:54,2.62,0.9527,92,2.57,0.9345,200,2.63,0.9563,1,2.595,0.9436,4,0
SPY190812C291,2019-08-09,2019-08-09 09:30:54,2.62,0.9527,6,2.58,0.9381,5,2.63,0.9563,1,2.6,0.9454,4,0
SPY190812C291,2019-08-09,2019-08-09 09:30:55,2.62,0.9527,6,2.58,0.9381,5,2.63,0.9563,1,2.6,0.9454,4,0
SPY190812C291,2019-08-09,2019-08-09 09:30:55,2.63,0.9563,5,2.58,0.9381,159,2.63,0.9563,1,2.605,0.9472,4,0
SPY190812C291,2019-08-09,2019-08-09 09:30:56,2.62,0.9527,5,2.59,0.9418,6,2.63,0.9563,1,2.605,0.9472,4,0
SPY190812C291,2019-08-09,2019-08-09 09:30:56,2.63,0.9563,6,2.58,0.9381,100,2.63,0.9563,1,2.605,0.9472,4,0
SPY190812C291,2019-08-09,2019-08-09 09:30:57,2.62,0.9527,5,2.59,0.9418,6,2.63,0.9563,1,2.605,0.9472,4,0
SPY190812C291,2019-08-09,2019-08-09 09:30:58,2.62,0.9527,5,2.59,0.9418,6,2.63,0.9563,1,2.605,0.9472,4,0
SPY190812C291,2019-08-09,2019-08-09 09:30:59,2.63,0.9563,80,2.58,0.9381,100,2.63,0.9563,1,2.605,0.9472,4,0
SPY190812C291,2019-08-09,2019-08-09 09:30:59,2.63,0.9563,5,2.58,0.9381,100,2.63,0.9563,1,2.605,0.9472,4,0
SPY190812C291,2019-08-09,2019-08-09 09:31:00,2.65,0.9636,6,2.58,0.9381,33,2.63,0.9563,1,2.615,0.9509,4,0
SPY190812C291,2019-08-09,2019-08-09 09:31:00,2.63,0.9563,5,2.58,0.9381,22,2.63,0.9563,1,2.605,0.9472,4,0
SPY190812C291,2019-08-09,2019-08-09 09:31:01,2.67,0.9709,22,2.6,0.9454,22,2.63,0.9563,1,2.635,0.9581,4,0
SPY190812C291,2019-08-09,2019-08-09 09:31:01,2.67,0.9709,100,2.58,0.9381,100,2.63,0.9563,1,2.625,0.9545,4,0
SPY190812C291,2019-08-09,2019-08-09 09:31:02,2.65,0.9636,80,2.61,0.949,5,2.63,0.9563,1,2.63,0.9563,4,0
SPY190812C291,2019-08-09,2019-08-09 09:31:02,2.66,0.9672,8,2.62,0.9527,6,2.63,0.9563,1,2.64,0.96,4,0
SPY190812C291,2019-08-09,2019-08-09 09:31:03,2.69,0.9781,100,2.62,0.9527,175,2.63,0.9563,1,2.655,0.9654,4,0
SPY190812C291,2019-08-09,2019-08-09 09:31:03,2.65,0.9636,5,2.61,0.949,180,2.63,0.9563,1,2.63,0.9563,4,0
SPY190812C291,2019-08-09,2019-08-09 09:31:04,2.68,0.9745,5,2.63,0.9563,175,2.63,0.9563,1,2.655,0.9654,4,0
SPY190812C291,2019-08-09,2019-08-09 09:31:04,2.69,0.9781,175,2.63,0.9563,10,2.63,0.9563,1,2.66,0.9672,4,0
SPY190812C291,2019-08-09,2019-08-09 09:31:05,2.68,0.9745,5,2.63,0.9563,175,2.63,0.9563,1,2.655,0.9654,4,0
SPY190812C291,2019-08-09,2019-08-09 09:31:06,2.68,0.9745,6,2.63,0.9563,105,2.63,0.9563,1,2.655,0.9654,4,0
SPY190812C291,2019-08-09,2019-08-09 09:31:07,2.68,0.9745,5,2.64,0.96,5,2.63,0.9563,1,2.66,0.9672,4,0
SPY190812C291,2019-08-09,2019-08-09 09:31:08,2.68,0.9745,5,2.64,0.96,180,2.63,0.9563,1,2.66,0.9672,4,0
SPY190812C291,2019-08-09,2019-08-09 09:31:08,2.69,0.9781,5,2.64,0.96,169,2.63,0.9563,1,2.665,0.969,4,0
SPY190812C291,2019-08-09,2019-08-09 09:31:09,2.69,0.9781,5,2.64,0.96,169,2.63,0.9563,1,2.665,0.969,4,0
SPY190812C291,2019-08-09,2019-08-09 09:31:10,2.69,0.9781,6,2.65,0.9636,6,2.63,0.9563,1,2.67,0.9709,4,0
SPY190812C291,2019-08-09,2019-08-09 09:31:10,2.69,0.9781,5,2.64,0.96,169,2.63,0.9563,1,2.665,0.969,4,0
SPY190812C291,2019-08-09,2019-08-09 09:31:11,2.68,0.9745,5,2.65,0.9636,6,2.63,0.9563,1,2.665,0.969,4,0
SPY190812C291,2019-08-09,2019-08-09 09:31:12,2.68,0.9745,5,2.64,0.96,5,2.63,0.9563,1,2.66,0.9672,4,0
SPY190812C291,2019-08-09,2019-08-09 09:31:12,2.68,0.9745,5,2.64,0.96,100,2.63,0.9563,1,2.66,0.9672,4,0
SPY190812C291,2019-08-09,2019-08-09 09:31:13,2.68,0.9745,6,2.64,0.96,5,2.63,0.9563,1,2.66,0.9672,4,0
SPY190812C291,2019-08-09,2019-08-09 09:31:14,2.69,0.9781,8,2.64,0.96,180,2.63,0.9563,1,2.665,0.969,4,0
SPY190812C291,2019-08-09,2019-08-09 09:31:14,2.68,0.9745,6,2.64,0.96,180,2.63,0.9563,1,2.66,0.9672,4,0
SPY190812C291,2019-08-09,2019-08-09 09:31:15,2.68,0.9745,5,2.64,0.96,110,2.63,0.9563,1,2.66,0.9672,4,0
SPY190812C291,2019-08-09,2019-08-09 09:31:15,2.68,0.9745,5,2.65,0.9636,6,2.63,0.9563,1,2.665,0.969,4,0
SPY190812C291,2019-08-09,2019-08-09 09:31:16,2.69,0.9781,97,2.64,0.96,102,2.63,0.9563,1,2.665,0.969,4,0
SPY190812C291,2019-08-09,2019-08-09 09:31:16,2.68,0.9745,5,2.64,0.96,111,2.63,0.9563,1,2.66,0.9672,4,0
SPY190812C291,2019-08-09,2019-08-09 09:31:17,2.68,0.9745,8,2.64,0.96,173,2.63,0.9563,1,2.66,0.9672,4,0
SPY190812C291,2019-08-09,2019-08-09 09:31:17,2.68,0.9745,5,2.65,0.9636,6,2.63,0.9563,1,2.665,0.969,4,0
SPY190812C291,2019-08-09,2019-08-09 09:31:18,2.68,0.9745,5,2.64,0.96,5,2.63,0.9563,1,2.66,0.9672,4,0
SPY190812C291,2019-08-09,2019-08-09 09:31:18,2.69,0.9781,5,2.63,0.9563,175,2.63,0.9563,1,2.66,0.9672,4,0
SPY190812C291,2019-08-09,2019-08-09 09:31:19,2.69,0.9781,95,2.64,0.96,180,2.63,0.9563,1,2.665,0.969,4,0
SPY190812C291,2019-08-09,2019-08-09 09:31:19,2.69,0.9781,5,2.64,0.96,22,2.63,0.9563,1,2.665,0.969,4,0
SPY190812C291,2019-08-09,2019-08-09 09:31:20,2.71,0.9854,5,2.65,0.9636,22,2.63,0.9563,1,2.68,0.9745,4,0
SPY190812C291,2019-08-09,2019-08-09 09:31:20,2.7,0.9818,100,2.64,0.96,100,2.63,0.9563,1,2.67,0.9709,4,0
SPY190812C291,2019-08-09,2019-08-09 09:31:21,2.7,0.9818,6,2.65,0.9636,173,2.63,0.9563,1,2.675,0.9727,4,0
SPY190812C291,2019-08-09,2019-08-09 09:31:21,2.7,0.9818,103,2.65,0.9636,110,2.63,0.9563,1,2.675,0.9727,4,0
SPY190812C291,2019-08-09,2019-08-09 09:31:22,2.69,0.9781,5,2.64,0.96,180,2.63,0.9563,1,2.665,0.969,4,0
SPY190812C291,2019-08-09,2019-08-09 09:31:22,2.7,0.9818,5,2.64,0.96,22,2.63,0.9563,1,2.67,0.9709,4,0
SPY190812C291,2019-08-09,2019-08-09 09:31:23,2.68,0.9745,5,2.64,0.96,188,2.63,0.9563,1,2.66,0.9672,4,0
SPY190812C291,2019-08-09,2019-08-09 09:31:23,2.69,0.9781,89,2.64,0.96,170,2.63,0.9563,1,2.665,0.969,4,0
SPY190812C291,2019-08-09,2019-08-09 09:31:24,2.68,0.9745,5,2.64,0.96,188,2.63,0.9563,1,2.66,0.9672,4,0
SPY190812C291,2019-08-09,2019-08-09 09:31:24,2.69,0.9781,5,2.64,0.96,188,2.63,0.9563,1,2.665,0.969,4,0
SPY190812C291,2019-08-09,2019-08-09 09:31:25,2.69,0.9781,100,2.64,0.96,100,2.63,0.9563,1,2.665,0.969,4,0
SPY190812C291,2019-08-09,2019-08-09 09:31:25,2.7,0.9818,81,2.65,0.9636,22,2.63,0.9563,1,2.675,0.9727,4,0
SPY190812C291,2019-08-09,2019-08-09 09:31:26,2.69,0.9781,7,2.66,0.9672,9,2.63,0.9563,1,2.675,0.9727,4,0
SPY190812C291,2019-08-09,2019-08-09 09:31:26,2.7,0.9818,80,2.66,0.9672,49,2.63,0.9563,1,2.68,0.9745,4,0
SPY190812C291,2019-08-09,2019-08-09 09:31:27,2.69,0.9781,6,2.66,0.9672,48,2.63,0.9563,1,2.675,0.9727,4,0
SPY190812C291,2019-08-09,2019-08-09 09:31:27,2.7,0.9818,152,2.66,0.9672,48,2.63,0.9563,1,2.68,0.9745,4,0
SPY190812C291,2019-08-09,2019-08-09 09:31:28,2.68,0.9745,12,2.66,0.9672,1,2.63,0.9563,1,2.67,0.9709,4,0
SPY190812C291,2019-08-09,2019-08-09 09:31:28,2.68,0.9745,12,2.64,0.96,5,2.63,0.9563,1,2.66,0.9672,4,0
SPY190812C291,2019-08-09,2019-08-09 09:31:29,2.68,0.9745,6,2.64,0.96,5,2.63,0.9563,1,2.66,0.9672,4,0
SPY190812C291,2019-08-09,2019-08-09 09:31:29,2.67,0.9709,6,2.65,0.9636,6,2.63,0.9563,1,2.66,0.9672,4,0
SPY190812C291,2019-08-09,2019-08-09 09:31:30,2.66,0.9672,6,2.63,0.9563,6,2.63,0.9563,1,2.645,0.9618,4,0
SPY190812C291,2019-08-09,2019-08-09 09:31:30,2.66,0.9672,6,2.61,0.949,100,2.63,0.9563,1,2.635,0.9581,4,0
SPY190812C291,2019-08-09,2019-08-09 09:31:31,2.65,0.9636,6,2.62,0.9527,6,2.63,0.9563,1,2.635,0.9581,4,0
SPY190812C291,2019-08-09,2019-08-09 09:31:32,2.64,0.96,6,2.61,0.949,80,2.63,0.9563,1,2.625,0.9545,4,0
SPY190812C291,2019-08-09,2019-08-09 09:31:32,2.64,0.96,6,2.6,0.9454,36,2.63,0.9563,1,2.62,0.9527,4,0
SPY190812C291,2019-08-09,2019-08-09 09:31:33,2.62,0.9527,6,2.59,0.9418,6,2.63,0.9563,1,2.605,0.9472,4,0
SPY190812C291,2019-08-09,2019-08-09 09:31:33,2.64,0.96,6,2.58,0.9381,6,2.63,0.9563,1,2.61,0.949,4,0
SPY190812C291,2019-08-09,2019-08-09 09:31:34,2.62,0.9527,6,2.57,0.9345,6,2.63,0.9563,1,2.595,0.9436,4,0
SPY190812C291,2019-08-09,2019-08-09 09:31:34,2.61,0.949,5,2.56,0.9309,5,2.63,0.9563,1,2.585,0.94,4,0
SPY190812C291,2019-08-09,2019-08-09 09:31:35,2.6,0.9454,6,2.57,0.9345,6,2.63,0.9563,1,2.585,0.94,4,0
SPY190812C291,2019-08-09,2019-08-09 09:31:35,2.59,0.9418,6,2.56,0.9309,8,2.63,0.9563,1,2.575,0.9363,4,0
SPY190812C291,2019-08-09,2019-08-09 09:31:36,2.58,0.9381,6,2.55,0.9272,6,2.63,0.9563,1,2.565,0.9327,4,0
SPY190812C291,2019-08-09,2019-08-09 09:31:36,2.58,0.9381,6,2.56,0.9309,6,2.63,0.9563,1,2.57,0.9345,4,0
SPY190812C291,2019-08-09,2019-08-09 09:31:37,2.58,0.9381,6,2.55,0.9272,6,2.63,0.9563,1,2.565,0.9327,4,0
SPY190812C291,2019-08-09,2019-08-09 09:31:37,2.57,0.9345,6,2.55,0.9272,6,2.63,0.9563,1,2.56,0.9309,4,0
SPY190812C291,2019-08-09,2019-08-09 09:31:38,2.57,0.9345,6,2.55,0.9272,6,2.63,0.9563,1,2.56,0.9309,4,0
SPY190812C291,2019-08-09,2019-08-09 09:31:38,2.58,0.9381,10,2.52,0.9163,180,2.63,0.9563,1,2.55,0.9272,4,0
SPY190812C291,2019-08-09,2019-08-09 09:31:39,2.56,0.9309,6,2.52,0.9163,6,2.63,0.9563,1,2.54,0.9236,4,0
SPY190812C291,2019-08-09,2019-08-09 09:31:39,2.56,0.9309,5,2.52,0.9163,100,2.63,0.9563,1,2.54,0.9236,4,0
SPY190812C291,2019-08-09,2019-08-09 09:31:40,2.56,0.9309,6,2.53,0.92,6,2.63,0.9563,1,2.545,0.9254,4,0
SPY190812C291,2019-08-09,2019-08-09 09:31:41,2.56,0.9309,6,2.53,0.92,6,2.63,0.9563,1,2.545,0.9254,4,0
SPY190812C291,2019-08-09,2019-08-09 09:31:41,2.58,0.9381,5,2.54,0.9236,5,2.63,0.9563,1,2.56,0.9309,4,0
SPY190812C291,2019-08-09,2019-08-09 09:31:42,2.58,0.9381,76,2.55,0.9272,100,2.63,0.9563,1,2.565,0.9327,4,0
SPY190812C291,2019-08-09,2019-08-09 09:31:42,2.6,0.9454,5,2.54,0.9236,100,2.63,0.9563,1,2.57,0.9345,4,0
SPY190812C291,2019-08-09,2019-08-09 09:31:43,2.6,0.9454,5,2.54,0.9236,75,2.63,0.9563,1,2.57,0.9345,4,0
SPY190812C291,2019-08-09,2019-08-09 09:31:43,2.6,0.9454,5,2.53,0.92,256,2.63,0.9563,1,2.565,0.9327,4,0
SPY190812C291,2019-08-09,2019-08-09 09:31:44,2.57,0.9345,5,2.52,0.9163,180,2.63,0.9563,1,2.545,0.9254,4,0
SPY190812C291,2019-08-09,2019-08-09 09:31:45,2.57,0.9345,100,2.53,0.92,6,2.63,0.9563,1,2.55,0.9272,4,0
SPY190812C291,2019-08-09,2019-08-09 09:31:45,2.57,0.9345,100,2.53,0.92,9,2.63,0.9563,1,2.55,0.9272,4,0
SPY190812C291,2019-08-09,2019-08-09 09:31:46,2.56,0.9309,12,2.53,0.92,13,2.63,0.9563,1,2.545,0.9254,4,0
SPY190812C291,2019-08-09,2019-08-09 09:31:46,2.55,0.9272,5,2.53,0.92,13,2.63,0.9563,1,2.54,0.9236,4,0
SPY190812C291,2019-08-09,2019-08-09 09:31:47,2.55,0.9272,5,2.5,0.909,180,2.63,0.9563,1,2.525,0.9181,4,0
SPY190812C291,2019-08-09,2019-08-09 09:31:47,2.55,0.9272,6,2.53,0.92,7,2.63,0.9563,1,2.54,0.9236,4,0
SPY190812C291,2019-08-09,2019-08-09 09:31:48,2.56,0.9309,33,2.5,0.909,100,2.63,0.9563,1,2.53,0.92,4,0
SPY190812C291,2019-08-09,2019-08-09 09:31:48,2.55,0.9272,33,2.5,0.909,100,2.63,0.9563,1,2.525,0.9181,4,0
SPY190812C291,2019-08-09,2019-08-09 09:31:49,2.55,0.9272,97,2.51,0.9127,100,2.55,0.9272,5,2.53,0.92,9,5
SPY190812C291,2019-08-09,2019-08-09 09:31:49,2.55,0.9272,97,2.5,0.909,59,2.54,0.9236,2,2.525,0.9181,14,5
SPY190812C291,2019-08-09,2019-08-09 09:31:50,2.55,0.9272,96,2.52,0.9163,6,2.54,0.9236,2,2.535,0.9218,14,0
SPY190812C291,2019-08-09,2019-08-09 09:31:50,2.55,0.9272,106,2.52,0.9163,15,2.54,0.9236,2,2.535,0.9218,14,0
SPY190812C291,2019-08-09,2019-08-09 09:31:51,2.55,0.9272,6,2.52,0.9163,6,2.54,0.9236,2,2.535,0.9218,14,0
SPY190812C291,2019-08-09,2019-08-09 09:31:51,2.55,0.9272,106,2.52,0.9163,9,2.54,0.9236,2,2.535,0.9218,14,0
SPY190812C291,2019-08-09,2019-08-09 09:31:52,2.53,0.92,6,2.5,0.909,6,2.54,0.9236,2,2.515,0.9145,14,0
SPY190812C291,2019-08-09,2019-08-09 09:31:52,2.54,0.9236,12,2.51,0.9127,12,2.54,0.9236,2,2.525,0.9181,14,0
SPY190812C291,2019-08-09,2019-08-09 09:31:53,2.54,0.9236,12,2.52,0.9163,12,2.54,0.9236,2,2.53,0.92,14,0
SPY190812C291,2019-08-09,2019-08-09 09:31:53,2.54,0.9236,11,2.52,0.9163,16,2.54,0.9236,2,2.53,0.92,14,0
SPY190812C291,2019-08-09,2019-08-09 09:31:54,2.54,0.9236,11,2.52,0.9163,16,2.54,0.9236,2,2.53,0.92,14,0
SPY190812C291,2019-08-09,2019-08-09 09:31:55,2.54,0.9236,6,2.51,0.9127,6,2.54,0.9236,2,2.525,0.9181,14,0
SPY190812C291,2019-08-09,2019-08-09 09:31:55,2.54,0.9236,12,2.52,0.9163,12,2.54,0.9236,2,2.53,0.92,14,0
SPY190812C291,2019-08-09,2019-08-09 09:31:56,2.54,0.9236,6,2.52,0.9163,17,2.54,0.9236,2,2.53,0.92,14,0
SPY190812C291,2019-08-09,2019-08-09 09:31:56,2.54,0.9236,6,2.52,0.9163,14,2.54,0.9236,2,2.53,0.92,14,0
SPY190812C291,2019-08-09,2019-08-09 09:31:57,2.55,0.9272,7,2.52,0.9163,14,2.54,0.9236,2,2.535,0.9218,14,0
SPY190812C291,2019-08-09,2019-08-09 09:31:57,2.55,0.9272,29,2.52,0.9163,17,2.54,0.9236,2,2.535,0.9218,14,0
SPY190812C291,2019-08-09,2019-08-09 09:31:58,2.56,0.9309,12,2.53,0.92,12,2.54,0.9236,2,2.545,0.9254,14,0
SPY190812C291,2019-08-09,2019-08-09 09:31:58,2.6,0.9454,5,2.57,0.9345,6,2.54,0.9236,2,2.585,0.94,14,0
SPY190812C291,2019-08-09,2019-08-09 09:31:59,2.6,0.9454,11,2.57,0.9345,11,2.54,0.9236,2,2.585,0.94,14,0
SPY190812C291,2019-08-09,2019-08-09 09:31:59,2.58,0.9381,6,2.55,0.9272,11,2.54,0.9236,2,2.565,0.9327,14,0
SPY190812C291,2019-08-09,2019-08-09 09:32:00,2.58,0.9381,7,2.56,0.9309,7,2.54,0.9236,2,2.57,0.9345,14,0
SPY190812C291,2019-08-09,2019-08-09 09:32:00,2.59,0.9418,6,2.56,0.9309,6,2.54,0.9236,2,2.575,0.9363,14,0
SPY190812C291,2019-08-09,2019-08-09 09:32:01,2.59,0.9418,6,2.56,0.9309,6,2.54,0.9236,2,2.575,0.9363,14,0
SPY190812C291,2019-08-09,2019-08-09 09:32:01,2.58,0.9381,40,2.55,0.9272,12,2.54,0.9236,2,2.565,0.9327,14,0
SPY190812C291,2019-08-09,2019-08-09 09:32:02,2.58,0.9381,59,2.55,0.9272,6,2.54,0.9236,2,2.565,0.9327,14,0
SPY190812C291,2019-08-09,2019-08-09 09:32:02,2.59,0.9418,105,2.55,0.9272,6,2.54,0.9236,2,2.57,0.9345,14,0
SPY190812C291,2019-08-09,2019-08-09 09:32:03,2.59,0.9418,6,2.55,0.9272,6,2.54,0.9236,2,2.57,0.9345,14,0
SPY190812C291,2019-08-09,2019-08-09 09:32:03,2.59,0.9418,9,2.56,0.9309,9,2.54,0.9236,2,2.575,0.9363,14,0
SPY190812C291,2019-08-09,2019-08-09 09:32:04,2.59,0.9418,12,2.56,0.9309,12,2.54,0.9236,2,2.575,0.9363,14,0
SPY190812C291,2019-08-09,2019-08-09 09:32:04,2.58,0.9381,6,2.55,0.9272,12,2.54,0.9236,2,2.565,0.9327,14,0
SPY190812C291,2019-08-09,2019-08-09 09:32:05,2.62,0.9527,6,2.58,0.9381,7,2.58,0.9381,1,2.6,0.9454,16,0
SPY190812C291,2019-08-09,2019-08-09 09:32:05,2.61,0.949,6,2.58,0.9381,6,2.58,0.9381,1,2.595,0.9436,16,2
SPY190812C291,2019-08-09,2019-08-09 09:32:06,2.62,0.9527,6,2.58,0.9381,7,2.58,0.9381,1,2.6,0.9454,16,0
SPY190812C291,2019-08-09,2019-08-09 09:32:06,2.62,0.9527,6,2.59,0.9418,7,2.58,0.9381,1,2.605,0.9472,16,0
SPY190812C291,2019-08-09,2019-08-09 09:32:07,2.63,0.9563,6,2.6,0.9454,6,2.58,0.9381,1,2.615,0.9509,16,0
SPY190812C291,2019-08-09,2019-08-09 09:32:07,2.62,0.9527,12,2.6,0.9454,12,2.58,0.9381,1,2.61,0.949,16,0
SPY190812C291,2019-08-09,2019-08-09 09:32:08,2.62,0.9527,6,2.59,0.9418,9,2.58,0.9381,1,2.605,0.9472,16,0
SPY190812C291,2019-08-09,2019-08-09 09:32:08,2.63,0.9563,5,2.58,0.9381,5,2.58,0.9381,1,2.605,0.9472,16,0
SPY190812C291,2019-08-09,2019-08-09 09:32:09,2.62,0.9527,6,2.59,0.9418,9,2.58,0.9381,1,2.605,0.9472,16,0
SPY190812C291,2019-08-09,2019-08-09 09:32:09,2.65,0.9636,5,2.6,0.9454,5,2.58,0.9381,1,2.625,0.9545,16,0
SPY190812C291,2019-08-09,2019-08-09 09:32:10,2.63,0.9563,12,2.61,0.949,18,2.58,0.9381,1,2.62,0.9527,16,0
SPY190812C291,2019-08-09,2019-08-09 09:32:10,2.63,0.9563,97,2.59,0.9418,6,2.58,0.9381,1,2.61,0.949,16,0
SPY190812C291,2019-08-09,2019-08-09 09:32:11,2.63,0.9563,57,2.59,0.9418,7,2.58,0.9381,1,2.61,0.949,16,0
SPY190812C291,2019-08-09,2019-08-09 09:32:11,2.63,0.9563,57,2.58,0.9381,100,2.58,0.9381,1,2.605,0.9472,16,0
SPY190812C291,2019-08-09,2019-08-09 09:32:12,2.63,0.9563,6,2.6,0.9454,6,2.58,0.9381,1,2.615,0.9509,16,0
SPY190812C291,2019-08-09,2019-08-09 09:32:13,2.65,0.9636,82,2.6,0.9454,115,2.58,0.9381,1,2.625,0.9545,16,0
SPY190812C291,2019-08-09,2019-08-09 09:32:13,2.65,0.9636,6,2.62,0.9527,6,2.58,0.9381,1,2.635,0.9581,16,0
SPY190812C291,2019-08-09,2019-08-09 09:32:14,2.65,0.9636,6,2.62,0.9527,37,2.58,0.9381,1,2.635,0.9581,16,0
SPY190812C291,2019-08-09,2019-08-09 09:32:14,2.65,0.9636,6,2.62,0.9527,9,2.58,0.9381,1,2.635,0.9581,16,0
SPY190812C291,2019-08-09,2019-08-09 09:32:15,2.63,0.9563,10,2.58,0.9381,5,2.58,0.9381,1,2.605,0.9472,16,0
SPY190812C291,2019-08-09,2019-08-09 09:32:16,2.62,0.9527,5,2.57,0.9345,41,2.58,0.9381,1,2.595,0.9436,16,0
SPY190812C291,2019-08-09,2019-08-09 09:32:16,2.62,0.9527,5,2.56,0.9309,173,2.58,0.9381,1,2.59,0.9418,16,0
SPY190812C291,2019-08-09,2019-08-09 09:32:17,2.6,0.9454,6,2.56,0.9309,6,2.58,0.9381,1,2.58,0.9381,16,0
SPY190812C291,2019-08-09,2019-08-09 09:32:17,2.62,0.9527,5,2.56,0.9309,6,2.58,0.9381,1,2.59,0.9418,16,0
SPY190812C291,2019-08-09,2019-08-09 09:32:18,2.59,0.9418,6,2.56,0.9309,6,2.58,0.9381,1,2.575,0.9363,16,0
SPY190812C291,2019-08-09,2019-08-09 09:32:18,2.59,0.9418,6,2.57,0.9345,6,2.58,0.9381,1,2.58,0.9381,16,0
SPY190812C291,2019-08-09,2019-08-09 09:32:19,2.6,0.9454,12,2.57,0.9345,12,2.58,0.9381,1,2.585,0.94,16,0
SPY190812C291,2019-08-09,2019-08-09 09:32:19,2.59,0.9418,6,2.56,0.9309,6,2.58,0.9381,1,2.575,0.9363,16,0
SPY190812C291,2019-08-09,2019-08-09 09:32:20,2.6,0.9454,6,2.57,0.9345,6,2.58,0.9381,1,2.585,0.94,16,0
SPY190812C291,2019-08-09,2019-08-09 09:32:20,2.6,0.9454,12,2.57,0.9345,12,2.58,0.9381,1,2.585,0.94,16,0
SPY190812C291,2019-08-09,2019-08-09 09:32:21,2.6,0.9454,6,2.57,0.9345,6,2.58,0.9381,1,2.585,0.94,16,0
SPY190812C291,2019-08-09,2019-08-09 09:32:21,2.59,0.9418,6,2.57,0.9345,6,2.58,0.9381,1,2.58,0.9381,16,0
SPY190812C291,2019-08-09,2019-08-09 09:32:22,2.59,0.9418,6,2.56,0.9309,6,2.58,0.9381,1,2.575,0.9363,16,0
SPY190812C291,2019-08-09,2019-08-09 09:32:22,2.58,0.9381,6,2.56,0.9309,6,2.58,0.9381,1,2.57,0.9345,16,0
SPY190812C291,2019-08-09,2019-08-09 09:32:23,2.58,0.9381,6,2.56,0.9309,6,2.58,0.9381,1,2.57,0.9345,16,0
SPY190812C291,2019-08-09,2019-08-09 09:32:23,2.59,0.9418,45,2.56,0.9309,6,2.58,0.9381,1,2.575,0.9363,16,0
SPY190812C291,2019-08-09,2019-08-09 09:32:24,2.58,0.9381,12,2.56,0.9309,12,2.58,0.9381,1,2.57,0.9345,16,0
SPY190812C291,2019-08-09,2019-08-09 09:32:24,2.58,0.9381,6,2.55,0.9272,6,2.58,0.9381,1,2.565,0.9327,16,0
SPY190812C291,2019-08-09,2019-08-09 09:32:25,2.57,0.9345,6,2.54,0.9236,6,2.58,0.9381,1,2.555,0.929,16,0
SPY190812C291,2019-08-09,2019-08-09 09:32:25,2.58,0.9381,7,2.55,0.9272,6,2.58,0.9381,1,2.565,0.9327,16,0
SPY190812C291,2019-08-09,2019-08-09 09:32:26,2.56,0.9309,6,2.53,0.92,6,2.58,0.9381,1,2.545,0.9254,16,0
SPY190812C291,2019-08-09,2019-08-09 09:32:26,2.55,0.9272,6,2.53,0.92,18,2.58,0.9381,1,2.54,0.9236,16,0
SPY190812C291,2019-08-09,2019-08-09 09:32:27,2.55,0.9272,6,2.53,0.92,12,2.58,0.9381,1,2.54,0.9236,16,0
SPY190812C291,2019-08-09,2019-08-09 09:32:27,2.55,0.9272,12,2.53,0.92,12,2.58,0.9381,1,2.54,0.9236,16,0
SPY190812C291,2019-08-09,2019-08-09 09:32:28,2.55,0.9272,6,2.51,0.9127,6,2.58,0.9381,1,2.53,0.92,16,0
SPY190812C291,2019-08-09,2019-08-09 09:32:28,2.56,0.9309,100,2.52,0.9163,6,2.58,0.9381,1,2.54,0.9236,16,0
SPY190812C291,2019-08-09,2019-08-09 09:32:29,2.54,0.9236,12,2.51,0.9127,12,2.58,0.9381,1,2.525,0.9181,16,0
SPY190812C291,2019-08-09,2019-08-09 09:32:29,2.54,0.9236,15,2.51,0.9127,14,2.58,0.9381,1,2.525,0.9181,16,0
SPY190812C291,2019-08-09,2019-08-09 09:32:30,2.53,0.92,6,2.51,0.9127,6,2.58,0.9381,1,2.52,0.9163,16,0
SPY190812C291,2019-08-09,2019-08-09 09:32:30,2.54,0.9236,6,2.48,0.9018,147,2.58,0.9381,1,2.51,0.9127,16,0
SPY190812C291,2019-08-09,2019-08-09 09:32:31,2.52,0.9163,12,2.49,0.9054,9,2.58,0.9381,1,2.505,0.9109,16,0
SPY190812C291,2019-08-09,2019-08-09 09:32:31,2.56,0.9309,6,2.49,0.9054,6,2.58,0.9381,1,2.525,0.9181,16,0
SPY190812C291,2019-08-09,2019-08-09 09:32:32,2.57,0.9345,100,2.5,0.909,100,2.58,0.9381,1,2.535,0.9218,16,0
SPY190812C291,2019-08-09,2019-08-09 09:32:32,2.51,0.9127,12,2.49,0.9054,6,2.58,0.9381,1,2.5,0.909,16,0
SPY190812C291,2019-08-09,2019-08-09 09:32:33,2.54,0.9236,12,2.51,0.9127,6,2.58,0.9381,1,2.525,0.9181,16,0
SPY190812C291,2019-08-09,2019-08-09 09:32:34,2.54,0.9236,6,2.52,0.9163,12,2.58,0.9381,1,2.53,0.92,16,0
SPY190812C291,2019-08-09,2019-08-09 09:32:34,2.53,0.92,12,2.51,0.9127,12,2.58,0.9381,1,2.52,0.9163,16,0
SPY190812C291,2019-08-09,2019-08-09 09:32:35,2.55,0.9272,6,2.51,0.9127,180,2.58,0.9381,1,2.53,0.92,16,0
SPY190812C291,2019-08-09,2019-08-09 09:32:35,2.55,0.9272,6,2.52,0.9163,6,2.58,0.9381,1,2.535,0.9218,16,0
SPY190812C291,2019-08-09,2019-08-09 09:32:36,2.56,0.9309,94,2.51,0.9127,180,2.58,0.9381,1,2.535,0.9218,16,0
SPY190812C291,2019-08-09,2019-08-09 09:32:36,2.56,0.9309,56,2.53,0.92,5,2.58,0.9381,1,2.545,0.9254,16,0
SPY190812C291,2019-08-09,2019-08-09 09:32:37,2.58,0.9381,6,2.54,0.9236,6,2.58,0.9381,1,2.56,0.9309,16,0
SPY190812C291,2019-08-09,2019-08-09 09:32:37,2.58,0.9381,6,2.55,0.9272,9,2.58,0.9381,1,2.565,0.9327,16,0
SPY190812C291,2019-08-09,2019-08-09 09:32:38,2.58,0.9381,115,2.54,0.9236,6,2.58,0.9381,1,2.56,0.9309,16,0
SPY190812C291,2019-08-09,2019-08-09 09:32:38,2.57,0.9345,6,2.54,0.9236,9,2.58,0.9381,1,2.555,0.929,16,0
SPY190812C291,2019-08-09,2019-08-09 09:32:39,2.57,0.9345,40,2.54,0.9236,7,2.58,0.9381,1,2.555,0.929,16,0
SPY190812C291,2019-08-09,2019-08-09 09:32:39,2.57,0.9345,6,2.54,0.9236,7,2.56,0.9309,1,2.555,0.929,17,1
SPY190812C291,2019-08-09,2019-08-09 09:32:40,2.57,0.9345,6,2.54,0.9236,6,2.56,0.9309,1,2.555,0.929,17,0
SPY190812C291,2019-08-09,2019-08-09 09:32:41,2.58,0.9381,50,2.53,0.92,1,2.56,0.9309,1,2.555,0.929,17,0
SPY190812C291,2019-08-09,2019-08-09 09:32:41,2.57,0.9345,198,2.51,0.9127,105,2.56,0.9309,1,2.54,0.9236,17,0
SPY190812C291,2019-08-09,2019-08-09 09:32:42,2.59,0.9418,154,2.54,0.9236,51,2.56,0.9309,1,2.565,0.9327,17,0
SPY190812C291,2019-08-09,2019-08-09 09:32:42,2.55,0.9272,6,2.51,0.9127,180,2.56,0.9309,1,2.53,0.92,17,0
SPY190812C291,2019-08-09,2019-08-09 09:32:43,2.61,0.949,5,2.56,0.9309,3,2.56,0.9309,1,2.585,0.94,17,0
SPY190812C291,2019-08-09,2019-08-09 09:32:43,2.62,0.9527,50,2.56,0.9309,175,2.56,0.9309,1,2.59,0.9418,17,0
SPY190812C291,2019-08-09,2019-08-09 09:32:44,2.61,0.949,6,2.58,0.9381,6,2.56,0.9309,1,2.595,0.9436,17,0
SPY190812C291,2019-08-09,2019-08-09 09:32:45,2.61,0.949,7,2.58,0.9381,12,2.56,0.9309,1,2.595,0.9436,17,0
SPY190812C291,2019-08-09,2019-08-09 09:32:45,2.61,0.949,6,2.58,0.9381,6,2.56,0.9309,1,2.595,0.9436,17,0
SPY190812C291,2019-08-09,2019-08-09 09:32:46,2.61,0.949,12,2.59,0.9418,6,2.56,0.9309,1,2.6,0.9454,17,0
SPY190812C291,2019-08-09,2019-08-09 09:32:46,2.61,0.949,12,2.58,0.9381,6,2.56,0.9309,1,2.595,0.9436,17,0
SPY190812C291,2019-08-09,2019-08-09 09:32:47,2.63,0.9563,6,2.6,0.9454,7,2.56,0.9309,1,2.615,0.9509,17,0
SPY190812C291,2019-08-09,2019-08-09 09:32:47,2.62,0.9527,12,2.59,0.9418,12,2.56,0.9309,1,2.605,0.9472,17,0
SPY190812C291,2019-08-09,2019-08-09 09:32:48,2.64,0.96,12,2.61,0.949,12,2.56,0.9309,1,2.625,0.9545,17,0
SPY190812C291,2019-08-09,2019-08-09 09:32:49,2.64,0.96,6,2.6,0.9454,151,2.56,0.9309,1,2.62,0.9527,17,0
SPY190812C291,2019-08-09,2019-08-09 09:32:50,2.64,0.96,6,2.61,0.949,6,2.56,0.9309,1,2.625,0.9545,17,0
SPY190812C291,2019-08-09,2019-08-09 09:32:51,2.63,0.9563,6,2.6,0.9454,6,2.56,0.9309,1,2.615,0.9509,17,0
SPY190812C291,2019-08-09,2019-08-09 09:32:51,2.64,0.96,6,2.6,0.9454,77,2.56,0.9309,1,2.62,0.9527,17,0
SPY190812C291,2019-08-09,2019-08-09 09:32:52,2.64,0.96,6,2.6,0.9454,6,2.56,0.9309,1,2.62,0.9527,17,0
SPY190812C291,2019-08-09,2019-08-09 09:32:53,2.64,0.96,12,2.61,0.949,15,2.56,0.9309,1,2.625,0.9545,17,0
SPY190812C291,2019-08-09,2019-08-09 09:32:53,2.62,0.9527,6,2.6,0.9454,7,2.56,0.9309,1,2.61,0.949,17,0
SPY190812C291,2019-08-09,2019-08-09 09:32:54,2.64,0.96,6,2.61,0.949,9,2.56,0.9309,1,2.625,0.9545,17,0
SPY190812C291,2019-08-09,2019-08-09 09:32:55,2.64,0.96,12,2.61,0.949,12,2.56,0.9309,1,2.625,0.9545,17,0
SPY190812C291,2019-08-09,2019-08-09 09:32:56,2.66,0.9672,6,2.63,0.9563,6,2.56,0.9309,1,2.645,0.9618,17,0
SPY190812C291,2019-08-09,2019-08-09 09:32:56,2.65,0.9636,6,2.63,0.9563,6,2.56,0.9309,1,2.64,0.96,17,0
SPY190812C291,2019-08-09,2019-08-09 09:32:57,2.67,0.9709,6,2.65,0.9636,12,2.56,0.9309,1,2.66,0.9672,17,0
SPY190812C291,2019-08-09,2019-08-09 09:32:57,2.67,0.9709,12,2.64,0.96,12,2.56,0.9309,1,2.655,0.9654,17,0
SPY190812C291,2019-08-09,2019-08-09 09:32:58,2.65,0.9636,11,2.63,0.9563,6,2.56,0.9309,1,2.64,0.96,17,0
SPY190812C291,2019-08-09,2019-08-09 09:32:58,2.66,0.9672,11,2.63,0.9563,6,2.56,0.9309,1,2.645,0.9618,17,0
SPY190812C291,2019-08-09,2019-08-09 09:32:59,2.66,0.9672,12,2.64,0.96,12,2.56,0.9309,1,2.65,0.9636,17,0
SPY190812C291,2019-08-09,2019-08-09 09:32:59,2.67,0.9709,12,2.64,0.96,29,2.56,0.9309,1,2.655,0.9654,17,0
SPY190812C291,2019-08-09,2019-08-09 09:33:00,2.66,0.9672,6,2.64,0.96,6,2.56,0.9309,1,2.65,0.9636,17,0
SPY190812C291,2019-08-09,2019-08-09 09:33:00,2.67,0.9709,6,2.64,0.96,7,2.56,0.9309,1,2.655,0.9654,17,0
SPY190812C291,2019-08-09,2019-08-09 09:33:01,2.65,0.9636,12,2.63,0.9563,12,2.56,0.9309,1,2.64,0.96,17,0
SPY190812C291,2019-08-09,2019-08-09 09:33:02,2.64,0.96,6,2.62,0.9527,109,2.56,0.9309,1,2.63,0.9563,17,0
SPY190812C291,2019-08-09,2019-08-09 09:33:02,2.64,0.96,6,2.61,0.949,45,2.56,0.9309,1,2.625,0.9545,17,0
SPY190812C291,2019-08-09,2019-08-09 09:33:03,2.63,0.9563,13,2.61,0.949,6,2.56,0.9309,1,2.62,0.9527,17,0
SPY190812C291,2019-08-09,2019-08-09 09:33:03,2.64,0.96,6,2.61,0.949,6,2.56,0.9309,1,2.625,0.9545,17,0
SPY190812C291,2019-08-09,2019-08-09 09:33:04,2.63,0.9563,6,2.6,0.9454,6,2.56,0.9309,1,2.615,0.9509,17,0
SPY190812C291,2019-08-09,2019-08-09 09:33:04,2.63,0.9563,6,2.61,0.949,6,2.56,0.9309,1,2.62,0.9527,17,0
SPY190812C291,2019-08-09,2019-08-09 09:33:05,2.63,0.9563,6,2.59,0.9418,22,2.56,0.9309,1,2.61,0.949,17,0
SPY190812C291,2019-08-09,2019-08-09 09:33:05,2.63,0.9563,6,2.6,0.9454,6,2.56,0.9309,1,2.615,0.9509,17,0
SPY190812C291,2019-08-09,2019-08-09 09:33:06,2.64,0.96,75,2.61,0.949,6,2.56,0.9309,1,2.625,0.9545,17,0
SPY190812C291,2019-08-09,2019-08-09 09:33:06,2.65,0.9636,148,2.62,0.9527,7,2.56,0.9309,1,2.635,0.9581,17,0
SPY190812C291,2019-08-09,2019-08-09 09:33:07,2.66,0.9672,6,2.63,0.9563,6,2.56,0.9309,1,2.645,0.9618,17,0
SPY190812C291,2019-08-09,2019-08-09 09:33:07,2.66,0.9672,6,2.64,0.96,6,2.56,0.9309,1,2.65,0.9636,17,0
SPY190812C291,2019-08-09,2019-08-09 09:33:08,2.66,0.9672,6,2.64,0.96,6,2.56,0.9309,1,2.65,0.9636,17,0
SPY190812C291,2019-08-09,2019-08-09 09:33:08,2.67,0.9709,95,2.62,0.9527,98,2.56,0.9309,1,2.645,0.9618,17,0
SPY190812C291,2019-08-09,2019-08-09 09:33:09,2.66,0.9672,6,2.63,0.9563,6,2.56,0.9309,1,2.645,0.9618,17,0
SPY190812C291,2019-08-09,2019-08-09 09:33:10,2.66,0.9672,5,2.61,0.949,68,2.56,0.9309,1,2.635,0.9581,17,0
SPY190812C291,2019-08-09,2019-08-09 09:33:10,2.66,0.9672,71,2.63,0.9563,6,2.56,0.9309,1,2.645,0.9618,17,0
SPY190812C291,2019-08-09,2019-08-09 09:33:11,2.65,0.9636,15,2.63,0.9563,10,2.56,0.9309,1,2.64,0.96,17,0
SPY190812C291,2019-08-09,2019-08-09 09:33:11,2.66,0.9672,68,2.63,0.9563,10,2.56,0.9309,1,2.645,0.9618,17,0
SPY190812C291,2019-08-09,2019-08-09 09:33:12,2.65,0.9636,6,2.61,0.949,75,2.56,0.9309,1,2.63,0.9563,17,0
SPY190812C291,2019-08-09,2019-08-09 09:33:13,2.64,0.96,7,2.61,0.949,7,2.56,0.9309,1,2.625,0.9545,17,0
SPY190812C291,2019-08-09,2019-08-09 09:33:13,2.65,0.9636,6,2.61,0.949,65,2.56,0.9309,1,2.63,0.9563,17,0
SPY190812C291,2019-08-09,2019-08-09 09:33:14,2.61,0.949,9,2.58,0.9381,12,2.56,0.9309,1,2.595,0.9436,17,0
SPY190812C291,2019-08-09,2019-08-09 09:33:14,2.62,0.9527,6,2.58,0.9381,9,2.56,0.9309,1,2.6,0.9454,17,0
SPY190812C291,2019-08-09,2019-08-09 09:33:15,2.59,0.9418,6,2.56,0.9309,6,2.56,0.9309,1,2.575,0.9363,17,0
SPY190812C291,2019-08-09,2019-08-09 09:33:15,2.61,0.949,9,2.58,0.9381,12,2.56,0.9309,1,2.595,0.9436,17,0
SPY190812C291,2019-08-09,2019-08-09 09:33:16,2.6,0.9454,7,2.57,0.9345,7,2.56,0.9309,1,2.585,0.94,17,0
SPY190812C291,2019-08-09,2019-08-09 09:33:16,2.6,0.9454,9,2.57,0.9345,9,2.56,0.9309,1,2.585,0.94,17,0
SPY190812C291,2019-08-09,2019-08-09 09:33:17,2.61,0.949,125,2.58,0.9381,6,2.56,0.9309,1,2.595,0.9436,17,0
SPY190812C291,2019-08-09,2019-08-09 09:33:17,2.61,0.949,115,2.56,0.9309,100,2.56,0.9309,1,2.585,0.94,17,0
SPY190812C291,2019-08-09,2019-08-09 09:33:18,2.61,0.949,115,2.58,0.9381,9,2.56,0.9309,1,2.595,0.9436,17,0
SPY190812C291,2019-08-09,2019-08-09 09:33:18,2.62,0.9527,7,2.59,0.9418,7,2.56,0.9309,1,2.605,0.9472,17,0
SPY190812C291,2019-08-09,2019-08-09 09:33:19,2.63,0.9563,12,2.6,0.9454,10,2.56,0.9309,1,2.615,0.9509,17,0
SPY190812C291,2019-08-09,2019-08-09 09:33:19,2.62,0.9527,4,2.61,0.949,6,2.56,0.9309,1,2.615,0.9509,17,0
SPY190812C291,2019-08-09,2019-08-09 09:33:20,2.63,0.9563,100,2.6,0.9454,10,2.56,0.9309,1,2.615,0.9509,17,0
SPY190812C291,2019-08-09,2019-08-09 09:33:20,2.62,0.9527,1,2.61,0.949,7,2.56,0.9309,1,2.615,0.9509,17,0
SPY190812C291,2019-08-09,2019-08-09 09:33:21,2.62,0.9527,3,2.59,0.9418,9,2.56,0.9309,1,2.605,0.9472,17,0
SPY190812C291,2019-08-09,2019-08-09 09:33:21,2.63,0.9563,71,2.6,0.9454,9,2.56,0.9309,1,2.615,0.9509,17,0
SPY190812C291,2019-08-09,2019-08-09 09:33:22,2.61,0.949,9,2.59,0.9418,10,2.56,0.9309,1,2.6,0.9454,17,0
SPY190812C291,2019-08-09,2019-08-09 09:33:23,2.64,0.96,75,2.61,0.949,6,2.56,0.9309,1,2.625,0.9545,17,0
SPY190812C291,2019-08-09,2019-08-09 09:33:23,2.64,0.96,6,2.61,0.949,6,2.56,0.9309,1,2.625,0.9545,17,0
SPY190812C291,2019-08-09,2019-08-09 09:33:24,2.65,0.9636,6,2.61,0.949,6,2.56,0.9309,1,2.63,0.9563,17,0
SPY190812C291,2019-08-09,2019-08-09 09:33:24,2.66,0.9672,10,2.63,0.9563,10,2.56,0.9309,1,2.645,0.9618,17,0
SPY190812C291,2019-08-09,2019-08-09 09:33:25,2.64,0.96,6,2.62,0.9527,6,2.56,0.9309,1,2.63,0.9563,17,0
SPY190812C291,2019-08-09,2019-08-09 09:33:25,2.64,0.96,6,2.61,0.949,6,2.56,0.9309,1,2.625,0.9545,17,0
SPY190812C291,2019-08-09,2019-08-09 09:33:26,2.64,0.96,6,2.61,0.949,6,2.56,0.9309,1,2.625,0.9545,17,0
SPY190812C291,2019-08-09,2019-08-09 09:33:26,2.65,0.9636,100,2.62,0.9527,6,2.56,0.9309,1,2.635,0.9581,17,0
SPY190812C291,2019-08-09,2019-08-09 09:33:27,2.66,0.9672,5,2.61,0.949,180,2.56,0.9309,1,2.635,0.9581,17,0
SPY190812C291,2019-08-09,2019-08-09 09:33:27,2.65,0.9636,4,2.62,0.9527,15,2.56,0.9309,1,2.635,0.9581,17,0
SPY190812C291,2019-08-09,2019-08-09 09:33:28,2.63,0.9563,6,2.59,0.9418,6,2.56,0.9309,1,2.61,0.949,17,0
SPY190812C291,2019-08-09,2019-08-09 09:33:28,2.64,0.96,6,2.61,0.949,6,2.56,0.9309,1,2.625,0.9545,17,0
SPY190812C291,2019-08-09,2019-08-09 09:33:29,2.62,0.9527,4,2.59,0.9418,13,2.56,0.9309,1,2.605,0.9472,17,0
SPY190812C291,2019-08-09,2019-08-09 09:33:29,2.62,0.9527,10,2.59,0.9418,13,2.56,0.9309,1,2.605,0.9472,17,0
SPY190812C291,2019-08-09,2019-08-09 09:33:30,2.62,0.9527,6,2.58,0.9381,6,2.56,0.9309,1,2.6,0.9454,17,0
SPY190812C291,2019-08-09,2019-08-09 09:33:30,2.62,0.9527,100,2.58,0.9381,6,2.56,0.9309,1,2.6,0.9454,17,0
SPY190812C291,2019-08-09,2019-08-09 09:33:31,2.62,0.9527,100,2.58,0.9381,6,2.56,0.9309,1,2.6,0.9454,17,0
SPY190812C291,2019-08-09,2019-08-09 09:33:32,2.62,0.9527,168,2.57,0.9345,6,2.56,0.9309,1,2.595,0.9436,17,0
SPY190812C291,2019-08-09,2019-08-09 09:33:32,2.61,0.949,10,2.58,0.9381,10,2.56,0.9309,1,2.595,0.9436,17,0
SPY190812C291,2019-08-09,2019-08-09 09:33:33,2.61,0.949,6,2.58,0.9381,6,2.56,0.9309,1,2.595,0.9436,17,0
SPY190812C291,2019-08-09,2019-08-09 09:33:33,2.61,0.949,108,2.59,0.9418,6,2.56,0.9309,1,2.6,0.9454,17,0
SPY190812C291,2019-08-09,2019-08-09 09:33:34,2.61,0.949,100,2.57,0.9345,6,2.56,0.9309,1,2.59,0.9418,17,0
SPY190812C291,2019-08-09,2019-08-09 09:33:35,2.59,0.9418,6,2.56,0.9309,6,2.56,0.9309,1,2.575,0.9363,17,0
SPY190812C291,2019-08-09,2019-08-09 09:33:35,2.6,0.9454,110,2.56,0.9309,6,2.56,0.9309,1,2.58,0.9381,17,0
SPY190812C291,2019-08-09,2019-08-09 09:33:36,2.6,0.9454,6,2.58,0.9381,6,2.56,0.9309,1,2.59,0.9418,17,0
SPY190812C291,2019-08-09,2019-08-09 09:33:36,2.61,0.949,111,2.56,0.9309,6,2.56,0.9309,1,2.585,0.94,17,0
SPY190812C291,2019-08-09,2019-08-09 09:33:37,2.6,0.9454,4,2.58,0.9381,10,2.56,0.9309,1,2.59,0.9418,17,0
SPY190812C291,2019-08-09,2019-08-09 09:33:38,2.6,0.9454,4,2.59,0.9418,6,2.56,0.9309,1,2.595,0.9436,17,0
SPY190812C291,2019-08-09,2019-08-09 09:33:39,2.59,0.9418,8,2.57,0.9345,10,2.56,0.9309,1,2.58,0.9381,17,0
SPY190812C291,2019-08-09,2019-08-09 09:33:39,2.59,0.9418,6,2.56,0.9309,6,2.56,0.9309,1,2.575,0.9363,17,0
SPY190812C291,2019-08-09,2019-08-09 09:33:40,2.58,0.9381,10,2.56,0.9309,10,2.56,0.9309,1,2.57,0.9345,17,0
SPY190812C291,2019-08-09,2019-08-09 09:33:40,2.58,0.9381,8,2.55,0.9272,6,2.56,0.9309,1,2.565,0.9327,17,0
SPY190812C291,2019-08-09,2019-08-09 09:33:41,2.57,0.9345,10,2.54,0.9236,6,2.56,0.9309,1,2.555,0.929,17,0
SPY190812C291,2019-08-09,2019-08-09 09:33:41,2.57,0.9345,6,2.55,0.9272,6,2.56,0.9309,1,2.56,0.9309,17,0
SPY190812C291,2019-08-09,2019-08-09 09:33:42,2.57,0.9345,6,2.55,0.9272,6,2.56,0.9309,1,2.56,0.9309,17,0
SPY190812C291,2019-08-09,2019-08-09 09:33:42,2.58,0.9381,116,2.55,0.9272,6,2.56,0.9309,1,2.565,0.9327,17,0
SPY190812C291,2019-08-09,2019-08-09 09:33:43,2.57,0.9345,6,2.54,0.9236,9,2.56,0.9309,1,2.555,0.929,17,0
SPY190812C291,2019-08-09,2019-08-09 09:33:43,2.58,0.9381,116,2.55,0.9272,6,2.56,0.9309,1,2.565,0.9327,17,0
SPY190812C291,2019-08-09,2019-08-09 09:33:44,2.57,0.9345,6,2.54,0.9236,6,2.56,0.9309,1,2.555,0.929,17,0
SPY190812C291,2019-08-09,2019-08-09 09:33:44,2.57,0.9345,6,2.55,0.9272,6,2.56,0.9309,1,2.56,0.9309,17,0
SPY190812C291,2019-08-09,2019-08-09 09:33:45,2.56,0.9309,5,2.51,0.9127,180,2.56,0.9309,1,2.535,0.9218,17,0
SPY190812C291,2019-08-09,2019-08-09 09:33:46,2.58,0.9381,5,2.53,0.92,175,2.56,0.9309,1,2.555,0.929,17,0
SPY190812C291,2019-08-09,2019-08-09 09:33:46,2.6,0.9454,22,2.54,0.9236,100,2.56,0.9309,1,2.57,0.9345,17,0
SPY190812C291,2019-08-09,2019-08-09 09:33:47,2.62,0.9527,27,2.58,0.9381,6,2.56,0.9309,1,2.6,0.9454,17,0
SPY190812C291,2019-08-09,2019-08-09 09:33:47,2.61,0.949,173,2.55,0.9272,6,2.56,0.9309,1,2.58,0.9381,17,0
SPY190812C291,2019-08-09,2019-08-09 09:33:48,2.62,0.9527,6,2.59,0.9418,9,2.56,0.9309,1,2.605,0.9472,17,0
SPY190812C291,2019-08-09,2019-08-09 09:33:48,2.63,0.9563,10,2.59,0.9418,10,2.56,0.9309,1,2.61,0.949,17,0
SPY190812C291,2019-08-09,2019-08-09 09:33:49,2.65,0.9636,7,2.62,0.9527,6,2.56,0.9309,1,2.635,0.9581,17,0
SPY190812C291,2019-08-09,2019-08-09 09:33:49,2.64,0.96,10,2.62,0.9527,10,2.56,0.9309,1,2.63,0.9563,17,0
SPY190812C291,2019-08-09,2019-08-09 09:33:50,2.65,0.9636,6,2.62,0.9527,6,2.56,0.9309,1,2.635,0.9581,17,0
SPY190812C291,2019-08-09,2019-08-09 09:33:50,2.65,0.9636,9,2.63,0.9563,10,2.56,0.9309,1,2.64,0.96,17,0
SPY190812C291,2019-08-09,2019-08-09 09:33:51,2.65,0.9636,1,2.63,0.9563,7,2.56,0.9309,1,2.64,0.96,17,0
SPY190812C291,2019-08-09,2019-08-09 09:33:51,2.66,0.9672,6,2.61,0.949,6,2.56,0.9309,1,2.635,0.9581,17,0
SPY190812C291,2019-08-09,2019-08-09 09:33:52,2.66,0.9672,80,2.63,0.9563,10,2.56,0.9309,1,2.645,0.9618,17,0
SPY190812C291,2019-08-09,2019-08-09 09:33:52,2.66,0.9672,80,2.64,0.96,1,2.56,0.9309,1,2.65,0.9636,17,0
SPY190812C291,2019-08-09,2019-08-09 09:33:53,2.66,0.9672,6,2.63,0.9563,6,2.56,0.9309,1,2.645,0.9618,17,0
SPY190812C291,2019-08-09,2019-08-09 09:33:53,2.65,0.9636,95,2.62,0.9527,6,2.56,0.9309,1,2.635,0.9581,17,0
SPY190812C291,2019-08-09,2019-08-09 09:33:54,2.66,0.9672,75,2.62,0.9527,6,2.56,0.9309,1,2.64,0.96,17,0
SPY190812C291,2019-08-09,2019-08-09 09:33:54,2.66,0.9672,4,2.63,0.9563,10,2.56,0.9309,1,2.645,0.9618,17,0
SPY190812C291,2019-08-09,2019-08-09 09:33:55,2.66,0.9672,6,2.62,0.9527,6,2.56,0.9309,1,2.64,0.96,17,0
SPY190812C291,2019-08-09,2019-08-09 09:33:55,2.67,0.9709,100,2.63,0.9563,8,2.56,0.9309,1,2.65,0.9636,17,0
SPY190812C291,2019-08-09,2019-08-09 09:33:56,2.66,0.9672,6,2.62,0.9527,22,2.56,0.9309,1,2.64,0.96,17,0
SPY190812C291,2019-08-09,2019-08-09 09:33:56,2.66,0.9672,6,2.62,0.9527,6,2.56,0.9309,1,2.64,0.96,17,0
SPY190812C291,2019-08-09,2019-08-09 09:33:57,2.66,0.9672,4,2.63,0.9563,10,2.56,0.9309,1,2.645,0.9618,17,0
SPY190812C291,2019-08-09,2019-08-09 09:33:58,2.66,0.9672,4,2.63,0.9563,14,2.56,0.9309,1,2.645,0.9618,17,0
SPY190812C291,2019-08-09,2019-08-09 09:33:58,2.66,0.9672,10,2.63,0.9563,12,2.56,0.9309,1,2.645,0.9618,17,0
SPY190812C291,2019-08-09,2019-08-09 09:33:59,2.64,0.96,6,2.61,0.949,7,2.56,0.9309,1,2.625,0.9545,17,0
SPY190812C291,2019-08-09,2019-08-09 09:33:59,2.65,0.9636,6,2.62,0.9527,6,2.56,0.9309,1,2.635,0.9581,17,0
SPY190812C291,2019-08-09,2019-08-09 09:34:00,2.64,0.96,6,2.61,0.949,9,2.56,0.9309,1,2.625,0.9545,17,0
SPY190812C291,2019-08-09,2019-08-09 09:34:00,2.65,0.9636,6,2.61,0.949,9,2.56,0.9309,1,2.63,0.9563,17,0
SPY190812C291,2019-08-09,2019-08-09 09:34:01,2.66,0.9672,103,2.62,0.9527,6,2.56,0.9309,1,2.64,0.96,17,0
SPY190812C291,2019-08-09,2019-08-09 09:34:01,2.66,0.9672,103,2.62,0.9527,9,2.56,0.9309,1,2.64,0.96,17,0
SPY190812C291,2019-08-09,2019-08-09 09:34:02,2.66,0.9672,103,2.62,0.9527,9,2.56,0.9309,1,2.64,0.96,17,0
SPY190812C291,2019-08-09,2019-08-09 09:34:02,2.66,0.9672,100,2.62,0.9527,7,2.56,0.9309,1,2.64,0.96,17,0
SPY190812C291,2019-08-09,2019-08-09 09:34:03,2.66,0.9672,6,2.63,0.9563,3,2.56,0.9309,1,2.645,0.9618,17,0
SPY190812C291,2019-08-09,2019-08-09 09:34:03,2.66,0.9672,6,2.62,0.9527,6,2.56,0.9309,1,2.64,0.96,17,0
SPY190812C291,2019-08-09,2019-08-09 09:34:04,2.66,0.9672,4,2.63,0.9563,10,2.56,0.9309,1,2.645,0.9618,17,0
SPY190812C291,2019-08-09,2019-08-09 09:34:05,2.69,0.9781,7,2.66,0.9672,7,2.56,0.9309,1,2.675,0.9727,17,0
SPY190812C291,2019-08-09,2019-08-09 09:34:06,2.68,0.9745,4,2.66,0.9672,10,2.56,0.9309,1,2.67,0.9709,17,0
SPY190812C291,2019-08-09,2019-08-09 09:34:07,2.69,0.9781,6,2.66,0.9672,9,2.56,0.9309,1,2.675,0.9727,17,0
SPY190812C291,2019-08-09,2019-08-09 09:34:07,2.68,0.9745,4,2.66,0.9672,10,2.56,0.9309,1,2.67,0.9709,17,0
SPY190812C291,2019-08-09,2019-08-09 09:34:08,2.69,0.9781,6,2.66,0.9672,9,2.56,0.9309,1,2.675,0.9727,17,0
SPY190812C291,2019-08-09,2019-08-09 09:34:09,2.69,0.9781,45,2.66,0.9672,8,2.56,0.9309,1,2.675,0.9727,17,0
SPY190812C291,2019-08-09,2019-08-09 09:34:09,2.69,0.9781,6,2.66,0.9672,8,2.56,0.9309,1,2.675,0.9727,17,0
SPY190812C291,2019-08-09,2019-08-09 09:34:10,2.69,0.9781,45,2.66,0.9672,8,2.56,0.9309,1,2.675,0.9727,17,0
SPY190812C291,2019-08-09,2019-08-09 09:34:10,2.69,0.9781,45,2.65,0.9636,6,2.56,0.9309,1,2.67,0.9709,17,0
SPY190812C291,2019-08-09,2019-08-09 09:34:11,2.67,0.9709,10,2.63,0.9563,11,2.56,0.9309,1,2.65,0.9636,17,0
SPY190812C291,2019-08-09,2019-08-09 09:34:11,2.66,0.9672,6,2.63,0.9563,10,2.56,0.9309,1,2.645,0.9618,17,0
SPY190812C291,2019-08-09,2019-08-09 09:34:12,2.66,0.9672,10,2.63,0.9563,10,2.56,0.9309,1,2.645,0.9618,17,0
SPY190812C291,2019-08-09,2019-08-09 09:34:12,2.65,0.9636,9,2.62,0.9527,9,2.56,0.9309,1,2.635,0.9581,17,0
SPY190812C291,2019-08-09,2019-08-09 09:34:13,2.66,0.9672,10,2.64,0.96,4,2.56,0.9309,1,2.65,0.9636,17,0
SPY190812C291,2019-08-09,2019-08-09 09:34:13,2.65,0.9636,4,2.63,0.9563,4,2.56,0.9309,1,2.64,0.96,17,0
SPY190812C291,2019-08-09,2019-08-09 09:34:14,2.63,0.9563,6,2.6,0.9454,6,2.56,0.9309,1,2.615,0.9509,17,0
SPY190812C291,2019-08-09,2019-08-09 09:34:14,2.65,0.9636,99,2.59,0.9418,101,2.56,0.9309,1,2.62,0.9527,17,0
SPY190812C291,2019-08-09,2019-08-09 09:34:15,2.64,0.96,1,2.61,0.949,10,2.56,0.9309,1,2.625,0.9545,17,0
SPY190812C291,2019-08-09,2019-08-09 09:34:15,2.64,0.96,4,2.6,0.9454,4,2.56,0.9309,1,2.62,0.9527,17,0
SPY190812C291,2019-08-09,2019-08-09 09:34:16,2.64,0.96,10,2.62,0.9527,10,2.56,0.9309,1,2.63,0.9563,17,0
SPY190812C291,2019-08-09,2019-08-09 09:34:16,2.64,0.96,4,2.6,0.9454,100,2.56,0.9309,1,2.62,0.9527,17,0
SPY190812C291,2019-08-09,2019-08-09 09:34:17,2.64,0.96,3,2.61,0.949,3,2.56,0.9309,1,2.625,0.9545,17,0
SPY190812C291,2019-08-09,2019-08-09 09:34:17,2.64,0.96,9,2.61,0.949,9,2.56,0.9309,1,2.625,0.9545,17,0
SPY190812C291,2019-08-09,2019-08-09 09:34:18,2.63,0.9563,6,2.6,0.9454,6,2.56,0.9309,1,2.615,0.9509,17,0
SPY190812C291,2019-08-09,2019-08-09 09:34:18,2.64,0.96,4,2.61,0.949,4,2.56,0.9309,1,2.625,0.9545,17,0
SPY190812C291,2019-08-09,2019-08-09 09:34:19,2.66,0.9672,5,2.61,0.949,22,2.56,0.9309,1,2.635,0.9581,17,0
SPY190812C291,2019-08-09,2019-08-09 09:34:20,2.66,0.9672,6,2.63,0.9563,6,2.56,0.9309,1,2.645,0.9618,17,0
SPY190812C291,2019-08-09,2019-08-09 09:34:20,2.65,0.9636,6,2.62,0.9527,6,2.56,0.9309,1,2.635,0.9581,17,0
SPY190812C291,2019-08-09,2019-08-09 09:34:21,2.66,0.9672,6,2.62,0.9527,6,2.56,0.9309,1,2.64,0.96,17,0
SPY190812C291,2019-08-09,2019-08-09 09:34:21,2.66,0.9672,10,2.63,0.9563,15,2.56,0.9309,1,2.645,0.9618,17,0
SPY190812C291,2019-08-09,2019-08-09 09:34:22,2.66,0.9672,4,2.64,0.96,5,2.56,0.9309,1,2.65,0.9636,17,0
SPY190812C291,2019-08-09,2019-08-09 09:34:22,2.66,0.9672,4,2.64,0.96,11,2.56,0.9309,1,2.65,0.9636,17,0
SPY190812C291,2019-08-09,2019-08-09 09:34:23,2.69,0.9781,78,2.64,0.96,12,2.56,0.9309,1,2.665,0.969,17,0
SPY190812C291,2019-08-09,2019-08-09 09:34:23,2.66,0.9672,1,2.64,0.96,12,2.56,0.9309,1,2.65,0.9636,17,0
SPY190812C291,2019-08-09,2019-08-09 09:34:24,2.7,0.9818,33,2.67,0.9709,6,2.56,0.9309,1,2.685,0.9763,17,0
SPY190812C291,2019-08-09,2019-08-09 09:34:24,2.69,0.9781,6,2.66,0.9672,6,2.56,0.9309,1,2.675,0.9727,17,0
SPY190812C291,2019-08-09,2019-08-09 09:34:25,2.68,0.9745,6,2.65,0.9636,6,2.56,0.9309,1,2.665,0.969,17,0
SPY190812C291,2019-08-09,2019-08-09 09:34:25,2.69,0.9781,6,2.67,0.9709,6,2.56,0.9309,1,2.68,0.9745,17,0
SPY190812C291,2019-08-09,2019-08-09 09:34:26,2.67,0.9709,10,2.65,0.9636,4,2.56,0.9309,1,2.66,0.9672,17,0
SPY190812C291,2019-08-09,2019-08-09 09:34:26,2.69,0.9781,6,2.64,0.96,7,2.56,0.9309,1,2.665,0.969,17,0
SPY190812C291,2019-08-09,2019-08-09 09:34:27,2.66,0.9672,6,2.63,0.9563,6,2.56,0.9309,1,2.645,0.9618,17,0
SPY190812C291,2019-08-09,2019-08-09 09:34:28,2.66,0.9672,6,2.62,0.9527,6,2.56,0.9309,1,2.64,0.96,17,0
SPY190812C291,2019-08-09,2019-08-09 09:34:29,2.66,0.9672,6,2.62,0.9527,6,2.56,0.9309,1,2.64,0.96,17,0
SPY190812C291,2019-08-09,2019-08-09 09:34:29,2.66,0.9672,6,2.63,0.9563,6,2.56,0.9309,1,2.645,0.9618,17,0
SPY190812C291,2019-08-09,2019-08-09 09:34:30,2.65,0.9636,6,2.62,0.9527,6,2.56,0.9309,1,2.635,0.9581,17,0
SPY190812C291,2019-08-09,2019-08-09 09:34:30,2.66,0.9672,6,2.62,0.9527,6,2.56,0.9309,1,2.64,0.96,17,0
SPY190812C291,2019-08-09,2019-08-09 09:34:31,2.66,0.9672,22,2.61,0.949,6,2.56,0.9309,1,2.635,0.9581,17,0
SPY190812C291,2019-08-09,2019-08-09 09:34:31,2.66,0.9672,15,2.61,0.949,22,2.56,0.9309,1,2.635,0.9581,17,0
SPY190812C291,2019-08-09,2019-08-09 09:34:32,2.68,0.9745,82,2.64,0.96,6,2.56,0.9309,1,2.66,0.9672,17,0
SPY190812C291,2019-08-09,2019-08-09 09:34:32,2.66,0.9672,4,2.63,0.9563,4,2.56,0.9309,1,2.645,0.9618,17,0
SPY190812C291,2019-08-09,2019-08-09 09:34:33,2.68,0.9745,82,2.64,0.96,6,2.56,0.9309,1,2.66,0.9672,17,0
SPY190812C291,2019-08-09,2019-08-09 09:34:33,2.68,0.9745,6,2.66,0.9672,7,2.56,0.9309,1,2.67,0.9709,17,0
SPY190812C291,2019-08-09,2019-08-09 09:34:34,2.69,0.9781,4,2.66,0.9672,10,2.56,0.9309,1,2.675,0.9727,17,0
SPY190812C291,2019-08-09,2019-08-09 09:34:35,2.69,0.9781,5,2.65,0.9636,6,2.56,0.9309,1,2.67,0.9709,17,0
SPY190812C291,2019-08-09,2019-08-09 09:34:35,2.69,0.9781,10,2.66,0.9672,10,2.56,0.9309,1,2.675,0.9727,17,0
SPY190812C291,2019-08-09,2019-08-09 09:34:36,2.68,0.9745,6,2.65,0.9636,6,2.56,0.9309,1,2.665,0.969,17,0
SPY190812C291,2019-08-09,2019-08-09 09:34:36,2.69,0.9781,6,2.66,0.9672,6,2.56,0.9309,1,2.675,0.9727,17,0
SPY190812C291,2019-08-09,2019-08-09 09:34:37,2.69,0.9781,6,2.66,0.9672,6,2.56,0.9309,1,2.675,0.9727,17,0
SPY190812C291,2019-08-09,2019-08-09 09:34:37,2.68,0.9745,6,2.66,0.9672,6,2.56,0.9309,1,2.67,0.9709,17,0
SPY190812C291,2019-08-09,2019-08-09 09:34:38,2.7,0.9818,97,2.67,0.9709,9,2.56,0.9309,1,2.685,0.9763,17,0
SPY190812C291,2019-08-09,2019-08-09 09:34:38,2.69,0.9781,6,2.66,0.9672,6,2.56,0.9309,1,2.675,0.9727,17,0
SPY190812C291,2019-08-09,2019-08-09 09:34:39,2.7,0.9818,6,2.66,0.9672,6,2.56,0.9309,1,2.68,0.9745,17,0
SPY190812C291,2019-08-09,2019-08-09 09:34:39,2.7,0.9818,10,2.66,0.9672,10,2.56,0.9309,1,2.68,0.9745,17,0
SPY190812C291,2019-08-09,2019-08-09 09:34:40,2.7,0.9818,100,2.67,0.9709,6,2.56,0.9309,1,2.685,0.9763,17,0
SPY190812C291,2019-08-09,2019-08-09 09:34:40,2.7,0.9818,100,2.67,0.9709,9,2.56,0.9309,1,2.685,0.9763,17,0
SPY190812C291,2019-08-09,2019-08-09 09:34:41,2.69,0.9781,10,2.66,0.9672,6,2.56,0.9309,1,2.675,0.9727,17,0
SPY190812C291,2019-08-09,2019-08-09 09:34:41,2.7,0.9818,6,2.68,0.9745,6,2.56,0.9309,1,2.69,0.9781,17,0
SPY190812C291,2019-08-09,2019-08-09 09:34:42,2.72,0.989,22,2.66,0.9672,105,2.56,0.9309,1,2.69,0.9781,17,0
SPY190812C291,2019-08-09,2019-08-09 09:34:42,2.72,0.989,22,2.66,0.9672,178,2.56,0.9309,1,2.69,0.9781,17,0
SPY190812C291,2019-08-09,2019-08-09 09:34:43,2.72,0.989,95,2.66,0.9672,178,2.56,0.9309,1,2.69,0.9781,17,0
SPY190812C291,2019-08-09,2019-08-09 09:34:44,2.71,0.9854,10,2.68,0.9745,13,2.56,0.9309,1,2.695,0.98,17,0
SPY190812C291,2019-08-09,2019-08-09 09:34:44,2.71,0.9854,10,2.68,0.9745,10,2.56,0.9309,1,2.695,0.98,17,0
SPY190812C291,2019-08-09,2019-08-09 09:34:45,2.73,0.9927,110,2.69,0.9781,6,2.56,0.9309,1,2.71,0.9854,17,0
SPY190812C291,2019-08-09,2019-08-09 09:34:46,2.72,0.989,6,2.69,0.9781,6,2.56,0.9309,1,2.705,0.9836,17,0
SPY190812C291,2019-08-09,2019-08-09 09:34:46,2.72,0.989,6,2.7,0.9818,6,2.56,0.9309,1,2.71,0.9854,17,0
SPY190812C291,2019-08-09,2019-08-09 09:34:47,2.73,0.9927,6,2.7,0.9818,6,2.56,0.9309,1,2.715,0.9872,17,0
SPY190812C291,2019-08-09,2019-08-09 09:34:47,2.74,0.9963,79,2.71,0.9854,6,2.56,0.9309,1,2.725,0.9909,17,0
SPY190812C291,2019-08-09,2019-08-09 09:34:48,2.72,0.989,6,2.69,0.9781,6,2.56,0.9309,1,2.705,0.9836,17,0
SPY190812C291,2019-08-09,2019-08-09 09:34:48,2.73,0.9927,85,2.7,0.9818,6,2.56,0.9309,1,2.715,0.9872,17,0
SPY190812C291,2019-08-09,2019-08-09 09:34:49,2.72,0.989,4,2.7,0.9818,6,2.56,0.9309,1,2.71,0.9854,17,0
SPY190812C291,2019-08-09,2019-08-09 09:34:49,2.73,0.9927,10,2.69,0.9781,6,2.56,0.9309,1,2.71,0.9854,17,0
SPY190812C291,2019-08-09,2019-08-09 09:34:50,2.75,1.0,10,2.67,0.9709,178,2.56,0.9309,1,2.71,0.9854,17,0
SPY190812C291,2019-08-09,2019-08-09 09:34:51,2.72,0.989,6,2.69,0.9781,6,2.56,0.9309,1,2.705,0.9836,17,0
SPY190812C291,2019-08-09,2019-08-09 09:34:51,2.75,1.0,10,2.67,0.9709,178,2.56,0.9309,1,2.71,0.9854,17,0
SPY190812C291,2019-08-09,2019-08-09 09:34:52,2.72,0.989,7,2.69,0.9781,22,2.56,0.9309,1,2.705,0.9836,17,0
SPY190812C291,2019-08-09,2019-08-09 09:34:52,2.73,0.9927,6,2.7,0.9818,6,2.56,0.9309,1,2.715,0.9872,17,0
SPY190812C291,2019-08-09,2019-08-09 09:34:53,2.73,0.9927,6,2.71,0.9854,6,2.56,0.9309,1,2.72,0.989,17,0
SPY190812C291,2019-08-09,2019-08-09 09:34:53,2.74,0.9963,68,2.71,0.9854,6,2.56,0.9309,1,2.725,0.9909,17,0
SPY190812C291,2019-08-09,2019-08-09 09:34:54,2.73,0.9927,10,2.71,0.9854,15,2.56,0.9309,1,2.72,0.989,17,0
SPY190812C291,2019-08-09,2019-08-09 09:34:54,2.73,0.9927,10,2.71,0.9854,10,2.56,0.9309,1,2.72,0.989,17,0
SPY190812C291,2019-08-09,2019-08-09 09:34:55,2.73,0.9927,7,2.71,0.9854,12,2.56,0.9309,1,2.72,0.989,17,0
SPY190812C291,2019-08-09,2019-08-09 09:34:55,2.74,0.9963,78,2.71,0.9854,10,2.56,0.9309,1,2.725,0.9909,17,0
SPY190812C291,2019-08-09,2019-08-09 09:34:56,2.73,0.9927,10,2.72,0.989,6,2.56,0.9309,1,2.725,0.9909,17,0
SPY190812C291,2019-08-09,2019-08-09 09:34:56,2.75,1.0,115,2.7,0.9818,6,2.56,0.9309,1,2.725,0.9909,17,0
SPY190812C291,2019-08-09,2019-08-09 09:34:58,2.74,0.9963,6,2.71,0.9854,6,2.56,0.9309,1,2.725,0.9909,17,0
SPY190812C291,2019-08-09,2019-08-09 09:34:59,2.74,0.9963,6,2.72,0.989,6,2.56,0.9309,1,2.73,0.9927,17,0
SPY190812C291,2019-08-09,2019-08-09 09:34:59,2.74,0.9963,1,2.72,0.989,10,2.56,0.9309,1,2.73,0.9927,17,0
SPY190812C291,2019-08-09,2019-08-09 09:35:00,2.74,0.9963,6,2.71,0.9854,10,2.56,0.9309,1,2.725,0.9909,17,0
SPY190812C291,2019-08-09,2019-08-09 09:35:00,2.76,1.0036,145,2.71,0.9854,33,2.56,0.9309,1,2.735,0.9945,17,0
SPY190812C291,2019-08-09,2019-08-09 09:35:01,2.75,1.0,6,2.71,0.9854,61,2.56,0.9309,1,2.73,0.9927,17,0
SPY190812C291,2019-08-09,2019-08-09 09:35:02,2.74,0.9963,7,2.71,0.9854,11,2.56,0.9309,1,2.725,0.9909,17,0
SPY190812C291,2019-08-09,2019-08-09 09:35:02,2.73,0.9927,7,2.7,0.9818,6,2.56,0.9309,1,2.715,0.9872,17,0
SPY190812C291,2019-08-09,2019-08-09 09:35:03,2.72,0.989,6,2.69,0.9781,6,2.56,0.9309,1,2.705,0.9836,17,0
SPY190812C291,2019-08-09,2019-08-09 09:35:05,2.7,0.9818,6,2.67,0.9709,9,2.56,0.9309,1,2.685,0.9763,17,0
SPY190812C291,2019-08-09,2019-08-09 09:35:06,2.7,0.9818,4,2.66,0.9672,6,2.56,0.9309,1,2.68,0.9745,17,0
SPY190812C291,2019-08-09,2019-08-09 09:35:07,2.7,0.9818,100,2.67,0.9709,7,2.7,0.9818,3,2.685,0.9763,20,3
SPY190812C291,2019-08-09,2019-08-09 09:35:08,2.71,0.9854,10,2.67,0.9709,6,2.7,0.9818,3,2.69,0.9781,20,0
SPY190812C291,2019-08-09,2019-08-09 09:35:08,2.71,0.9854,100,2.67,0.9709,6,2.7,0.9818,3,2.69,0.9781,20,0
SPY190812C291,2019-08-09,2019-08-09 09:35:09,2.7,0.9818,6,2.67,0.9709,8,2.7,0.9818,3,2.685,0.9763,20,0
SPY190812C291,2019-08-09,2019-08-09 09:35:10,2.69,0.9781,6,2.66,0.9672,6,2.7,0.9818,3,2.675,0.9727,20,0
SPY190812C291,2019-08-09,2019-08-09 09:35:10,2.68,0.9745,6,2.66,0.9672,6,2.7,0.9818,3,2.67,0.9709,20,0
SPY190812C291,2019-08-09,2019-08-09 09:35:11,2.7,0.9818,6,2.67,0.9709,6,2.7,0.9818,3,2.685,0.9763,20,0
SPY190812C291,2019-08-09,2019-08-09 09:35:11,2.69,0.9781,6,2.67,0.9709,6,2.7,0.9818,3,2.68,0.9745,20,0
SPY190812C291,2019-08-09,2019-08-09 09:35:12,2.73,0.9927,167,2.68,0.9745,6,2.7,0.9818,3,2.705,0.9836,20,0
SPY190812C291,2019-08-09,2019-08-09 09:35:12,2.7,0.9818,6,2.67,0.9709,6,2.7,0.9818,3,2.685,0.9763,20,0
SPY190812C291,2019-08-09,2019-08-09 09:35:13,2.71,0.9854,7,2.69,0.9781,7,2.7,0.9818,3,2.7,0.9818,20,0
SPY190812C291,2019-08-09,2019-08-09 09:35:13,2.73,0.9927,167,2.68,0.9745,6,2.7,0.9818,3,2.705,0.9836,20,0
SPY190812C291,2019-08-09,2019-08-09 09:35:14,2.73,0.9927,9,2.7,0.9818,12,2.7,0.9818,3,2.715,0.9872,20,0
SPY190812C291,2019-08-09,2019-08-09 09:35:14,2.75,1.0,22,2.7,0.9818,9,2.7,0.9818,3,2.725,0.9909,20,0
SPY190812C291,2019-08-09,2019-08-09 09:35:15,2.73,0.9927,10,2.7,0.9818,7,2.7,0.9818,3,2.715,0.9872,20,0
SPY190812C291,2019-08-09,2019-08-09 09:35:15,2.72,0.989,10,2.69,0.9781,7,2.7,0.9818,3,2.705,0.9836,20,0
SPY190812C291,2019-08-09,2019-08-09 09:35:16,2.73,0.9927,7,2.7,0.9818,9,2.7,0.9818,3,2.715,0.9872,20,0
SPY190812C291,2019-08-09,2019-08-09 09:35:16,2.73,0.9927,7,2.71,0.9854,7,2.7,0.9818,3,2.72,0.989,20,0
SPY190812C291,2019-08-09,2019-08-09 09:35:17,2.73,0.9927,6,2.7,0.9818,6,2.7,0.9818,3,2.715,0.9872,20,0
SPY190812C291,2019-08-09,2019-08-09 09:35:17,2.74,0.9963,119,2.71,0.9854,6,2.7,0.9818,3,2.725,0.9909,20,0
SPY190812C291,2019-08-09,2019-08-09 09:35:18,2.73,0.9927,6,2.7,0.9818,6,2.7,0.9818,3,2.715,0.9872,20,0
SPY190812C291,2019-08-09,2019-08-09 09:35:18,2.74,0.9963,10,2.72,0.989,15,2.7,0.9818,3,2.73,0.9927,20,0
SPY190812C291,2019-08-09,2019-08-09 09:35:19,2.74,0.9963,6,2.71,0.9854,6,2.7,0.9818,3,2.725,0.9909,20,0
SPY190812C291,2019-08-09,2019-08-09 09:35:19,2.75,1.0,78,2.71,0.9854,6,2.7,0.9818,3,2.73,0.9927,20,0
SPY190812C291,2019-08-09,2019-08-09 09:35:20,2.73,0.9927,6,2.7,0.9818,6,2.7,0.9818,3,2.715,0.9872,20,0
SPY190812C291,2019-08-09,2019-08-09 09:35:21,2.73,0.9927,15,2.71,0.9854,4,2.7,0.9818,3,2.72,0.989,20,0
SPY190812C291,2019-08-09,2019-08-09 09:35:21,2.73,0.9927,6,2.7,0.9818,10,2.7,0.9818,3,2.715,0.9872,20,0
SPY190812C291,2019-08-09,2019-08-09 09:35:22,2.71,0.9854,6,2.69,0.9781,6,2.7,0.9818,3,2.7,0.9818,20,0
SPY190812C291,2019-08-09,2019-08-09 09:35:23,2.74,0.9963,83,2.7,0.9818,6,2.7,0.9818,3,2.72,0.989,20,0
SPY190812C291,2019-08-09,2019-08-09 09:35:23,2.72,0.989,10,2.7,0.9818,6,2.7,0.9818,3,2.71,0.9854,20,0
SPY190812C291,2019-08-09,2019-08-09 09:35:24,2.72,0.989,6,2.69,0.9781,6,2.7,0.9818,3,2.705,0.9836,20,0
SPY190812C291,2019-08-09,2019-08-09 09:35:24,2.72,0.989,6,2.7,0.9818,6,2.7,0.9818,3,2.71,0.9854,20,0
SPY190812C291,2019-08-09,2019-08-09 09:35:25,2.72,0.989,6,2.69,0.9781,6,2.7,0.9818,3,2.705,0.9836,20,0
SPY190812C291,2019-08-09,2019-08-09 09:35:26,2.72,0.989,6,2.68,0.9745,178,2.7,0.9818,3,2.7,0.9818,20,0
SPY190812C291,2019-08-09,2019-08-09 09:35:26,2.72,0.989,4,2.7,0.9818,6,2.7,0.9818,3,2.71,0.9854,20,0
SPY190812C291,2019-08-09,2019-08-09 09:35:27,2.73,0.9927,80,2.68,0.9745,178,2.7,0.9818,3,2.705,0.9836,20,0
SPY190812C291,2019-08-09,2019-08-09 09:35:27,2.73,0.9927,72,2.7,0.9818,6,2.7,0.9818,3,2.715,0.9872,20,0
SPY190812C291,2019-08-09,2019-08-09 09:35:28,2.73,0.9927,10,2.71,0.9854,10,2.7,0.9818,3,2.72,0.989,20,0
SPY190812C291,2019-08-09,2019-08-09 09:35:28,2.73,0.9927,10,2.7,0.9818,11,2.7,0.9818,3,2.715,0.9872,20,0
SPY190812C291,2019-08-09,2019-08-09 09:35:29,2.73,0.9927,6,2.69,0.9781,6,2.7,0.9818,3,2.71,0.9854,20,0
SPY190812C291,2019-08-09,2019-08-09 09:35:29,2.72,0.989,4,2.69,0.9781,4,2.7,0.9818,3,2.705,0.9836,20,0
SPY190812C291,2019-08-09,2019-08-09 09:35:30,2.73,0.9927,6,2.7,0.9818,6,2.7,0.9818,3,2.715,0.9872,20,0
SPY190812C291,2019-08-09,2019-08-09 09:35:32,2.74,0.9963,5,2.7,0.9818,134,2.7,0.9818,3,2.72,0.989,20,0
SPY190812C291,2019-08-09,2019-08-09 09:35:32,2.73,0.9927,6,2.7,0.9818,100,2.7,0.9818,3,2.715,0.9872,20,0
SPY190812C291,2019-08-09,2019-08-09 09:35:33,2.74,0.9963,10,2.71,0.9854,10,2.7,0.9818,3,2.725,0.9909,20,0
SPY190812C291,2019-08-09,2019-08-09 09:35:33,2.74,0.9963,4,2.72,0.989,4,2.7,0.9818,3,2.73,0.9927,20,0
SPY190812C291,2019-08-09,2019-08-09 09:35:34,2.74,0.9963,4,2.72,0.989,6,2.7,0.9818,3,2.73,0.9927,20,0
SPY190812C291,2019-08-09,2019-08-09 09:35:34,2.74,0.9963,4,2.72,0.989,10,2.7,0.9818,3,2.73,0.9927,20,0
SPY190812C291,2019-08-09,2019-08-09 09:35:35,2.74,0.9963,4,2.72,0.989,12,2.7,0.9818,3,2.73,0.9927,20,0
SPY190812C291,2019-08-09,2019-08-09 09:35:35,2.74,0.9963,10,2.72,0.989,10,2.7,0.9818,3,2.73,0.9927,20,0
SPY190812C291,2019-08-09,2019-08-09 09:35:36,2.75,1.0,134,2.71,0.9854,6,2.7,0.9818,3,2.73,0.9927,20,0
SPY190812C291,2019-08-09,2019-08-09 09:35:36,2.74,0.9963,4,2.72,0.989,12,2.7,0.9818,3,2.73,0.9927,20,0
SPY190812C291,2019-08-09,2019-08-09 09:35:37,2.74,0.9963,6,2.71,0.9854,6,2.7,0.9818,3,2.725,0.9909,20,0
SPY190812C291,2019-08-09,2019-08-09 09:35:37,2.74,0.9963,4,2.71,0.9854,10,2.7,0.9818,3,2.725,0.9909,20,0
SPY190812C291,2019-08-09,2019-08-09 09:35:38,2.74,0.9963,6,2.71,0.9854,6,2.7,0.9818,3,2.725,0.9909,20,0
SPY190812C291,2019-08-09,2019-08-09 09:35:38,2.74,0.9963,8,2.72,0.989,6,2.7,0.9818,3,2.73,0.9927,20,0
SPY190812C291,2019-08-09,2019-08-09 09:35:39,2.74,0.9963,6,2.71,0.9854,6,2.7,0.9818,3,2.725,0.9909,20,0
SPY190812C291,2019-08-09,2019-08-09 09:35:39,2.74,0.9963,4,2.72,0.989,10,2.7,0.9818,3,2.73,0.9927,20,0
SPY190812C291,2019-08-09,2019-08-09 09:35:40,2.75,1.0,78,2.72,0.989,6,2.7,0.9818,3,2.735,0.9945,20,0
SPY190812C291,2019-08-09,2019-08-09 09:35:41,2.74,0.9963,6,2.71,0.9854,6,2.7,0.9818,3,2.725,0.9909,20,0
SPY190812C291,2019-08-09,2019-08-09 09:35:42,2.74,0.9963,6,2.72,0.989,6,2.7,0.9818,3,2.73,0.9927,20,0
SPY190812C291,2019-08-09,2019-08-09 09:35:42,2.74,0.9963,4,2.71,0.9854,15,2.7,0.9818,3,2.725,0.9909,20,0
SPY190812C291,2019-08-09,2019-08-09 09:35:43,2.74,0.9963,4,2.71,0.9854,11,2.7,0.9818,3,2.725,0.9909,20,0
SPY190812C291,2019-08-09,2019-08-09 09:35:43,2.74,0.9963,10,2.72,0.989,10,2.7,0.9818,3,2.73,0.9927,20,0
SPY190812C291,2019-08-09,2019-08-09 09:35:44,2.74,0.9963,10,2.71,0.9854,6,2.7,0.9818,3,2.725,0.9909,20,0
SPY190812C291,2019-08-09,2019-08-09 09:35:45,2.72,0.989,15,2.7,0.9818,15,2.7,0.9818,3,2.71,0.9854,20,0
SPY190812C291,2019-08-09,2019-08-09 09:35:46,2.72,0.989,10,2.7,0.9818,10,2.7,0.9818,3,2.71,0.9854,20,0
SPY190812C291,2019-08-09,2019-08-09 09:35:46,2.72,0.989,4,2.7,0.9818,6,2.7,0.9818,3,2.71,0.9854,20,0
SPY190812C291,2019-08-09,2019-08-09 09:35:47,2.73,0.9927,75,2.7,0.9818,6,2.7,0.9818,3,2.715,0.9872,20,0
SPY190812C291,2019-08-09,2019-08-09 09:35:47,2.73,0.9927,75,2.7,0.9818,9,2.7,0.9818,3,2.715,0.9872,20,0
SPY190812C291,2019-08-09,2019-08-09 09:35:48,2.75,1.0,80,2.71,0.9854,6,2.7,0.9818,3,2.73,0.9927,20,0
SPY190812C291,2019-08-09,2019-08-09 09:35:48,2.74,0.9963,6,2.72,0.989,6,2.7,0.9818,3,2.73,0.9927,20,0
SPY190812C291,2019-08-09,2019-08-09 09:35:49,2.76,1.0036,59,2.73,0.9927,6,2.7,0.9818,3,2.745,0.9981,20,0
SPY190812C291,2019-08-09,2019-08-09 09:35:50,2.75,1.0,6,2.73,0.9927,6,2.7,0.9818,3,2.74,0.9963,20,0
SPY190812C291,2019-08-09,2019-08-09 09:35:50,2.75,1.0,4,2.73,0.9927,10,2.7,0.9818,3,2.74,0.9963,20,0
SPY190812C291,2019-08-09,2019-08-09 09:35:51,2.76,1.0036,108,2.71,0.9854,100,2.7,0.9818,3,2.735,0.9945,20,0
SPY190812C291,2019-08-09,2019-08-09 09:35:51,2.75,1.0,4,2.73,0.9927,10,2.7,0.9818,3,2.74,0.9963,20,0
SPY190812C291,2019-08-09,2019-08-09 09:35:52,2.75,1.0,6,2.72,0.989,6,2.7,0.9818,3,2.735,0.9945,20,0
SPY190812C291,2019-08-09,2019-08-09 09:35:52,2.76,1.0036,6,2.72,0.989,6,2.7,0.9818,3,2.74,0.9963,20,0
SPY190812C291,2019-08-09,2019-08-09 09:35:53,2.75,1.0,6,2.72,0.989,6,2.7,0.9818,3,2.735,0.9945,20,0
SPY190812C291,2019-08-09,2019-08-09 09:35:53,2.75,1.0,6,2.72,0.989,9,2.7,0.9818,3,2.735,0.9945,20,0
SPY190812C291,2019-08-09,2019-08-09 09:35:54,2.75,1.0,6,2.72,0.989,6,2.7,0.9818,3,2.735,0.9945,20,0
SPY190812C291,2019-08-09,2019-08-09 09:35:54,2.75,1.0,6,2.73,0.9927,6,2.7,0.9818,3,2.74,0.9963,20,0
SPY190812C291,2019-08-09,2019-08-09 09:35:55,2.75,1.0,6,2.72,0.989,9,2.7,0.9818,3,2.735,0.9945,20,0
SPY190812C291,2019-08-09,2019-08-09 09:35:55,2.74,0.9963,10,2.72,0.989,10,2.7,0.9818,3,2.73,0.9927,20,0
SPY190812C291,2019-08-09,2019-08-09 09:35:56,2.74,0.9963,10,2.71,0.9854,6,2.7,0.9818,3,2.725,0.9909,20,0
SPY190812C291,2019-08-09,2019-08-09 09:35:56,2.74,0.9963,9,2.71,0.9854,6,2.7,0.9818,3,2.725,0.9909,20,0
SPY190812C291,2019-08-09,2019-08-09 09:35:57,2.73,0.9927,6,2.71,0.9854,6,2.7,0.9818,3,2.72,0.989,20,0
SPY190812C291,2019-08-09,2019-08-09 09:35:57,2.73,0.9927,6,2.7,0.9818,6,2.7,0.9818,3,2.715,0.9872,20,0
SPY190812C291,2019-08-09,2019-08-09 09:35:58,2.73,0.9927,10,2.7,0.9818,22,2.7,0.9818,3,2.715,0.9872,20,0
SPY190812C291,2019-08-09,2019-08-09 09:35:58,2.73,0.9927,1,2.72,0.989,10,2.7,0.9818,3,2.725,0.9909,20,0
SPY190812C291,2019-08-09,2019-08-09 09:35:59,2.75,1.0,6,2.72,0.989,6,2.7,0.9818,3,2.735,0.9945,20,0
SPY190812C291,2019-08-09,2019-08-09 09:35:59,2.75,1.0,78,2.72,0.989,10,2.7,0.9818,3,2.735,0.9945,20,0
SPY190812C291,2019-08-09,2019-08-09 09:36:00,2.75,1.0,6,2.73,0.9927,6,2.7,0.9818,3,2.74,0.9963,20,0
SPY190812C291,2019-08-09,2019-08-09 09:36:00,2.75,1.0,71,2.72,0.989,6,2.7,0.9818,3,2.735,0.9945,20,0
SPY190812C291,2019-08-09,2019-08-09 09:36:01,2.75,1.0,6,2.72,0.989,6,2.7,0.9818,3,2.735,0.9945,20,0
SPY190812C291,2019-08-09,2019-08-09 09:36:01,2.75,1.0,6,2.72,0.989,7,2.7,0.9818,3,2.735,0.9945,20,0
SPY190812C291,2019-08-09,2019-08-09 09:36:02,2.75,1.0,6,2.72,0.989,6,2.7,0.9818,3,2.735,0.9945,20,0
SPY190812C291,2019-08-09,2019-08-09 09:36:02,2.74,0.9963,10,2.72,0.989,10,2.7,0.9818,3,2.73,0.9927,20,0
SPY190812C291,2019-08-09,2019-08-09 09:36:03,2.75,1.0,6,2.73,0.9927,6,2.7,0.9818,3,2.74,0.9963,20,0
SPY190812C291,2019-08-09,2019-08-09 09:36:03,2.75,1.0,6,2.73,0.9927,9,2.7,0.9818,3,2.74,0.9963,20,0
SPY190812C291,2019-08-09,2019-08-09 09:36:04,2.76,1.0036,100,2.73,0.9927,7,2.7,0.9818,3,2.745,0.9981,20,0
SPY190812C291,2019-08-09,2019-08-09 09:36:04,2.75,1.0,6,2.73,0.9927,7,2.7,0.9818,3,2.74,0.9963,20,0
SPY190812C291,2019-08-09,2019-08-09 09:36:05,2.76,1.0036,153,2.73,0.9927,7,2.7,0.9818,3,2.745,0.9981,20,0
SPY190812C291,2019-08-09,2019-08-09 09:36:05,2.75,1.0,6,2.73,0.9927,7,2.7,0.9818,3,2.74,0.9963,20,0
SPY190812C291,2019-08-09,2019-08-09 09:36:06,2.76,1.0036,35,2.74,0.9963,9,2.7,0.9818,3,2.75,1.0,20,0
SPY190812C291,2019-08-09,2019-08-09 09:36:06,2.76,1.0036,6,2.74,0.9963,6,2.7,0.9818,3,2.75,1.0,20,0
SPY190812C291,2019-08-09,2019-08-09 09:36:07,2.76,1.0036,6,2.73,0.9927,9,2.7,0.9818,3,2.745,0.9981,20,0
SPY190812C291,2019-08-09,2019-08-09 09:36:07,2.76,1.0036,6,2.74,0.9963,6,2.7,0.9818,3,2.75,1.0,20,0
SPY190812C291,2019-08-09,2019-08-09 09:36:08,2.76,1.0036,6,2.73,0.9927,6,2.7,0.9818,3,2.745,0.9981,20,0
SPY190812C291,2019-08-09,2019-08-09 09:36:08,2.76,1.0036,6,2.73,0.9927,9,2.7,0.9818,3,2.745,0.9981,20,0
SPY190812C291,2019-08-09,2019-08-09 09:36:09,2.75,1.0,6,2.72,0.989,6,2.7,0.9818,3,2.735,0.9945,20,0
SPY190812C291,2019-08-09,2019-08-09 09:36:10,2.74,0.9963,10,2.7,0.9818,6,2.7,0.9818,3,2.72,0.989,20,0
SPY190812C291,2019-08-09,2019-08-09 09:36:10,2.73,0.9927,10,2.71,0.9854,10,2.7,0.9818,3,2.72,0.989,20,0
SPY190812C291,2019-08-09,2019-08-09 09:36:11,2.74,0.9963,115,2.7,0.9818,7,2.7,0.9818,3,2.72,0.989,20,0
SPY190812C291,2019-08-09,2019-08-09 09:36:11,2.72,0.989,6,2.67,0.9709,105,2.7,0.9818,3,2.695,0.98,20,0
SPY190812C291,2019-08-09,2019-08-09 09:36:12,2.71,0.9854,6,2.68,0.9745,6,2.7,0.9818,3,2.695,0.98,20,0
SPY190812C291,2019-08-09,2019-08-09 09:36:12,2.71,0.9854,6,2.67,0.9709,6,2.68,0.9745,1,2.69,0.9781,21,1
SPY190812C291,2019-08-09,2019-08-09 09:36:13,2.7,0.9818,6,2.67,0.9709,6,2.68,0.9745,1,2.685,0.9763,21,0
SPY190812C291,2019-08-09,2019-08-09 09:36:14,2.71,0.9854,6,2.66,0.9672,6,2.68,0.9745,1,2.685,0.9763,21,0
SPY190812C291,2019-08-09,2019-08-09 09:36:14,2.71,0.9854,65,2.68,0.9745,6,2.68,0.9745,1,2.695,0.98,21,0
SPY190812C291,2019-08-09,2019-08-09 09:36:15,2.69,0.9781,43,2.66,0.9672,10,2.68,0.9745,1,2.675,0.9727,21,0
SPY190812C291,2019-08-09,2019-08-09 09:36:15,2.69,0.9781,10,2.66,0.9672,10,2.68,0.9745,1,2.675,0.9727,21,0
SPY190812C291,2019-08-09,2019-08-09 09:36:16,2.68,0.9745,6,2.66,0.9672,6,2.68,0.9745,1,2.67,0.9709,21,0
SPY190812C291,2019-08-09,2019-08-09 09:36:16,2.69,0.9781,108,2.66,0.9672,10,2.68,0.9745,1,2.675,0.9727,21,0
SPY190812C291,2019-08-09,2019-08-09 09:36:17,2.68,0.9745,6,2.65,0.9636,6,2.68,0.9745,1,2.665,0.969,21,0
SPY190812C291,2019-08-09,2019-08-09 09:36:17,2.69,0.9781,71,2.66,0.9672,6,2.68,0.9745,1,2.675,0.9727,21,0
SPY190812C291,2019-08-09,2019-08-09 09:36:18,2.68,0.9745,10,2.66,0.9672,10,2.68,0.9745,1,2.67,0.9709,21,0
SPY190812C291,2019-08-09,2019-08-09 09:36:18,2.68,0.9745,10,2.66,0.9672,4,2.68,0.9745,1,2.67,0.9709,21,0
SPY190812C291,2019-08-09,2019-08-09 09:36:19,2.65,0.9636,6,2.63,0.9563,6,2.68,0.9745,1,2.64,0.96,21,0
SPY190812C291,2019-08-09,2019-08-09 09:36:19,2.67,0.9709,6,2.63,0.9563,6,2.68,0.9745,1,2.65,0.9636,21,0
SPY190812C291,2019-08-09,2019-08-09 09:36:20,2.66,0.9672,6,2.64,0.96,6,2.68,0.9745,1,2.65,0.9636,21,0
SPY190812C291,2019-08-09,2019-08-09 09:36:21,2.66,0.9672,6,2.63,0.9563,6,2.68,0.9745,1,2.645,0.9618,21,0
SPY190812C291,2019-08-09,2019-08-09 09:36:21,2.67,0.9709,6,2.64,0.96,9,2.68,0.9745,1,2.655,0.9654,21,0
SPY190812C291,2019-08-09,2019-08-09 09:36:22,2.67,0.9709,6,2.65,0.9636,6,2.68,0.9745,1,2.66,0.9672,21,0
SPY190812C291,2019-08-09,2019-08-09 09:36:22,2.67,0.9709,10,2.64,0.96,10,2.68,0.9745,1,2.655,0.9654,21,0
SPY190812C291,2019-08-09,2019-08-09 09:36:23,2.67,0.9709,6,2.61,0.949,9,2.68,0.9745,1,2.64,0.96,21,0
SPY190812C291,2019-08-09,2019-08-09 09:36:23,2.66,0.9672,5,2.6,0.9454,178,2.68,0.9745,1,2.63,0.9563,21,0
SPY190812C291,2019-08-09,2019-08-09 09:36:24,2.64,0.96,10,2.61,0.949,10,2.68,0.9745,1,2.625,0.9545,21,0
SPY190812C291,2019-08-09,2019-08-09 09:36:24,2.64,0.96,10,2.62,0.9527,4,2.68,0.9745,1,2.63,0.9563,21,0
SPY190812C291,2019-08-09,2019-08-09 09:36:25,2.64,0.96,6,2.6,0.9454,6,2.68,0.9745,1,2.62,0.9527,21,0
SPY190812C291,2019-08-09,2019-08-09 09:36:25,2.61,0.949,6,2.59,0.9418,6,2.68,0.9745,1,2.6,0.9454,21,0
SPY190812C291,2019-08-09,2019-08-09 09:36:26,2.62,0.9527,6,2.59,0.9418,6,2.68,0.9745,1,2.605,0.9472,21,0
SPY190812C291,2019-08-09,2019-08-09 09:36:26,2.63,0.9563,34,2.59,0.9418,100,2.68,0.9745,1,2.61,0.949,21,0
SPY190812C291,2019-08-09,2019-08-09 09:36:27,2.63,0.9563,10,2.6,0.9454,6,2.68,0.9745,1,2.615,0.9509,21,0
SPY190812C291,2019-08-09,2019-08-09 09:36:27,2.63,0.9563,10,2.61,0.949,4,2.68,0.9745,1,2.62,0.9527,21,0
SPY190812C291,2019-08-09,2019-08-09 09:36:28,2.63,0.9563,6,2.62,0.9527,6,2.68,0.9745,1,2.625,0.9545,21,0
SPY190812C291,2019-08-09,2019-08-09 09:36:28,2.63,0.9563,6,2.61,0.949,6,2.68,0.9745,1,2.62,0.9527,21,0
SPY190812C291,2019-08-09,2019-08-09 09:36:29,2.65,0.9636,51,2.62,0.9527,6,2.68,0.9745,1,2.635,0.9581,21,0
SPY190812C291,2019-08-09,2019-08-09 09:36:29,2.65,0.9636,10,2.63,0.9563,6,2.62,0.9527,10,2.64,0.96,31,10
SPY190812C291,2019-08-09,2019-08-09 09:36:30,2.69,0.9781,22,2.59,0.9418,499,2.62,0.9527,10,2.64,0.96,31,0
SPY190812C291,2019-08-09,2019-08-09 09:36:30,2.65,0.9636,6,2.63,0.9563,100,2.62,0.9527,10,2.64,0.96,31,0
SPY190812C291,2019-08-09,2019-08-09 09:36:31,2.68,0.9745,6,2.65,0.9636,6,2.62,0.9527,10,2.665,0.969,31,0
SPY190812C291,2019-08-09,2019-08-09 09:36:31,2.72,0.989,221,2.65,0.9636,6,2.62,0.9527,10,2.685,0.9763,31,0
SPY190812C291,2019-08-09,2019-08-09 09:36:32,2.68,0.9745,10,2.66,0.9672,4,2.62,0.9527,10,2.67,0.9709,31,0
SPY190812C291,2019-08-09,2019-08-09 09:36:32,2.67,0.9709,1,2.66,0.9672,4,2.62,0.9527,10,2.665,0.969,31,0
SPY190812C291,2019-08-09,2019-08-09 09:36:33,2.7,0.9818,6,2.67,0.9709,9,2.62,0.9527,10,2.685,0.9763,31,0
SPY190812C291,2019-08-09,2019-08-09 09:36:33,2.69,0.9781,4,2.65,0.9636,22,2.62,0.9527,10,2.67,0.9709,31,0
SPY190812C291,2019-08-09,2019-08-09 09:36:34,2.7,0.9818,10,2.68,0.9745,10,2.62,0.9527,10,2.69,0.9781,31,0
SPY190812C291,2019-08-09,2019-08-09 09:36:34,2.7,0.9818,10,2.67,0.9709,100,2.62,0.9527,10,2.685,0.9763,31,0
SPY190812C291,2019-08-09,2019-08-09 09:36:35,2.71,0.9854,10,2.69,0.9781,10,2.62,0.9527,10,2.7,0.9818,31,0
SPY190812C291,2019-08-09,2019-08-09 09:36:35,2.71,0.9854,9,2.68,0.9745,9,2.62,0.9527,10,2.695,0.98,31,0
SPY190812C291,2019-08-09,2019-08-09 09:36:36,2.71,0.9854,6,2.69,0.9781,6,2.62,0.9527,10,2.7,0.9818,31,0
SPY190812C291,2019-08-09,2019-08-09 09:36:36,2.71,0.9854,6,2.68,0.9745,6,2.62,0.9527,10,2.695,0.98,31,0
SPY190812C291,2019-08-09,2019-08-09 09:36:37,2.71,0.9854,4,2.69,0.9781,10,2.62,0.9527,10,2.7,0.9818,31,0
SPY190812C291,2019-08-09,2019-08-09 09:36:38,2.72,0.989,78,2.69,0.9781,6,2.62,0.9527,10,2.705,0.9836,31,0
SPY190812C291,2019-08-09,2019-08-09 09:36:38,2.72,0.989,6,2.69,0.9781,6,2.62,0.9527,10,2.705,0.9836,31,0
SPY190812C291,2019-08-09,2019-08-09 09:36:39,2.73,0.9927,100,2.69,0.9781,6,2.62,0.9527,10,2.71,0.9854,31,0
SPY190812C291,2019-08-09,2019-08-09 09:36:39,2.73,0.9927,6,2.7,0.9818,6,2.62,0.9527,10,2.715,0.9872,31,0
SPY190812C291,2019-08-09,2019-08-09 09:36:40,2.73,0.9927,6,2.71,0.9854,6,2.62,0.9527,10,2.72,0.989,31,0
SPY190812C291,2019-08-09,2019-08-09 09:36:40,2.74,0.9963,90,2.7,0.9818,6,2.62,0.9527,10,2.72,0.989,31,0
SPY190812C291,2019-08-09,2019-08-09 09:36:41,2.72,0.989,9,2.68,0.9745,6,2.62,0.9527,10,2.7,0.9818,31,0
SPY190812C291,2019-08-09,2019-08-09 09:36:41,2.72,0.989,6,2.68,0.9745,6,2.62,0.9527,10,2.7,0.9818,31,0
SPY190812C291,2019-08-09,2019-08-09 09:36:42,2.73,0.9927,6,2.68,0.9745,6,2.62,0.9527,10,2.705,0.9836,31,0
SPY190812C291,2019-08-09,2019-08-09 09:36:42,2.73,0.9927,6,2.7,0.9818,6,2.62,0.9527,10,2.715,0.9872,31,0
SPY190812C291,2019-08-09,2019-08-09 09:36:43,2.74,0.9963,6,2.7,0.9818,6,2.62,0.9527,10,2.72,0.989,31,0
SPY190812C291,2019-08-09,2019-08-09 09:36:43,2.72,0.989,6,2.68,0.9745,9,2.62,0.9527,10,2.7,0.9818,31,0
SPY190812C291,2019-08-09,2019-08-09 09:36:44,2.73,0.9927,10,2.7,0.9818,6,2.62,0.9527,10,2.715,0.9872,31,0
SPY190812C291,2019-08-09,2019-08-09 09:36:44,2.73,0.9927,10,2.7,0.9818,15,2.62,0.9527,10,2.715,0.9872,31,0
SPY190812C291,2019-08-09,2019-08-09 09:36:45,2.73,0.9927,93,2.7,0.9818,10,2.62,0.9527,10,2.715,0.9872,31,0
SPY190812C291,2019-08-09,2019-08-09 09:36:45,2.72,0.989,4,2.7,0.9818,10,2.62,0.9527,10,2.71,0.9854,31,0
SPY190812C291,2019-08-09,2019-08-09 09:36:46,2.73,0.9927,10,2.71,0.9854,4,2.62,0.9527,10,2.72,0.989,31,0
SPY190812C291,2019-08-09,2019-08-09 09:36:46,2.72,0.989,6,2.7,0.9818,6,2.62,0.9527,10,2.71,0.9854,31,0
SPY190812C291,2019-08-09,2019-08-09 09:36:47,2.73,0.9927,6,2.7,0.9818,6,2.62,0.9527,10,2.715,0.9872,31,0
SPY190812C291,2019-08-09,2019-08-09 09:36:48,2.73,0.9927,6,2.7,0.9818,6,2.62,0.9527,10,2.715,0.9872,31,0
SPY190812C291,2019-08-09,2019-08-09 09:36:49,2.73,0.9927,10,2.71,0.9854,3,2.62,0.9527,10,2.72,0.989,31,0
SPY190812C291,2019-08-09,2019-08-09 09:36:49,2.73,0.9927,10,2.71,0.9854,9,2.62,0.9527,10,2.72,0.989,31,0
SPY190812C291,2019-08-09,2019-08-09 09:36:50,2.72,0.989,1,2.71,0.9854,4,2.62,0.9527,10,2.715,0.9872,31,0
SPY190812C291,2019-08-09,2019-08-09 09:36:50,2.73,0.9927,10,2.71,0.9854,4,2.62,0.9527,10,2.72,0.989,31,0
SPY190812C291,2019-08-09,2019-08-09 09:36:51,2.71,0.9854,6,2.68,0.9745,9,2.62,0.9527,10,2.695,0.98,31,0
SPY190812C291,2019-08-09,2019-08-09 09:36:51,2.72,0.989,6,2.7,0.9818,6,2.62,0.9527,10,2.71,0.9854,31,0
SPY190812C291,2019-08-09,2019-08-09 09:36:52,2.73,0.9927,6,2.7,0.9818,10,2.62,0.9527,10,2.715,0.9872,31,0
SPY190812C291,2019-08-09,2019-08-09 09:36:52,2.72,0.989,4,2.71,0.9854,10,2.62,0.9527,10,2.715,0.9872,31,0
SPY190812C291,2019-08-09,2019-08-09 09:36:53,2.73,0.9927,6,2.71,0.9854,9,2.62,0.9527,10,2.72,0.989,31,0
SPY190812C291,2019-08-09,2019-08-09 09:36:53,2.74,0.9963,9,2.71,0.9854,9,2.62,0.9527,10,2.725,0.9909,31,0
SPY190812C291,2019-08-09,2019-08-09 09:36:54,2.72,0.989,6,2.7,0.9818,6,2.62,0.9527,10,2.71,0.9854,31,0
SPY190812C291,2019-08-09,2019-08-09 09:36:54,2.74,0.9963,115,2.68,0.9745,178,2.62,0.9527,10,2.71,0.9854,31,0
SPY190812C291,2019-08-09,2019-08-09 09:36:55,2.72,0.989,10,2.7,0.9818,10,2.62,0.9527,10,2.71,0.9854,31,0
SPY190812C291,2019-08-09,2019-08-09 09:36:55,2.72,0.989,10,2.7,0.9818,4,2.62,0.9527,10,2.71,0.9854,31,0
SPY190812C291,2019-08-09,2019-08-09 09:36:56,2.72,0.989,6,2.7,0.9818,6,2.62,0.9527,10,2.71,0.9854,31,0
SPY190812C291,2019-08-09,2019-08-09 09:36:56,2.73,0.9927,5,2.68,0.9745,178,2.62,0.9527,10,2.705,0.9836,31,0
SPY190812C291,2019-08-09,2019-08-09 09:36:57,2.72,0.989,4,2.7,0.9818,10,2.62,0.9527,10,2.71,0.9854,31,0
SPY190812C291,2019-08-09,2019-08-09 09:36:57,2.73,0.9927,10,2.7,0.9818,10,2.62,0.9527,10,2.715,0.9872,31,0
SPY190812C291,2019-08-09,2019-08-09 09:36:58,2.72,0.989,10,2.7,0.9818,10,2.62,0.9527,10,2.71,0.9854,31,0
SPY190812C291,2019-08-09,2019-08-09 09:36:59,2.74,0.9963,70,2.69,0.9781,173,2.62,0.9527,10,2.715,0.9872,31,0
SPY190812C291,2019-08-09,2019-08-09 09:36:59,2.74,0.9963,5,2.69,0.9781,173,2.62,0.9527,10,2.715,0.9872,31,0
SPY190812C291,2019-08-09,2019-08-09 09:37:00,2.74,0.9963,6,2.71,0.9854,6,2.62,0.9527,10,2.725,0.9909,31,0
SPY190812C291,2019-08-09,2019-08-09 09:37:01,2.74,0.9963,7,2.72,0.989,1,2.62,0.9527,10,2.73,0.9927,31,0
SPY190812C291,2019-08-09,2019-08-09 09:37:01,2.74,0.9963,6,2.71,0.9854,100,2.62,0.9527,10,2.725,0.9909,31,0
SPY190812C291,2019-08-09,2019-08-09 09:37:02,2.8,1.0181,5,2.73,0.9927,5,2.62,0.9527,10,2.765,1.0054,31,0
SPY190812C291,2019-08-09,2019-08-09 09:37:02,2.78,1.0109,6,2.75,1.0,6,2.62,0.9527,10,2.765,1.0054,31,0
SPY190812C291,2019-08-09,2019-08-09 09:37:03,2.78,1.0109,6,2.74,0.9963,6,2.62,0.9527,10,2.76,1.0036,31,0
SPY190812C291,2019-08-09,2019-08-09 09:37:03,2.79,1.0145,156,2.73,0.9927,78,2.62,0.9527,10,2.76,1.0036,31,0
SPY190812C291,2019-08-09,2019-08-09 09:37:04,2.77,1.0072,9,2.74,0.9963,14,2.62,0.9527,10,2.755,1.0018,31,0
SPY190812C291,2019-08-09,2019-08-09 09:37:04,2.77,1.0072,9,2.74,0.9963,9,2.62,0.9527,10,2.755,1.0018,31,0
SPY190812C291,2019-08-09,2019-08-09 09:37:05,2.78,1.0109,7,2.74,0.9963,101,2.77,1.0072,6,2.76,1.0036,37,0
SPY190812C291,2019-08-09,2019-08-09 09:37:05,2.79,1.0145,11,2.74,0.9963,14,2.77,1.0072,6,2.765,1.0054,37,6
SPY190812C291,2019-08-09,2019-08-09 09:37:06,2.78,1.0109,7,2.75,1.0,7,2.77,1.0072,6,2.765,1.0054,37,0
SPY190812C291,2019-08-09,2019-08-09 09:37:06,2.78,1.0109,100,2.75,1.0,6,2.77,1.0072,6,2.765,1.0054,37,0
SPY190812C291,2019-08-09,2019-08-09 09:37:07,2.78,1.0109,6,2.75,1.0,6,2.77,1.0072,6,2.765,1.0054,37,0
SPY190812C291,2019-08-09,2019-08-09 09:37:07,2.78,1.0109,7,2.76,1.0036,7,2.77,1.0072,6,2.77,1.0072,37,0
SPY190812C291,2019-08-09,2019-08-09 09:37:08,2.79,1.0145,6,2.75,1.0,11,2.77,1.0072,6,2.77,1.0072,37,0
SPY190812C291,2019-08-09,2019-08-09 09:37:08,2.77,1.0072,9,2.74,0.9963,9,2.77,1.0072,6,2.755,1.0018,37,0
SPY190812C291,2019-08-09,2019-08-09 09:37:09,2.77,1.0072,9,2.74,0.9963,9,2.77,1.0072,6,2.755,1.0018,37,0
SPY190812C291,2019-08-09,2019-08-09 09:37:09,2.76,1.0036,9,2.74,0.9963,6,2.77,1.0072,6,2.75,1.0,37,0
SPY190812C291,2019-08-09,2019-08-09 09:37:10,2.77,1.0072,6,2.74,0.9963,6,2.77,1.0072,6,2.755,1.0018,37,0
SPY190812C291,2019-08-09,2019-08-09 09:37:10,2.77,1.0072,6,2.75,1.0,6,2.77,1.0072,6,2.76,1.0036,37,0
SPY190812C291,2019-08-09,2019-08-09 09:37:11,2.77,1.0072,9,2.74,0.9963,14,2.77,1.0072,6,2.755,1.0018,37,0
SPY190812C291,2019-08-09,2019-08-09 09:37:11,2.77,1.0072,9,2.74,0.9963,9,2.77,1.0072,6,2.755,1.0018,37,0
SPY190812C291,2019-08-09,2019-08-09 09:37:12,2.77,1.0072,10,2.75,1.0,10,2.77,1.0072,6,2.76,1.0036,37,0
SPY190812C291,2019-08-09,2019-08-09 09:37:12,2.77,1.0072,4,2.75,1.0,10,2.77,1.0072,6,2.76,1.0036,37,0
SPY190812C291,2019-08-09,2019-08-09 09:37:13,2.77,1.0072,6,2.75,1.0,6,2.77,1.0072,6,2.76,1.0036,37,0
SPY190812C291,2019-08-09,2019-08-09 09:37:13,2.77,1.0072,6,2.74,0.9963,6,2.77,1.0072,6,2.755,1.0018,37,0
SPY190812C291,2019-08-09,2019-08-09 09:37:14,2.78,1.0109,8,2.75,1.0,6,2.77,1.0072,6,2.765,1.0054,37,0
SPY190812C291,2019-08-09,2019-08-09 09:37:14,2.77,1.0072,15,2.75,1.0,10,2.77,1.0072,6,2.76,1.0036,37,0
SPY190812C291,2019-08-09,2019-08-09 09:37:15,2.78,1.0109,9,2.75,1.0,9,2.77,1.0072,6,2.765,1.0054,37,0
SPY190812C291,2019-08-09,2019-08-09 09:37:15,2.79,1.0145,131,2.75,1.0,3,2.77,1.0072,6,2.77,1.0072,37,0
SPY190812C291,2019-08-09,2019-08-09 09:37:16,2.8,1.0181,6,2.76,1.0036,6,2.77,1.0072,6,2.78,1.0109,37,0
SPY190812C291,2019-08-09,2019-08-09 09:37:16,2.8,1.0181,6,2.75,1.0,6,2.77,1.0072,6,2.775,1.009,37,0
SPY190812C291,2019-08-09,2019-08-09 09:37:17,2.79,1.0145,49,2.76,1.0036,6,2.77,1.0072,6,2.775,1.009,37,0
SPY190812C291,2019-08-09,2019-08-09 09:37:17,2.79,1.0145,49,2.75,1.0,9,2.77,1.0072,6,2.77,1.0072,37,0
SPY190812C291,2019-08-09,2019-08-09 09:37:19,2.79,1.0145,6,2.77,1.0072,6,2.77,1.0072,6,2.78,1.0109,37,0
SPY190812C291,2019-08-09,2019-08-09 09:37:19,2.79,1.0145,6,2.75,1.0,41,2.77,1.0072,6,2.77,1.0072,37,0
SPY190812C291,2019-08-09,2019-08-09 09:37:20,2.8,1.0181,6,2.76,1.0036,6,2.77,1.0072,6,2.78,1.0109,37,0
SPY190812C291,2019-08-09,2019-08-09 09:37:20,2.79,1.0145,6,2.78,1.0109,6,2.77,1.0072,6,2.785,1.0127,37,0
SPY190812C291,2019-08-09,2019-08-09 09:37:21,2.8,1.0181,4,2.78,1.0109,10,2.77,1.0072,6,2.79,1.0145,37,0
SPY190812C291,2019-08-09,2019-08-09 09:37:21,2.8,1.0181,6,2.78,1.0109,6,2.77,1.0072,6,2.79,1.0145,37,0
SPY190812C291,2019-08-09,2019-08-09 09:37:22,2.8,1.0181,4,2.78,1.0109,10,2.77,1.0072,6,2.79,1.0145,37,0
SPY190812C291,2019-08-09,2019-08-09 09:37:23,2.81,1.0218,87,2.76,1.0036,36,2.77,1.0072,6,2.785,1.0127,37,0
SPY190812C291,2019-08-09,2019-08-09 09:37:23,2.81,1.0218,81,2.76,1.0036,101,2.77,1.0072,6,2.785,1.0127,37,0
SPY190812C291,2019-08-09,2019-08-09 09:37:24,2.81,1.0218,11,2.77,1.0072,6,2.77,1.0072,6,2.79,1.0145,37,0
SPY190812C291,2019-08-09,2019-08-09 09:37:24,2.84,1.0327,5,2.79,1.0145,10,2.77,1.0072,6,2.815,1.0236,37,0
SPY190812C291,2019-08-09,2019-08-09 09:37:25,2.82,1.0254,9,2.77,1.0072,6,2.77,1.0072,6,2.795,1.0163,37,0
SPY190812C291,2019-08-09,2019-08-09 09:37:25,2.81,1.0218,6,2.78,1.0109,100,2.77,1.0072,6,2.795,1.0163,37,0
SPY190812C291,2019-08-09,2019-08-09 09:37:26,2.85,1.0363,153,2.8,1.0181,10,2.77,1.0072,6,2.825,1.0272,37,0
SPY190812C291,2019-08-09,2019-08-09 09:37:26,2.85,1.0363,153,2.8,1.0181,6,2.77,1.0072,6,2.825,1.0272,37,0
SPY190812C291,2019-08-09,2019-08-09 09:37:27,2.84,1.0327,10,2.81,1.0218,10,2.77,1.0072,6,2.825,1.0272,37,0
SPY190812C291,2019-08-09,2019-08-09 09:37:27,2.84,1.0327,6,2.8,1.0181,6,2.77,1.0072,6,2.82,1.0254,37,0
SPY190812C291,2019-08-09,2019-08-09 09:37:28,2.85,1.0363,10,2.82,1.0254,10,2.77,1.0072,6,2.835,1.0309,37,0
SPY190812C291,2019-08-09,2019-08-09 09:37:28,2.84,1.0327,6,2.8,1.0181,6,2.77,1.0072,6,2.82,1.0254,37,0
SPY190812C291,2019-08-09,2019-08-09 09:37:29,2.85,1.0363,6,2.82,1.0254,6,2.77,1.0072,6,2.835,1.0309,37,0
SPY190812C291,2019-08-09,2019-08-09 09:37:30,2.85,1.0363,6,2.82,1.0254,6,2.77,1.0072,6,2.835,1.0309,37,0
SPY190812C291,2019-08-09,2019-08-09 09:37:31,2.85,1.0363,10,2.82,1.0254,10,2.77,1.0072,6,2.835,1.0309,37,0
SPY190812C291,2019-08-09,2019-08-09 09:37:32,2.87,1.0436,6,2.83,1.029,9,2.77,1.0072,6,2.85,1.0363,37,0
SPY190812C291,2019-08-09,2019-08-09 09:37:32,2.84,1.0327,10,2.82,1.0254,10,2.77,1.0072,6,2.83,1.029,37,0
SPY190812C291,2019-08-09,2019-08-09 09:37:33,2.87,1.0436,6,2.84,1.0327,6,2.77,1.0072,6,2.855,1.0381,37,0
SPY190812C291,2019-08-09,2019-08-09 09:37:33,2.87,1.0436,10,2.84,1.0327,10,2.77,1.0072,6,2.855,1.0381,37,0
SPY190812C291,2019-08-09,2019-08-09 09:37:34,2.89,1.0509,6,2.84,1.0327,6,2.77,1.0072,6,2.865,1.0418,37,0
SPY190812C291,2019-08-09,2019-08-09 09:37:34,2.86,1.04,6,2.83,1.029,6,2.77,1.0072,6,2.845,1.0345,37,0
SPY190812C291,2019-08-09,2019-08-09 09:37:35,2.88,1.0472,11,2.84,1.0327,6,2.77,1.0072,6,2.86,1.04,37,0
SPY190812C291,2019-08-09,2019-08-09 09:37:35,2.89,1.0509,11,2.82,1.0254,176,2.77,1.0072,6,2.855,1.0381,37,0
SPY190812C291,2019-08-09,2019-08-09 09:37:36,2.88,1.0472,115,2.84,1.0327,6,2.77,1.0072,6,2.86,1.04,37,0
SPY190812C291,2019-08-09,2019-08-09 09:37:36,2.87,1.0436,1,2.85,1.0363,176,2.77,1.0072,6,2.86,1.04,37,0
SPY190812C291,2019-08-09,2019-08-09 09:37:37,2.91,1.0581,153,2.86,1.04,6,2.77,1.0072,6,2.885,1.049,37,0
SPY190812C291,2019-08-09,2019-08-09 09:37:38,2.9,1.0545,6,2.86,1.04,6,2.77,1.0072,6,2.88,1.0472,37,0
SPY190812C291,2019-08-09,2019-08-09 09:37:38,2.9,1.0545,6,2.87,1.0436,6,2.77,1.0072,6,2.885,1.049,37,0
SPY190812C291,2019-08-09,2019-08-09 09:37:39,2.93,1.0654,151,2.88,1.0472,6,2.77,1.0072,6,2.905,1.0563,37,0
SPY190812C291,2019-08-09,2019-08-09 09:37:39,2.9,1.0545,9,2.87,1.0436,6,2.77,1.0072,6,2.885,1.049,37,0
SPY190812C291,2019-08-09,2019-08-09 09:37:40,2.91,1.0581,4,2.88,1.0472,10,2.77,1.0072,6,2.895,1.0527,37,0
SPY190812C291,2019-08-09,2019-08-09 09:37:40,2.91,1.0581,10,2.87,1.0436,10,2.77,1.0072,6,2.89,1.0509,37,0
SPY190812C291,2019-08-09,2019-08-09 09:37:41,2.91,1.0581,10,2.88,1.0472,11,2.77,1.0072,6,2.895,1.0527,37,0
SPY190812C291,2019-08-09,2019-08-09 09:37:42,2.91,1.0581,6,2.88,1.0472,6,2.77,1.0072,6,2.895,1.0527,37,0
SPY190812C291,2019-08-09,2019-08-09 09:37:43,2.91,1.0581,6,2.88,1.0472,6,2.77,1.0072,6,2.895,1.0527,37,0
SPY190812C291,2019-08-09,2019-08-09 09:37:44,2.91,1.0581,6,2.88,1.0472,6,2.77,1.0072,6,2.895,1.0527,37,0
SPY190812C291,2019-08-09,2019-08-09 09:37:44,2.94,1.069,160,2.88,1.0472,6,2.77,1.0072,6,2.91,1.0581,37,0
SPY190812C291,2019-08-09,2019-08-09 09:37:45,2.92,1.0618,6,2.88,1.0472,6,2.77,1.0072,6,2.9,1.0545,37,0
SPY190812C291,2019-08-09,2019-08-09 09:37:45,2.93,1.0654,100,2.88,1.0472,10,2.77,1.0072,6,2.905,1.0563,37,0
SPY190812C291,2019-08-09,2019-08-09 09:37:46,2.91,1.0581,6,2.88,1.0472,6,2.77,1.0072,6,2.895,1.0527,37,0
SPY190812C291,2019-08-09,2019-08-09 09:37:47,2.91,1.0581,15,2.88,1.0472,156,2.77,1.0072,6,2.895,1.0527,37,0
SPY190812C291,2019-08-09,2019-08-09 09:37:47,2.94,1.069,6,2.9,1.0545,10,2.77,1.0072,6,2.92,1.0618,37,0
SPY190812C291,2019-08-09,2019-08-09 09:37:48,2.92,1.0618,1,2.91,1.0581,10,2.77,1.0072,6,2.915,1.06,37,0
SPY190812C291,2019-08-09,2019-08-09 09:37:48,2.92,1.0618,4,2.91,1.0581,10,2.77,1.0072,6,2.915,1.06,37,0
SPY190812C291,2019-08-09,2019-08-09 09:37:49,2.93,1.0654,6,2.91,1.0581,6,2.77,1.0072,6,2.92,1.0618,37,0
SPY190812C291,2019-08-09,2019-08-09 09:37:49,2.93,1.0654,54,2.91,1.0581,6,2.77,1.0072,6,2.92,1.0618,37,0
SPY190812C291,2019-08-09,2019-08-09 09:37:50,2.94,1.069,6,2.92,1.0618,6,2.77,1.0072,6,2.93,1.0654,37,0
SPY190812C291,2019-08-09,2019-08-09 09:37:50,2.93,1.0654,6,2.9,1.0545,6,2.77,1.0072,6,2.915,1.06,37,0
SPY190812C291,2019-08-09,2019-08-09 09:37:51,2.94,1.069,6,2.92,1.0618,6,2.77,1.0072,6,2.93,1.0654,37,0
SPY190812C291,2019-08-09,2019-08-09 09:37:51,2.94,1.069,6,2.91,1.0581,7,2.77,1.0072,6,2.925,1.0636,37,0
SPY190812C291,2019-08-09,2019-08-09 09:37:52,2.94,1.069,10,2.92,1.0618,10,2.77,1.0072,6,2.93,1.0654,37,0
SPY190812C291,2019-08-09,2019-08-09 09:37:52,2.94,1.069,4,2.92,1.0618,4,2.77,1.0072,6,2.93,1.0654,37,0
SPY190812C291,2019-08-09,2019-08-09 09:37:53,2.95,1.0727,100,2.92,1.0618,10,2.77,1.0072,6,2.935,1.0672,37,0
SPY190812C291,2019-08-09,2019-08-09 09:37:53,2.96,1.0763,6,2.93,1.0654,4,2.77,1.0072,6,2.945,1.0709,37,0
SPY190812C291,2019-08-09,2019-08-09 09:37:54,2.96,1.0763,6,2.93,1.0654,6,2.77,1.0072,6,2.945,1.0709,37,0
SPY190812C291,2019-08-09,2019-08-09 09:37:54,2.96,1.0763,10,2.93,1.0654,10,2.77,1.0072,6,2.945,1.0709,37,0
SPY190812C291,2019-08-09,2019-08-09 09:37:55,2.96,1.0763,6,2.94,1.069,6,2.77,1.0072,6,2.95,1.0727,37,0
SPY190812C291,2019-08-09,2019-08-09 09:37:55,2.97,1.08,5,2.92,1.0618,172,2.77,1.0072,6,2.945,1.0709,37,0
SPY190812C291,2019-08-09,2019-08-09 09:37:56,2.96,1.0763,6,2.94,1.069,6,2.77,1.0072,6,2.95,1.0727,37,0
SPY190812C291,2019-08-09,2019-08-09 09:37:56,2.96,1.0763,4,2.93,1.0654,5,2.77,1.0072,6,2.945,1.0709,37,0
SPY190812C291,2019-08-09,2019-08-09 09:37:57,2.96,1.0763,10,2.93,1.0654,10,2.77,1.0072,6,2.945,1.0709,37,0
SPY190812C291,2019-08-09,2019-08-09 09:37:57,2.97,1.08,99,2.93,1.0654,6,2.77,1.0072,6,2.95,1.0727,37,0
SPY190812C291,2019-08-09,2019-08-09 09:37:58,2.96,1.0763,6,2.93,1.0654,6,2.77,1.0072,6,2.945,1.0709,37,0
SPY190812C291,2019-08-09,2019-08-09 09:37:58,2.96,1.0763,10,2.94,1.069,4,2.77,1.0072,6,2.95,1.0727,37,0
SPY190812C291,2019-08-09,2019-08-09 09:37:59,2.98,1.0836,10,2.92,1.0618,6,2.77,1.0072,6,2.95,1.0727,37,0
SPY190812C291,2019-08-09,2019-08-09 09:38:00,2.95,1.0727,10,2.92,1.0618,3,2.77,1.0072,6,2.935,1.0672,37,0
SPY190812C291,2019-08-09,2019-08-09 09:38:00,2.97,1.08,6,2.93,1.0654,6,2.77,1.0072,6,2.95,1.0727,37,0
SPY190812C291,2019-08-09,2019-08-09 09:38:01,2.95,1.0727,77,2.9,1.0545,10,2.77,1.0072,6,2.925,1.0636,37,0
SPY190812C291,2019-08-09,2019-08-09 09:38:01,2.95,1.0727,8,2.92,1.0618,10,2.77,1.0072,6,2.935,1.0672,37,0
SPY190812C291,2019-08-09,2019-08-09 09:38:02,2.94,1.069,6,2.91,1.0581,6,2.77,1.0072,6,2.925,1.0636,37,0
SPY190812C291,2019-08-09,2019-08-09 09:38:02,2.94,1.069,9,2.9,1.0545,12,2.77,1.0072,6,2.92,1.0618,37,0
SPY190812C291,2019-08-09,2019-08-09 09:38:03,2.92,1.0618,9,2.89,1.0509,9,2.77,1.0072,6,2.905,1.0563,37,0
SPY190812C291,2019-08-09,2019-08-09 09:38:04,2.91,1.0581,6,2.89,1.0509,6,2.77,1.0072,6,2.9,1.0545,37,0
SPY190812C291,2019-08-09,2019-08-09 09:38:05,2.9,1.0545,6,2.87,1.0436,6,2.77,1.0072,6,2.885,1.049,37,0
SPY190812C291,2019-08-09,2019-08-09 09:38:06,2.89,1.0509,10,2.86,1.04,10,2.77,1.0072,6,2.875,1.0454,37,0
SPY190812C291,2019-08-09,2019-08-09 09:38:07,2.92,1.0618,6,2.87,1.0436,100,2.77,1.0072,6,2.895,1.0527,37,0
SPY190812C291,2019-08-09,2019-08-09 09:38:07,2.89,1.0509,6,2.85,1.0363,7,2.77,1.0072,6,2.87,1.0436,37,0
SPY190812C291,2019-08-09,2019-08-09 09:38:08,2.9,1.0545,10,2.87,1.0436,10,2.77,1.0072,6,2.885,1.049,37,0
SPY190812C291,2019-08-09,2019-08-09 09:38:08,2.91,1.0581,6,2.88,1.0472,6,2.77,1.0072,6,2.895,1.0527,37,0
SPY190812C291,2019-08-09,2019-08-09 09:38:09,2.9,1.0545,6,2.87,1.0436,10,2.77,1.0072,6,2.885,1.049,37,0
SPY190812C291,2019-08-09,2019-08-09 09:38:09,2.9,1.0545,7,2.85,1.0363,1,2.77,1.0072,6,2.875,1.0454,37,0
SPY190812C291,2019-08-09,2019-08-09 09:38:10,2.88,1.0472,6,2.85,1.0363,6,2.77,1.0072,6,2.865,1.0418,37,0
SPY190812C291,2019-08-09,2019-08-09 09:38:10,2.87,1.0436,6,2.82,1.0254,48,2.77,1.0072,6,2.845,1.0345,37,0
SPY190812C291,2019-08-09,2019-08-09 09:38:11,2.86,1.04,10,2.83,1.029,10,2.77,1.0072,6,2.845,1.0345,37,0
SPY190812C291,2019-08-09,2019-08-09 09:38:11,2.86,1.04,4,2.84,1.0327,10,2.77,1.0072,6,2.85,1.0363,37,0
SPY190812C291,2019-08-09,2019-08-09 09:38:12,2.87,1.0436,67,2.84,1.0327,9,2.77,1.0072,6,2.855,1.0381,37,0
SPY190812C291,2019-08-09,2019-08-09 09:38:12,2.88,1.0472,148,2.84,1.0327,6,2.77,1.0072,6,2.86,1.04,37,0
SPY190812C291,2019-08-09,2019-08-09 09:38:13,2.9,1.0545,11,2.85,1.0363,6,2.77,1.0072,6,2.875,1.0454,37,0
SPY190812C291,2019-08-09,2019-08-09 09:38:14,2.89,1.0509,6,2.86,1.04,7,2.77,1.0072,6,2.875,1.0454,37,0
SPY190812C291,2019-08-09,2019-08-09 09:38:14,2.9,1.0545,11,2.85,1.0363,6,2.77,1.0072,6,2.875,1.0454,37,0
SPY190812C291,2019-08-09,2019-08-09 09:38:15,2.88,1.0472,6,2.84,1.0327,11,2.77,1.0072,6,2.86,1.04,37,0
SPY190812C291,2019-08-09,2019-08-09 09:38:15,2.9,1.0545,11,2.86,1.04,6,2.77,1.0072,6,2.88,1.0472,37,0
SPY190812C291,2019-08-09,2019-08-09 09:38:16,2.89,1.0509,6,2.86,1.04,6,2.77,1.0072,6,2.875,1.0454,37,0
SPY190812C291,2019-08-09,2019-08-09 09:38:17,2.94,1.069,100,2.87,1.0436,6,2.77,1.0072,6,2.905,1.0563,37,0
SPY190812C291,2019-08-09,2019-08-09 09:38:17,2.92,1.0618,151,2.88,1.0472,6,2.77,1.0072,6,2.9,1.0545,37,0
SPY190812C291,2019-08-09,2019-08-09 09:38:19,2.97,1.08,4,2.91,1.0581,3,2.77,1.0072,6,2.94,1.069,37,0
SPY190812C291,2019-08-09,2019-08-09 09:38:20,2.92,1.0618,10,2.86,1.04,10,2.77,1.0072,6,2.89,1.0509,37,0
SPY190812C291,2019-08-09,2019-08-09 09:38:21,2.9,1.0545,6,2.87,1.0436,6,2.77,1.0072,6,2.885,1.049,37,0
SPY190812C291,2019-08-09,2019-08-09 09:38:22,2.89,1.0509,6,2.85,1.0363,6,2.77,1.0072,6,2.87,1.0436,37,0
SPY190812C291,2019-08-09,2019-08-09 09:38:23,2.85,1.0363,6,2.82,1.0254,6,2.77,1.0072,6,2.835,1.0309,37,0
SPY190812C291,2019-08-09,2019-08-09 09:38:24,2.85,1.0363,6,2.82,1.0254,6,2.77,1.0072,6,2.835,1.0309,37,0
SPY190812C291,2019-08-09,2019-08-09 09:38:24,2.85,1.0363,10,2.83,1.029,10,2.77,1.0072,6,2.84,1.0327,37,0
SPY190812C291,2019-08-09,2019-08-09 09:38:25,2.85,1.0363,6,2.82,1.0254,6,2.77,1.0072,6,2.835,1.0309,37,0
SPY190812C291,2019-08-09,2019-08-09 09:38:25,2.85,1.0363,10,2.82,1.0254,7,2.77,1.0072,6,2.835,1.0309,37,0
SPY190812C291,2019-08-09,2019-08-09 09:38:26,2.85,1.0363,6,2.82,1.0254,6,2.77,1.0072,6,2.835,1.0309,37,0
SPY190812C291,2019-08-09,2019-08-09 09:38:27,2.83,1.029,10,2.8,1.0181,6,2.77,1.0072,6,2.815,1.0236,37,0
SPY190812C291,2019-08-09,2019-08-09 09:38:27,2.84,1.0327,4,2.81,1.0218,6,2.77,1.0072,6,2.825,1.0272,37,0
SPY190812C291,2019-08-09,2019-08-09 09:38:28,2.83,1.029,10,2.8,1.0181,9,2.77,1.0072,6,2.815,1.0236,37,0
SPY190812C291,2019-08-09,2019-08-09 09:38:28,2.83,1.029,6,2.81,1.0218,6,2.77,1.0072,6,2.82,1.0254,37,0
SPY190812C291,2019-08-09,2019-08-09 09:38:29,2.83,1.029,6,2.81,1.0218,6,2.77,1.0072,6,2.82,1.0254,37,0
SPY190812C291,2019-08-09,2019-08-09 09:38:29,2.83,1.029,10,2.8,1.0181,10,2.77,1.0072,6,2.815,1.0236,37,0
SPY190812C291,2019-08-09,2019-08-09 09:38:30,2.84,1.0327,100,2.82,1.0254,6,2.77,1.0072,6,2.83,1.029,37,0
SPY190812C291,2019-08-09,2019-08-09 09:38:30,2.83,1.029,6,2.81,1.0218,6,2.77,1.0072,6,2.82,1.0254,37,0
SPY190812C291,2019-08-09,2019-08-09 09:38:31,2.83,1.029,6,2.8,1.0181,9,2.77,1.0072,6,2.815,1.0236,37,0
SPY190812C291,2019-08-09,2019-08-09 09:38:31,2.84,1.0327,55,2.8,1.0181,171,2.77,1.0072,6,2.82,1.0254,37,0
SPY190812C291,2019-08-09,2019-08-09 09:38:32,2.86,1.04,11,2.78,1.0109,6,2.77,1.0072,6,2.82,1.0254,37,0
SPY190812C291,2019-08-09,2019-08-09 09:38:32,2.83,1.029,6,2.8,1.0181,6,2.77,1.0072,6,2.815,1.0236,37,0
SPY190812C291,2019-08-09,2019-08-09 09:38:33,2.85,1.0363,5,2.79,1.0145,47,2.77,1.0072,6,2.82,1.0254,37,0
SPY190812C291,2019-08-09,2019-08-09 09:38:33,2.84,1.0327,6,2.8,1.0181,6,2.77,1.0072,6,2.82,1.0254,37,0
SPY190812C291,2019-08-09,2019-08-09 09:38:34,2.87,1.0436,6,2.83,1.029,6,2.77,1.0072,6,2.85,1.0363,37,0
SPY190812C291,2019-08-09,2019-08-09 09:38:34,2.84,1.0327,10,2.81,1.0218,10,2.77,1.0072,6,2.825,1.0272,37,0
SPY190812C291,2019-08-09,2019-08-09 09:38:35,2.86,1.04,6,2.83,1.029,6,2.77,1.0072,6,2.845,1.0345,37,0
SPY190812C291,2019-08-09,2019-08-09 09:38:35,2.86,1.04,6,2.84,1.0327,6,2.77,1.0072,6,2.85,1.0363,37,0
SPY190812C291,2019-08-09,2019-08-09 09:38:36,2.88,1.0472,10,2.84,1.0327,10,2.77,1.0072,6,2.86,1.04,37,0
SPY190812C291,2019-08-09,2019-08-09 09:38:36,2.88,1.0472,6,2.84,1.0327,6,2.77,1.0072,6,2.86,1.04,37,0
SPY190812C291,2019-08-09,2019-08-09 09:38:37,2.88,1.0472,152,2.84,1.0327,4,2.77,1.0072,6,2.86,1.04,37,0
SPY190812C291,2019-08-09,2019-08-09 09:38:38,2.88,1.0472,11,2.83,1.029,6,2.77,1.0072,6,2.855,1.0381,37,0
SPY190812C291,2019-08-09,2019-08-09 09:38:38,2.86,1.04,6,2.81,1.0218,11,2.77,1.0072,6,2.835,1.0309,37,0
SPY190812C291,2019-08-09,2019-08-09 09:38:39,2.85,1.0363,10,2.83,1.029,10,2.77,1.0072,6,2.84,1.0327,37,0
SPY190812C291,2019-08-09,2019-08-09 09:38:39,2.85,1.0363,6,2.82,1.0254,9,2.77,1.0072,6,2.835,1.0309,37,0
SPY190812C291,2019-08-09,2019-08-09 09:38:40,2.83,1.029,6,2.81,1.0218,6,2.77,1.0072,6,2.82,1.0254,37,0
SPY190812C291,2019-08-09,2019-08-09 09:38:40,2.84,1.0327,6,2.8,1.0181,6,2.77,1.0072,6,2.82,1.0254,37,0
SPY190812C291,2019-08-09,2019-08-09 09:38:41,2.89,1.0509,10,2.83,1.029,6,2.77,1.0072,6,2.86,1.04,37,0
SPY190812C291,2019-08-09,2019-08-09 09:38:41,2.9,1.0545,20,2.82,1.0254,9,2.77,1.0072,6,2.86,1.04,37,0
SPY190812C291,2019-08-09,2019-08-09 09:38:42,2.85,1.0363,6,2.81,1.0218,6,2.77,1.0072,6,2.83,1.029,37,0
SPY190812C291,2019-08-09,2019-08-09 09:38:42,2.85,1.0363,6,2.82,1.0254,9,2.77,1.0072,6,2.835,1.0309,37,0
SPY190812C291,2019-08-09,2019-08-09 09:38:43,2.85,1.0363,6,2.82,1.0254,6,2.77,1.0072,6,2.835,1.0309,37,0
SPY190812C291,2019-08-09,2019-08-09 09:38:43,2.85,1.0363,6,2.82,1.0254,9,2.77,1.0072,6,2.835,1.0309,37,0
SPY190812C291,2019-08-09,2019-08-09 09:38:44,2.85,1.0363,10,2.82,1.0254,10,2.77,1.0072,6,2.835,1.0309,37,0
SPY190812C291,2019-08-09,2019-08-09 09:38:45,2.86,1.04,6,2.8,1.0181,100,2.77,1.0072,6,2.83,1.029,37,0
SPY190812C291,2019-08-09,2019-08-09 09:38:45,2.87,1.0436,6,2.81,1.0218,9,2.77,1.0072,6,2.84,1.0327,37,0
SPY190812C291,2019-08-09,2019-08-09 09:38:46,2.88,1.0472,11,2.82,1.0254,6,2.77,1.0072,6,2.85,1.0363,37,0
SPY190812C291,2019-08-09,2019-08-09 09:38:46,2.85,1.0363,6,2.82,1.0254,6,2.77,1.0072,6,2.835,1.0309,37,0
SPY190812C291,2019-08-09,2019-08-09 09:38:47,2.86,1.04,6,2.83,1.029,6,2.77,1.0072,6,2.845,1.0345,37,0
SPY190812C291,2019-08-09,2019-08-09 09:38:47,2.87,1.0436,6,2.83,1.029,6,2.77,1.0072,6,2.85,1.0363,37,0
SPY190812C291,2019-08-09,2019-08-09 09:38:48,2.85,1.0363,6,2.82,1.0254,6,2.77,1.0072,6,2.835,1.0309,37,0
SPY190812C291,2019-08-09,2019-08-09 09:38:49,2.87,1.0436,166,2.83,1.029,6,2.77,1.0072,6,2.85,1.0363,37,0
SPY190812C291,2019-08-09,2019-08-09 09:38:49,2.85,1.0363,6,2.83,1.029,6,2.77,1.0072,6,2.84,1.0327,37,0
SPY190812C291,2019-08-09,2019-08-09 09:38:50,2.86,1.04,6,2.83,1.029,6,2.77,1.0072,6,2.845,1.0345,37,0
SPY190812C291,2019-08-09,2019-08-09 09:38:51,2.86,1.04,4,2.84,1.0327,100,2.77,1.0072,6,2.85,1.0363,37,0
SPY190812C291,2019-08-09,2019-08-09 09:38:51,2.9,1.0545,11,2.85,1.0363,6,2.77,1.0072,6,2.875,1.0454,37,0
SPY190812C291,2019-08-09,2019-08-09 09:38:52,2.87,1.0436,6,2.82,1.0254,11,2.85,1.0363,2,2.845,1.0345,39,0
SPY190812C291,2019-08-09,2019-08-09 09:38:52,2.92,1.0618,244,2.82,1.0254,100,2.85,1.0363,2,2.87,1.0436,39,2
SPY190812C291,2019-08-09,2019-08-09 09:38:53,2.87,1.0436,9,2.83,1.029,9,2.85,1.0363,2,2.85,1.0363,39,0
SPY190812C291,2019-08-09,2019-08-09 09:38:53,2.85,1.0363,41,2.82,1.0254,6,2.85,1.0363,2,2.835,1.0309,39,0
