symbol,Date,quote_time,ask_price,norm_ask_price,ask_size,bid_price,norm_bid_price,bid_size,last_trade_price,norm_last_trade_price,last_trade_size,mark_price,norm_mark_price,volume,Volume
SPY190729P302,2019-07-26,2019-07-26 09:38:08.000,1.24,1.00,203,1.21,0.9758,22,1.19,0.9596,100,1.225,0.9879,170,170
SPY190729P302,2019-07-26,2019-07-26 09:38:09.000,1.24,1.00,203,1.21,0.9758,46,1.19,0.9596,100,1.225,0.9879,170,0
SPY190729P302,2019-07-26,2019-07-26 09:38:10.000,1.24,1.00,203,1.21,0.9758,46,1.19,0.9596,100,1.225,0.9879,170,0
SPY190729P302,2019-07-26,2019-07-26 09:38:11.000,1.24,1.00,103,1.21,0.9758,46,1.19,0.9596,100,1.225,0.9879,170,0
SPY190729P302,2019-07-26,2019-07-26 09:38:11.000,1.24,1.00,103,1.21,0.9758,26,1.19,0.9596,100,1.225,0.9879,170,0
SPY190729P302,2019-07-26,2019-07-26 09:38:12.000,1.26,1.0161,204,1.22,0.9838,46,1.19,0.9596,100,1.24,1.00,170,0
SPY190729P302,2019-07-26,2019-07-26 09:38:12.000,1.26,1.0161,204,1.22,0.9838,176,1.19,0.9596,100,1.24,1.00,170,0
SPY190729P302,2019-07-26,2019-07-26 09:38:13.000,1.26,1.0161,188,1.22,0.9838,16,1.19,0.9596,100,1.24,1.00,170,0
SPY190729P302,2019-07-26,2019-07-26 09:38:13.000,1.25,1.008,100,1.22,0.9838,16,1.19,0.9596,100,1.235,0.9959,170,0
SPY190729P302,2019-07-26,2019-07-26 09:38:14.000,1.26,1.0161,188,1.22,0.9838,16,1.19,0.9596,100,1.24,1.00,170,0
SPY190729P302,2019-07-26,2019-07-26 09:38:14.000,1.26,1.0161,188,1.22,0.9838,133,1.19,0.9596,100,1.24,1.00,170,0
SPY190729P302,2019-07-26,2019-07-26 09:38:15.000,1.26,1.0161,188,1.22,0.9838,133,1.19,0.9596,100,1.24,1.00,170,0
SPY190729P302,2019-07-26,2019-07-26 09:38:16.000,1.26,1.0161,188,1.22,0.9838,84,1.19,0.9596,100,1.24,1.00,170,0
SPY190729P302,2019-07-26,2019-07-26 09:38:16.000,1.26,1.0161,188,1.22,0.9838,56,1.19,0.9596,100,1.24,1.00,170,0
SPY190729P302,2019-07-26,2019-07-26 09:38:17.000,1.26,1.0161,183,1.23,0.9919,16,1.19,0.9596,100,1.245,1.004,170,0
SPY190729P302,2019-07-26,2019-07-26 09:38:18.000,1.26,1.0161,183,1.23,0.9919,16,1.19,0.9596,100,1.245,1.004,170,0
SPY190729P302,2019-07-26,2019-07-26 09:38:18.000,1.26,1.0161,51,1.23,0.9919,12,1.19,0.9596,100,1.245,1.004,170,0
SPY190729P302,2019-07-26,2019-07-26 09:38:19.000,1.27,1.0241,100,1.24,1.00,100,1.19,0.9596,100,1.255,1.012,170,0
SPY190729P302,2019-07-26,2019-07-26 09:38:19.000,1.28,1.0322,26,1.24,1.00,16,1.19,0.9596,100,1.26,1.0161,170,0
SPY190729P302,2019-07-26,2019-07-26 09:38:20.000,1.28,1.0322,176,1.24,1.00,100,1.19,0.9596,100,1.26,1.0161,170,0
SPY190729P302,2019-07-26,2019-07-26 09:38:21.000,1.29,1.0403,100,1.26,1.0161,16,1.19,0.9596,100,1.275,1.0282,170,0
SPY190729P302,2019-07-26,2019-07-26 09:38:21.000,1.28,1.0322,181,1.24,1.00,100,1.19,0.9596,100,1.26,1.0161,170,0
SPY190729P302,2019-07-26,2019-07-26 09:38:22.000,1.29,1.0403,100,1.26,1.0161,16,1.19,0.9596,100,1.275,1.0282,170,0
SPY190729P302,2019-07-26,2019-07-26 09:38:22.000,1.29,1.0403,10,1.26,1.0161,23,1.19,0.9596,100,1.275,1.0282,170,0
SPY190729P302,2019-07-26,2019-07-26 09:38:23.000,1.31,1.0564,110,1.27,1.0241,53,1.19,0.9596,100,1.29,1.0403,170,0
SPY190729P302,2019-07-26,2019-07-26 09:38:23.000,1.31,1.0564,110,1.28,1.0322,16,1.19,0.9596,100,1.295,1.0443,170,0
SPY190729P302,2019-07-26,2019-07-26 09:38:24.000,1.31,1.0564,110,1.28,1.0322,16,1.19,0.9596,100,1.295,1.0443,170,0
SPY190729P302,2019-07-26,2019-07-26 09:38:24.000,1.32,1.0645,169,1.27,1.0241,76,1.19,0.9596,100,1.295,1.0443,170,0
SPY190729P302,2019-07-26,2019-07-26 09:38:25.000,1.32,1.0645,169,1.27,1.0241,76,1.19,0.9596,100,1.295,1.0443,170,0
SPY190729P302,2019-07-26,2019-07-26 09:38:26.000,1.32,1.0645,169,1.28,1.0322,16,1.19,0.9596,100,1.30,1.0483,170,0
SPY190729P302,2019-07-26,2019-07-26 09:38:27.000,1.32,1.0645,16,1.29,1.0403,157,1.19,0.9596,100,1.305,1.0524,170,0
SPY190729P302,2019-07-26,2019-07-26 09:38:27.000,1.32,1.0645,10,1.29,1.0403,157,1.19,0.9596,100,1.305,1.0524,170,0
SPY190729P302,2019-07-26,2019-07-26 09:38:28.000,1.33,1.0725,100,1.29,1.0403,165,1.19,0.9596,100,1.31,1.0564,170,0
SPY190729P302,2019-07-26,2019-07-26 09:38:28.000,1.33,1.0725,30,1.30,1.0483,10,1.19,0.9596,100,1.315,1.0604,170,0
SPY190729P302,2019-07-26,2019-07-26 09:38:29.000,1.33,1.0725,16,1.31,1.0564,142,1.19,0.9596,100,1.32,1.0645,170,0
SPY190729P302,2019-07-26,2019-07-26 09:38:29.000,1.33,1.0725,6,1.32,1.0645,16,1.19,0.9596,100,1.325,1.0685,170,0
SPY190729P302,2019-07-26,2019-07-26 09:38:30.000,1.35,1.0887,16,1.32,1.0645,16,1.19,0.9596,100,1.335,1.0766,170,0
SPY190729P302,2019-07-26,2019-07-26 09:38:31.000,1.37,1.1048,110,1.33,1.0725,16,1.19,0.9596,100,1.35,1.0887,170,0
SPY190729P302,2019-07-26,2019-07-26 09:38:31.000,1.35,1.0887,16,1.33,1.0725,10,1.19,0.9596,100,1.34,1.0806,170,0
SPY190729P302,2019-07-26,2019-07-26 09:38:32.000,1.37,1.1048,101,1.33,1.0725,16,1.19,0.9596,100,1.35,1.0887,170,0
SPY190729P302,2019-07-26,2019-07-26 09:38:32.000,1.37,1.1048,10,1.33,1.0725,151,1.19,0.9596,100,1.35,1.0887,170,0
SPY190729P302,2019-07-26,2019-07-26 09:38:33.000,1.37,1.1048,36,1.33,1.0725,151,1.19,0.9596,100,1.35,1.0887,170,0
SPY190729P302,2019-07-26,2019-07-26 09:38:33.000,1.37,1.1048,105,1.32,1.0645,100,1.19,0.9596,100,1.345,1.0846,170,0
SPY190729P302,2019-07-26,2019-07-26 09:38:34.000,1.37,1.1048,134,1.33,1.0725,10,1.19,0.9596,100,1.35,1.0887,170,0
SPY190729P302,2019-07-26,2019-07-26 09:38:35.000,1.37,1.1048,134,1.36,1.0967,100,1.19,0.9596,100,1.365,1.1008,170,0
SPY190729P302,2019-07-26,2019-07-26 09:38:36.000,1.44,1.1612,149,1.37,1.1048,1,1.37,1.1048,1,1.405,1.133,172,2
SPY190729P302,2019-07-26,2019-07-26 09:38:36.000,1.43,1.1532,137,1.38,1.1129,163,1.37,1.1048,1,1.405,1.133,172,0
SPY190729P302,2019-07-26,2019-07-26 09:38:37.000,1.42,1.1451,6,1.38,1.1129,163,1.37,1.1048,1,1.40,1.129,172,0
SPY190729P302,2019-07-26,2019-07-26 09:38:38.000,1.43,1.1532,143,1.39,1.1209,95,1.37,1.1048,1,1.41,1.137,172,0
SPY190729P302,2019-07-26,2019-07-26 09:38:38.000,1.42,1.1451,6,1.40,1.129,1,1.37,1.1048,1,1.41,1.137,172,0
SPY190729P302,2019-07-26,2019-07-26 09:38:39.000,1.43,1.1532,101,1.39,1.1209,10,1.37,1.1048,1,1.41,1.137,172,0
SPY190729P302,2019-07-26,2019-07-26 09:38:39.000,1.43,1.1532,101,1.39,1.1209,46,1.37,1.1048,1,1.41,1.137,172,0
SPY190729P302,2019-07-26,2019-07-26 09:38:40.000,1.41,1.137,100,1.40,1.129,6,1.37,1.1048,1,1.405,1.133,172,0
SPY190729P302,2019-07-26,2019-07-26 09:38:40.000,1.43,1.1532,116,1.40,1.129,10,1.37,1.1048,1,1.415,1.1411,172,0
SPY190729P302,2019-07-26,2019-07-26 09:38:41.000,1.43,1.1532,111,1.40,1.129,6,1.37,1.1048,1,1.415,1.1411,172,0
SPY190729P302,2019-07-26,2019-07-26 09:38:42.000,1.43,1.1532,111,1.40,1.129,1,1.37,1.1048,1,1.415,1.1411,172,0
SPY190729P302,2019-07-26,2019-07-26 09:38:42.000,1.43,1.1532,111,1.40,1.129,10,1.37,1.1048,1,1.415,1.1411,172,0
SPY190729P302,2019-07-26,2019-07-26 09:38:43.000,1.43,1.1532,116,1.39,1.1209,36,1.37,1.1048,1,1.41,1.137,172,0
SPY190729P302,2019-07-26,2019-07-26 09:38:43.000,1.42,1.1451,1,1.39,1.1209,46,1.37,1.1048,1,1.405,1.133,172,0
SPY190729P302,2019-07-26,2019-07-26 09:38:44.000,1.43,1.1532,101,1.39,1.1209,58,1.37,1.1048,1,1.41,1.137,172,0
SPY190729P302,2019-07-26,2019-07-26 09:38:44.000,1.43,1.1532,106,1.39,1.1209,16,1.37,1.1048,1,1.41,1.137,172,0
SPY190729P302,2019-07-26,2019-07-26 09:38:45.000,1.42,1.1451,101,1.39,1.1209,34,1.37,1.1048,1,1.405,1.133,172,0
SPY190729P302,2019-07-26,2019-07-26 09:38:45.000,1.41,1.137,100,1.39,1.1209,34,1.37,1.1048,1,1.40,1.129,172,0
SPY190729P302,2019-07-26,2019-07-26 09:38:46.000,1.42,1.1451,101,1.39,1.1209,48,1.37,1.1048,1,1.405,1.133,172,0
SPY190729P302,2019-07-26,2019-07-26 09:38:46.000,1.42,1.1451,101,1.39,1.1209,6,1.37,1.1048,1,1.405,1.133,172,0
SPY190729P302,2019-07-26,2019-07-26 09:38:47.000,1.40,1.129,2,1.37,1.1048,107,1.37,1.1048,1,1.385,1.1169,172,0
SPY190729P302,2019-07-26,2019-07-26 09:38:48.000,1.40,1.129,100,1.37,1.1048,107,1.37,1.1048,1,1.385,1.1169,172,0
SPY190729P302,2019-07-26,2019-07-26 09:38:48.000,1.40,1.129,101,1.37,1.1048,10,1.37,1.1048,1,1.385,1.1169,172,0
SPY190729P302,2019-07-26,2019-07-26 09:38:49.000,1.40,1.129,100,1.38,1.1129,1,1.37,1.1048,1,1.39,1.1209,172,0
SPY190729P302,2019-07-26,2019-07-26 09:38:49.000,1.40,1.129,100,1.37,1.1048,93,1.37,1.1048,1,1.385,1.1169,172,0
SPY190729P302,2019-07-26,2019-07-26 09:38:50.000,1.40,1.129,100,1.38,1.1129,7,1.37,1.1048,1,1.39,1.1209,172,0
SPY190729P302,2019-07-26,2019-07-26 09:38:50.000,1.40,1.129,100,1.37,1.1048,83,1.37,1.1048,1,1.385,1.1169,172,0
SPY190729P302,2019-07-26,2019-07-26 09:38:51.000,1.40,1.129,113,1.36,1.0967,110,1.37,1.1048,1,1.38,1.1129,172,0
SPY190729P302,2019-07-26,2019-07-26 09:38:51.000,1.40,1.129,106,1.36,1.0967,110,1.37,1.1048,1,1.38,1.1129,172,0
SPY190729P302,2019-07-26,2019-07-26 09:38:52.000,1.40,1.129,106,1.36,1.0967,27,1.37,1.1048,1,1.38,1.1129,172,0
SPY190729P302,2019-07-26,2019-07-26 09:38:53.000,1.39,1.1209,32,1.35,1.0887,2,1.37,1.1048,1,1.37,1.1048,172,0
SPY190729P302,2019-07-26,2019-07-26 09:38:53.000,1.40,1.129,106,1.36,1.0967,27,1.37,1.1048,1,1.38,1.1129,172,0
SPY190729P302,2019-07-26,2019-07-26 09:38:54.000,1.37,1.1048,101,1.35,1.0887,6,1.37,1.1048,1,1.36,1.0967,172,0
SPY190729P302,2019-07-26,2019-07-26 09:38:55.000,1.35,1.0887,100,1.32,1.0645,55,1.35,1.0887,2,1.335,1.0766,174,2
SPY190729P302,2019-07-26,2019-07-26 09:38:56.000,1.36,1.0967,100,1.33,1.0725,10,1.35,1.0887,2,1.345,1.0846,174,0
SPY190729P302,2019-07-26,2019-07-26 09:38:56.000,1.34,1.0806,100,1.32,1.0645,1,1.35,1.0887,2,1.33,1.0725,174,0
SPY190729P302,2019-07-26,2019-07-26 09:38:57.000,1.36,1.0967,27,1.33,1.0725,9,1.35,1.0887,2,1.345,1.0846,174,0
SPY190729P302,2019-07-26,2019-07-26 09:38:57.000,1.38,1.1129,100,1.34,1.0806,100,1.35,1.0887,2,1.36,1.0967,174,0
SPY190729P302,2019-07-26,2019-07-26 09:38:58.000,1.38,1.1129,100,1.34,1.0806,100,1.35,1.0887,2,1.36,1.0967,174,0
SPY190729P302,2019-07-26,2019-07-26 09:38:59.000,1.37,1.1048,100,1.34,1.0806,22,1.35,1.0887,2,1.355,1.0927,174,0
SPY190729P302,2019-07-26,2019-07-26 09:38:59.000,1.37,1.1048,110,1.34,1.0806,10,1.35,1.0887,2,1.355,1.0927,174,0
SPY190729P302,2019-07-26,2019-07-26 09:39:00.000,1.37,1.1048,100,1.34,1.0806,96,1.35,1.0887,2,1.355,1.0927,174,0
SPY190729P302,2019-07-26,2019-07-26 09:39:01.000,1.37,1.1048,110,1.34,1.0806,27,1.35,1.0887,2,1.355,1.0927,174,0
SPY190729P302,2019-07-26,2019-07-26 09:39:02.000,1.37,1.1048,110,1.34,1.0806,10,1.35,1.0887,2,1.355,1.0927,174,0
SPY190729P302,2019-07-26,2019-07-26 09:39:03.000,1.36,1.0967,100,1.34,1.0806,10,1.35,1.0887,2,1.35,1.0887,174,0
SPY190729P302,2019-07-26,2019-07-26 09:39:04.000,1.35,1.0887,100,1.33,1.0725,8,1.35,1.0887,2,1.34,1.0806,174,0
SPY190729P302,2019-07-26,2019-07-26 09:39:04.000,1.35,1.0887,100,1.33,1.0725,11,1.35,1.0887,2,1.34,1.0806,174,0
SPY190729P302,2019-07-26,2019-07-26 09:39:05.000,1.37,1.1048,10,1.34,1.0806,7,1.35,1.0887,2,1.355,1.0927,174,0
SPY190729P302,2019-07-26,2019-07-26 09:39:05.000,1.36,1.0967,105,1.33,1.0725,7,1.35,1.0887,2,1.345,1.0846,174,0
SPY190729P302,2019-07-26,2019-07-26 09:39:06.000,1.37,1.1048,10,1.33,1.0725,111,1.35,1.0887,2,1.35,1.0887,174,0
SPY190729P302,2019-07-26,2019-07-26 09:39:06.000,1.36,1.0967,100,1.34,1.0806,7,1.35,1.0887,2,1.35,1.0887,174,0
SPY190729P302,2019-07-26,2019-07-26 09:39:07.000,1.37,1.1048,101,1.34,1.0806,40,1.35,1.0887,2,1.355,1.0927,174,0
SPY190729P302,2019-07-26,2019-07-26 09:39:08.000,1.37,1.1048,100,1.34,1.0806,75,1.35,1.0887,2,1.355,1.0927,174,0
SPY190729P302,2019-07-26,2019-07-26 09:39:08.000,1.37,1.1048,100,1.34,1.0806,70,1.35,1.0887,2,1.355,1.0927,174,0
SPY190729P302,2019-07-26,2019-07-26 09:39:09.000,1.37,1.1048,100,1.34,1.0806,75,1.35,1.0887,2,1.355,1.0927,174,0
SPY190729P302,2019-07-26,2019-07-26 09:39:10.000,1.37,1.1048,100,1.34,1.0806,75,1.35,1.0887,2,1.355,1.0927,174,0
SPY190729P302,2019-07-26,2019-07-26 09:39:11.000,1.37,1.1048,100,1.34,1.0806,49,1.35,1.0887,2,1.355,1.0927,174,0
SPY190729P302,2019-07-26,2019-07-26 09:39:11.000,1.37,1.1048,100,1.34,1.0806,55,1.35,1.0887,2,1.355,1.0927,174,0
SPY190729P302,2019-07-26,2019-07-26 09:39:12.000,1.37,1.1048,100,1.35,1.0887,10,1.35,1.0887,2,1.36,1.0967,174,0
SPY190729P302,2019-07-26,2019-07-26 09:39:13.000,1.38,1.1129,100,1.35,1.0887,78,1.35,1.0887,2,1.365,1.1008,174,0
SPY190729P302,2019-07-26,2019-07-26 09:39:14.000,1.38,1.1129,106,1.34,1.0806,10,1.35,1.0887,2,1.36,1.0967,174,0
SPY190729P302,2019-07-26,2019-07-26 09:39:14.000,1.37,1.1048,129,1.34,1.0806,7,1.35,1.0887,2,1.355,1.0927,174,0
SPY190729P302,2019-07-26,2019-07-26 09:39:15.000,1.35,1.0887,100,1.33,1.0725,11,1.35,1.0887,2,1.34,1.0806,174,0
SPY190729P302,2019-07-26,2019-07-26 09:39:15.000,1.35,1.0887,100,1.33,1.0725,7,1.35,1.0887,2,1.34,1.0806,174,0
SPY190729P302,2019-07-26,2019-07-26 09:39:16.000,1.35,1.0887,100,1.33,1.0725,7,1.35,1.0887,2,1.34,1.0806,174,0
SPY190729P302,2019-07-26,2019-07-26 09:39:17.000,1.35,1.0887,100,1.33,1.0725,7,1.35,1.0887,2,1.34,1.0806,174,0
SPY190729P302,2019-07-26,2019-07-26 09:39:17.000,1.35,1.0887,100,1.33,1.0725,16,1.35,1.0887,2,1.34,1.0806,174,0
SPY190729P302,2019-07-26,2019-07-26 09:39:18.000,1.34,1.0806,100,1.32,1.0645,37,1.35,1.0887,2,1.33,1.0725,174,0
SPY190729P302,2019-07-26,2019-07-26 09:39:18.000,1.35,1.0887,110,1.32,1.0645,10,1.35,1.0887,2,1.335,1.0766,174,0
SPY190729P302,2019-07-26,2019-07-26 09:39:19.000,1.35,1.0887,100,1.32,1.0645,74,1.35,1.0887,2,1.335,1.0766,174,0
SPY190729P302,2019-07-26,2019-07-26 09:39:20.000,1.34,1.0806,100,1.31,1.0564,29,1.35,1.0887,2,1.325,1.0685,174,0
SPY190729P302,2019-07-26,2019-07-26 09:39:20.000,1.34,1.0806,100,1.32,1.0645,16,1.35,1.0887,2,1.33,1.0725,174,0
SPY190729P302,2019-07-26,2019-07-26 09:39:21.000,1.34,1.0806,100,1.32,1.0645,16,1.35,1.0887,2,1.33,1.0725,174,0
SPY190729P302,2019-07-26,2019-07-26 09:39:22.000,1.34,1.0806,100,1.32,1.0645,86,1.35,1.0887,2,1.33,1.0725,174,0
SPY190729P302,2019-07-26,2019-07-26 09:39:22.000,1.35,1.0887,100,1.31,1.0564,52,1.35,1.0887,2,1.33,1.0725,174,0
SPY190729P302,2019-07-26,2019-07-26 09:39:23.000,1.34,1.0806,10,1.31,1.0564,72,1.35,1.0887,2,1.325,1.0685,174,0
SPY190729P302,2019-07-26,2019-07-26 09:39:23.000,1.34,1.0806,18,1.31,1.0564,84,1.35,1.0887,2,1.325,1.0685,174,0
SPY190729P302,2019-07-26,2019-07-26 09:39:24.000,1.34,1.0806,6,1.32,1.0645,16,1.35,1.0887,2,1.33,1.0725,174,0
SPY190729P302,2019-07-26,2019-07-26 09:39:25.000,1.35,1.0887,147,1.31,1.0564,149,1.35,1.0887,2,1.33,1.0725,174,0
SPY190729P302,2019-07-26,2019-07-26 09:39:25.000,1.35,1.0887,157,1.32,1.0645,16,1.35,1.0887,2,1.335,1.0766,174,0
SPY190729P302,2019-07-26,2019-07-26 09:39:26.000,1.35,1.0887,147,1.31,1.0564,149,1.35,1.0887,2,1.33,1.0725,174,0
SPY190729P302,2019-07-26,2019-07-26 09:39:27.000,1.35,1.0887,100,1.33,1.0725,10,1.35,1.0887,2,1.34,1.0806,174,0
SPY190729P302,2019-07-26,2019-07-26 09:39:27.000,1.36,1.0967,100,1.32,1.0645,126,1.35,1.0887,2,1.34,1.0806,174,0
SPY190729P302,2019-07-26,2019-07-26 09:39:28.000,1.35,1.0887,100,1.32,1.0645,108,1.35,1.0887,2,1.335,1.0766,174,0
SPY190729P302,2019-07-26,2019-07-26 09:39:28.000,1.35,1.0887,100,1.34,1.0806,2,1.35,1.0887,2,1.345,1.0846,174,0
SPY190729P302,2019-07-26,2019-07-26 09:39:29.000,1.35,1.0887,100,1.34,1.0806,2,1.35,1.0887,2,1.345,1.0846,174,0
SPY190729P302,2019-07-26,2019-07-26 09:39:30.000,1.35,1.0887,100,1.34,1.0806,2,1.35,1.0887,2,1.345,1.0846,174,0
SPY190729P302,2019-07-26,2019-07-26 09:39:30.000,1.35,1.0887,110,1.34,1.0806,2,1.35,1.0887,2,1.345,1.0846,174,0
SPY190729P302,2019-07-26,2019-07-26 09:39:31.000,1.35,1.0887,169,1.34,1.0806,2,1.35,1.0887,2,1.345,1.0846,174,0
SPY190729P302,2019-07-26,2019-07-26 09:39:32.000,1.35,1.0887,169,1.34,1.0806,2,1.35,1.0887,2,1.345,1.0846,174,0
SPY190729P302,2019-07-26,2019-07-26 09:39:33.000,1.35,1.0887,147,1.34,1.0806,2,1.35,1.0887,2,1.345,1.0846,174,0
SPY190729P302,2019-07-26,2019-07-26 09:39:34.000,1.35,1.0887,100,1.34,1.0806,2,1.35,1.0887,2,1.345,1.0846,174,0
SPY190729P302,2019-07-26,2019-07-26 09:39:35.000,1.35,1.0887,100,1.34,1.0806,2,1.35,1.0887,2,1.345,1.0846,174,0
SPY190729P302,2019-07-26,2019-07-26 09:39:35.000,1.35,1.0887,100,1.34,1.0806,6,1.35,1.0887,2,1.345,1.0846,174,0
SPY190729P302,2019-07-26,2019-07-26 09:39:36.000,1.37,1.1048,179,1.34,1.0806,16,1.35,1.0887,2,1.355,1.0927,174,0
SPY190729P302,2019-07-26,2019-07-26 09:39:36.000,1.37,1.1048,179,1.34,1.0806,12,1.35,1.0887,2,1.355,1.0927,174,0
SPY190729P302,2019-07-26,2019-07-26 09:39:37.000,1.37,1.1048,179,1.34,1.0806,6,1.35,1.0887,2,1.355,1.0927,174,0
SPY190729P302,2019-07-26,2019-07-26 09:39:37.000,1.35,1.0887,100,1.34,1.0806,2,1.35,1.0887,2,1.345,1.0846,174,0
SPY190729P302,2019-07-26,2019-07-26 09:39:38.000,1.35,1.0887,100,1.32,1.0645,110,1.34,1.0806,2,1.335,1.0766,176,0
SPY190729P302,2019-07-26,2019-07-26 09:39:38.000,1.35,1.0887,137,1.32,1.0645,10,1.34,1.0806,2,1.335,1.0766,176,2
SPY190729P302,2019-07-26,2019-07-26 09:39:39.000,1.35,1.0887,100,1.33,1.0725,10,1.34,1.0806,2,1.34,1.0806,176,0
SPY190729P302,2019-07-26,2019-07-26 09:39:40.000,1.35,1.0887,100,1.32,1.0645,110,1.34,1.0806,2,1.335,1.0766,176,0
SPY190729P302,2019-07-26,2019-07-26 09:39:40.000,1.35,1.0887,100,1.32,1.0645,120,1.34,1.0806,2,1.335,1.0766,176,0
SPY190729P302,2019-07-26,2019-07-26 09:39:41.000,1.35,1.0887,147,1.31,1.0564,82,1.34,1.0806,2,1.33,1.0725,176,0
SPY190729P302,2019-07-26,2019-07-26 09:39:41.000,1.35,1.0887,137,1.32,1.0645,120,1.34,1.0806,2,1.335,1.0766,176,0
SPY190729P302,2019-07-26,2019-07-26 09:39:42.000,1.33,1.0725,100,1.31,1.0564,23,1.34,1.0806,2,1.32,1.0645,176,0
SPY190729P302,2019-07-26,2019-07-26 09:39:42.000,1.33,1.0725,100,1.30,1.0483,110,1.34,1.0806,2,1.315,1.0604,176,0
SPY190729P302,2019-07-26,2019-07-26 09:39:43.000,1.35,1.0887,179,1.31,1.0564,51,1.34,1.0806,2,1.33,1.0725,176,0
SPY190729P302,2019-07-26,2019-07-26 09:39:43.000,1.34,1.0806,161,1.31,1.0564,10,1.34,1.0806,2,1.325,1.0685,176,0
SPY190729P302,2019-07-26,2019-07-26 09:39:44.000,1.35,1.0887,110,1.32,1.0645,10,1.34,1.0806,2,1.335,1.0766,176,0
SPY190729P302,2019-07-26,2019-07-26 09:39:45.000,1.35,1.0887,140,1.31,1.0564,18,1.34,1.0806,2,1.33,1.0725,176,0
SPY190729P302,2019-07-26,2019-07-26 09:39:45.000,1.34,1.0806,55,1.31,1.0564,28,1.34,1.0806,2,1.325,1.0685,176,0
SPY190729P302,2019-07-26,2019-07-26 09:39:46.000,1.35,1.0887,100,1.31,1.0564,18,1.34,1.0806,2,1.33,1.0725,176,0
SPY190729P302,2019-07-26,2019-07-26 09:39:46.000,1.35,1.0887,100,1.32,1.0645,36,1.34,1.0806,2,1.335,1.0766,176,0
SPY190729P302,2019-07-26,2019-07-26 09:39:47.000,1.35,1.0887,128,1.32,1.0645,16,1.34,1.0806,2,1.335,1.0766,176,0
SPY190729P302,2019-07-26,2019-07-26 09:39:48.000,1.33,1.0725,110,1.30,1.0483,84,1.34,1.0806,2,1.315,1.0604,176,0
SPY190729P302,2019-07-26,2019-07-26 09:39:49.000,1.33,1.0725,100,1.30,1.0483,60,1.34,1.0806,2,1.315,1.0604,176,0
SPY190729P302,2019-07-26,2019-07-26 09:39:49.000,1.33,1.0725,110,1.30,1.0483,60,1.34,1.0806,2,1.315,1.0604,176,0
SPY190729P302,2019-07-26,2019-07-26 09:39:50.000,1.33,1.0725,110,1.30,1.0483,60,1.34,1.0806,2,1.315,1.0604,176,0
SPY190729P302,2019-07-26,2019-07-26 09:39:50.000,1.33,1.0725,100,1.30,1.0483,60,1.34,1.0806,2,1.315,1.0604,176,0
SPY190729P302,2019-07-26,2019-07-26 09:39:51.000,1.33,1.0725,110,1.30,1.0483,60,1.34,1.0806,2,1.315,1.0604,176,0
SPY190729P302,2019-07-26,2019-07-26 09:39:52.000,1.33,1.0725,110,1.30,1.0483,60,1.34,1.0806,2,1.315,1.0604,176,0
SPY190729P302,2019-07-26,2019-07-26 09:39:53.000,1.33,1.0725,6,1.30,1.0483,74,1.34,1.0806,2,1.315,1.0604,176,0
SPY190729P302,2019-07-26,2019-07-26 09:39:53.000,1.33,1.0725,100,1.30,1.0483,62,1.34,1.0806,2,1.315,1.0604,176,0
SPY190729P302,2019-07-26,2019-07-26 09:39:54.000,1.33,1.0725,110,1.30,1.0483,65,1.34,1.0806,2,1.315,1.0604,176,0
SPY190729P302,2019-07-26,2019-07-26 09:39:54.000,1.33,1.0725,100,1.30,1.0483,65,1.34,1.0806,2,1.315,1.0604,176,0
SPY190729P302,2019-07-26,2019-07-26 09:39:55.000,1.33,1.0725,110,1.30,1.0483,65,1.34,1.0806,2,1.315,1.0604,176,0
SPY190729P302,2019-07-26,2019-07-26 09:39:56.000,1.33,1.0725,100,1.30,1.0483,65,1.34,1.0806,2,1.315,1.0604,176,0
SPY190729P302,2019-07-26,2019-07-26 09:39:57.000,1.33,1.0725,110,1.30,1.0483,65,1.34,1.0806,2,1.315,1.0604,176,0
SPY190729P302,2019-07-26,2019-07-26 09:39:58.000,1.33,1.0725,140,1.30,1.0483,65,1.34,1.0806,2,1.315,1.0604,176,0
SPY190729P302,2019-07-26,2019-07-26 09:39:58.000,1.33,1.0725,172,1.29,1.0403,110,1.34,1.0806,2,1.31,1.0564,176,0
SPY190729P302,2019-07-26,2019-07-26 09:39:59.000,1.33,1.0725,172,1.29,1.0403,110,1.34,1.0806,2,1.31,1.0564,176,0
SPY190729P302,2019-07-26,2019-07-26 09:39:59.000,1.32,1.0645,6,1.29,1.0403,110,1.34,1.0806,2,1.305,1.0524,176,0
SPY190729P302,2019-07-26,2019-07-26 09:40:00.000,1.32,1.0645,10,1.30,1.0483,2,1.34,1.0806,2,1.31,1.0564,176,0
SPY190729P302,2019-07-26,2019-07-26 09:40:00.000,1.32,1.0645,10,1.29,1.0403,110,1.34,1.0806,2,1.305,1.0524,176,0
SPY190729P302,2019-07-26,2019-07-26 09:40:01.000,1.31,1.0564,100,1.30,1.0483,2,1.34,1.0806,2,1.305,1.0524,176,0
SPY190729P302,2019-07-26,2019-07-26 09:40:02.000,1.31,1.0564,100,1.30,1.0483,2,1.34,1.0806,2,1.305,1.0524,176,0
SPY190729P302,2019-07-26,2019-07-26 09:40:03.000,1.31,1.0564,100,1.30,1.0483,2,1.34,1.0806,2,1.305,1.0524,176,0
SPY190729P302,2019-07-26,2019-07-26 09:40:04.000,1.31,1.0564,100,1.30,1.0483,2,1.34,1.0806,2,1.305,1.0524,176,0
SPY190729P302,2019-07-26,2019-07-26 09:40:05.000,1.31,1.0564,100,1.30,1.0483,1,1.30,1.0483,2,1.305,1.0524,178,2
SPY190729P302,2019-07-26,2019-07-26 09:40:05.000,1.30,1.0483,170,1.26,1.0161,25,1.30,1.0483,2,1.28,1.0322,178,0
SPY190729P302,2019-07-26,2019-07-26 09:40:06.000,1.29,1.0403,100,1.26,1.0161,62,1.30,1.0483,2,1.275,1.0282,178,0
SPY190729P302,2019-07-26,2019-07-26 09:40:07.000,1.29,1.0403,100,1.26,1.0161,16,1.30,1.0483,2,1.275,1.0282,178,0
SPY190729P302,2019-07-26,2019-07-26 09:40:07.000,1.29,1.0403,100,1.27,1.0241,16,1.30,1.0483,2,1.28,1.0322,178,0
SPY190729P302,2019-07-26,2019-07-26 09:40:08.000,1.29,1.0403,100,1.26,1.0161,16,1.30,1.0483,2,1.275,1.0282,178,0
SPY190729P302,2019-07-26,2019-07-26 09:40:09.000,1.28,1.0322,111,1.26,1.0161,16,1.30,1.0483,2,1.27,1.0241,178,0
SPY190729P302,2019-07-26,2019-07-26 09:40:09.000,1.28,1.0322,110,1.26,1.0161,16,1.30,1.0483,2,1.27,1.0241,178,0
SPY190729P302,2019-07-26,2019-07-26 09:40:10.000,1.28,1.0322,144,1.25,1.008,20,1.30,1.0483,2,1.265,1.0201,178,0
SPY190729P302,2019-07-26,2019-07-26 09:40:11.000,1.28,1.0322,144,1.25,1.008,36,1.30,1.0483,2,1.265,1.0201,178,0
SPY190729P302,2019-07-26,2019-07-26 09:40:11.000,1.28,1.0322,144,1.25,1.008,49,1.30,1.0483,2,1.265,1.0201,178,0
SPY190729P302,2019-07-26,2019-07-26 09:40:12.000,1.28,1.0322,144,1.25,1.008,16,1.30,1.0483,2,1.265,1.0201,178,0
SPY190729P302,2019-07-26,2019-07-26 09:40:13.000,1.25,1.008,15,1.22,0.9838,16,1.30,1.0483,2,1.235,0.9959,178,0
SPY190729P302,2019-07-26,2019-07-26 09:40:13.000,1.26,1.0161,143,1.23,0.9919,16,1.30,1.0483,2,1.245,1.004,178,0
SPY190729P302,2019-07-26,2019-07-26 09:40:14.000,1.24,1.00,100,1.22,0.9838,6,1.30,1.0483,2,1.23,0.9919,178,0
SPY190729P302,2019-07-26,2019-07-26 09:40:14.000,1.24,1.00,160,1.21,0.9758,16,1.30,1.0483,2,1.225,0.9879,178,0
SPY190729P302,2019-07-26,2019-07-26 09:40:15.000,1.24,1.00,160,1.21,0.9758,24,1.30,1.0483,2,1.225,0.9879,178,0
SPY190729P302,2019-07-26,2019-07-26 09:40:16.000,1.23,0.9919,187,1.20,0.9677,28,1.30,1.0483,2,1.215,0.9798,178,0
SPY190729P302,2019-07-26,2019-07-26 09:40:16.000,1.22,0.9838,100,1.20,0.9677,20,1.30,1.0483,2,1.21,0.9758,178,0
SPY190729P302,2019-07-26,2019-07-26 09:40:17.000,1.23,0.9919,191,1.20,0.9677,48,1.30,1.0483,2,1.215,0.9798,178,0
SPY190729P302,2019-07-26,2019-07-26 09:40:17.000,1.22,0.9838,100,1.20,0.9677,20,1.30,1.0483,2,1.21,0.9758,178,0
SPY190729P302,2019-07-26,2019-07-26 09:40:18.000,1.23,0.9919,56,1.20,0.9677,28,1.30,1.0483,2,1.215,0.9798,178,0
SPY190729P302,2019-07-26,2019-07-26 09:40:18.000,1.23,0.9919,54,1.20,0.9677,120,1.30,1.0483,2,1.215,0.9798,178,0
SPY190729P302,2019-07-26,2019-07-26 09:40:19.000,1.23,0.9919,203,1.20,0.9677,28,1.30,1.0483,2,1.215,0.9798,178,0
SPY190729P302,2019-07-26,2019-07-26 09:40:19.000,1.23,0.9919,203,1.20,0.9677,73,1.30,1.0483,2,1.215,0.9798,178,0
SPY190729P302,2019-07-26,2019-07-26 09:40:20.000,1.23,0.9919,193,1.20,0.9677,46,1.30,1.0483,2,1.215,0.9798,178,0
SPY190729P302,2019-07-26,2019-07-26 09:40:21.000,1.23,0.9919,20,1.20,0.9677,10,1.30,1.0483,2,1.215,0.9798,178,0
SPY190729P302,2019-07-26,2019-07-26 09:40:21.000,1.23,0.9919,96,1.20,0.9677,10,1.30,1.0483,2,1.215,0.9798,178,0
SPY190729P302,2019-07-26,2019-07-26 09:40:22.000,1.23,0.9919,203,1.20,0.9677,46,1.30,1.0483,2,1.215,0.9798,178,0
SPY190729P302,2019-07-26,2019-07-26 09:40:22.000,1.23,0.9919,203,1.20,0.9677,78,1.30,1.0483,2,1.215,0.9798,178,0
SPY190729P302,2019-07-26,2019-07-26 09:40:23.000,1.23,0.9919,203,1.20,0.9677,85,1.30,1.0483,2,1.215,0.9798,178,0
SPY190729P302,2019-07-26,2019-07-26 09:40:23.000,1.23,0.9919,203,1.20,0.9677,45,1.30,1.0483,2,1.215,0.9798,178,0
SPY190729P302,2019-07-26,2019-07-26 09:40:24.000,1.23,0.9919,203,1.20,0.9677,45,1.30,1.0483,2,1.215,0.9798,178,0
SPY190729P302,2019-07-26,2019-07-26 09:40:25.000,1.23,0.9919,203,1.20,0.9677,46,1.30,1.0483,2,1.215,0.9798,178,0
SPY190729P302,2019-07-26,2019-07-26 09:40:25.000,1.22,0.9838,1,1.20,0.9677,26,1.30,1.0483,2,1.21,0.9758,178,0
SPY190729P302,2019-07-26,2019-07-26 09:40:26.000,1.23,0.9919,193,1.20,0.9677,26,1.30,1.0483,2,1.215,0.9798,178,0
SPY190729P302,2019-07-26,2019-07-26 09:40:27.000,1.23,0.9919,193,1.20,0.9677,46,1.30,1.0483,2,1.215,0.9798,178,0
SPY190729P302,2019-07-26,2019-07-26 09:40:27.000,1.25,1.008,229,1.22,0.9838,26,1.30,1.0483,2,1.235,0.9959,178,0
SPY190729P302,2019-07-26,2019-07-26 09:40:28.000,1.23,0.9919,133,1.20,0.9677,90,1.30,1.0483,2,1.215,0.9798,178,0
SPY190729P302,2019-07-26,2019-07-26 09:40:29.000,1.23,0.9919,163,1.20,0.9677,26,1.30,1.0483,2,1.215,0.9798,178,0
SPY190729P302,2019-07-26,2019-07-26 09:40:30.000,1.23,0.9919,163,1.20,0.9677,32,1.23,0.9919,3,1.215,0.9798,181,3
SPY190729P302,2019-07-26,2019-07-26 09:40:30.000,1.23,0.9919,163,1.20,0.9677,32,1.23,0.9919,3,1.215,0.9798,181,0
SPY190729P302,2019-07-26,2019-07-26 09:40:31.000,1.22,0.9838,100,1.20,0.9677,32,1.23,0.9919,3,1.21,0.9758,181,0
SPY190729P302,2019-07-26,2019-07-26 09:40:31.000,1.23,0.9919,163,1.20,0.9677,32,1.23,0.9919,3,1.215,0.9798,181,0
SPY190729P302,2019-07-26,2019-07-26 09:40:32.000,1.22,0.9838,100,1.20,0.9677,26,1.23,0.9919,3,1.21,0.9758,181,0
SPY190729P302,2019-07-26,2019-07-26 09:40:33.000,1.22,0.9838,100,1.20,0.9677,46,1.23,0.9919,3,1.21,0.9758,181,0
SPY190729P302,2019-07-26,2019-07-26 09:40:34.000,1.22,0.9838,100,1.20,0.9677,28,1.23,0.9919,3,1.21,0.9758,181,0
SPY190729P302,2019-07-26,2019-07-26 09:40:34.000,1.24,1.00,53,1.21,0.9758,46,1.23,0.9919,3,1.225,0.9879,181,0
SPY190729P302,2019-07-26,2019-07-26 09:40:35.000,1.25,1.008,229,1.22,0.9838,20,1.23,0.9919,3,1.235,0.9959,181,0
SPY190729P302,2019-07-26,2019-07-26 09:40:36.000,1.25,1.008,229,1.22,0.9838,20,1.23,0.9919,3,1.235,0.9959,181,0
SPY190729P302,2019-07-26,2019-07-26 09:40:37.000,1.25,1.008,229,1.22,0.9838,20,1.23,0.9919,3,1.235,0.9959,181,0
SPY190729P302,2019-07-26,2019-07-26 09:40:38.000,1.24,1.00,137,1.21,0.9758,34,1.23,0.9919,3,1.225,0.9879,181,0
SPY190729P302,2019-07-26,2019-07-26 09:40:38.000,1.25,1.008,229,1.22,0.9838,20,1.23,0.9919,3,1.235,0.9959,181,0
SPY190729P302,2019-07-26,2019-07-26 09:40:39.000,1.25,1.008,98,1.22,0.9838,20,1.23,0.9919,3,1.235,0.9959,181,0
SPY190729P302,2019-07-26,2019-07-26 09:40:39.000,1.25,1.008,198,1.21,0.9758,71,1.23,0.9919,3,1.23,0.9919,181,0
SPY190729P302,2019-07-26,2019-07-26 09:40:40.000,1.25,1.008,178,1.22,0.9838,88,1.23,0.9919,3,1.235,0.9959,181,0
SPY190729P302,2019-07-26,2019-07-26 09:40:40.000,1.26,1.0161,178,1.23,0.9919,26,1.23,0.9919,3,1.245,1.004,181,0
SPY190729P302,2019-07-26,2019-07-26 09:40:41.000,1.25,1.008,194,1.22,0.9838,38,1.23,0.9919,3,1.235,0.9959,181,0
SPY190729P302,2019-07-26,2019-07-26 09:40:42.000,1.25,1.008,110,1.22,0.9838,38,1.23,0.9919,3,1.235,0.9959,181,0
SPY190729P302,2019-07-26,2019-07-26 09:40:42.000,1.25,1.008,100,1.23,0.9919,20,1.23,0.9919,3,1.24,1.00,181,0
SPY190729P302,2019-07-26,2019-07-26 09:40:43.000,1.25,1.008,100,1.23,0.9919,26,1.23,0.9919,3,1.24,1.00,181,0
SPY190729P302,2019-07-26,2019-07-26 09:40:43.000,1.26,1.0161,193,1.23,0.9919,46,1.23,0.9919,3,1.245,1.004,181,0
SPY190729P302,2019-07-26,2019-07-26 09:40:44.000,1.26,1.0161,100,1.24,1.00,20,1.23,0.9919,3,1.25,1.008,181,0
SPY190729P302,2019-07-26,2019-07-26 09:40:44.000,1.26,1.0161,6,1.24,1.00,39,1.23,0.9919,3,1.25,1.008,181,0
SPY190729P302,2019-07-26,2019-07-26 09:40:45.000,1.26,1.0161,46,1.24,1.00,10,1.23,0.9919,3,1.25,1.008,181,0
SPY190729P302,2019-07-26,2019-07-26 09:40:45.000,1.26,1.0161,45,1.24,1.00,10,1.23,0.9919,3,1.25,1.008,181,0
SPY190729P302,2019-07-26,2019-07-26 09:40:46.000,1.26,1.0161,74,1.24,1.00,10,1.23,0.9919,3,1.25,1.008,181,0
SPY190729P302,2019-07-26,2019-07-26 09:40:47.000,1.25,1.008,178,1.22,0.9838,39,1.23,0.9919,3,1.235,0.9959,181,0
SPY190729P302,2019-07-26,2019-07-26 09:40:47.000,1.26,1.0161,74,1.23,0.9919,16,1.23,0.9919,3,1.245,1.004,181,0
SPY190729P302,2019-07-26,2019-07-26 09:40:48.000,1.25,1.008,144,1.23,0.9919,20,1.23,0.9919,3,1.24,1.00,181,0
SPY190729P302,2019-07-26,2019-07-26 09:40:48.000,1.25,1.008,169,1.22,0.9838,36,1.23,0.9919,3,1.235,0.9959,181,0
SPY190729P302,2019-07-26,2019-07-26 09:40:49.000,1.26,1.0161,125,1.23,0.9919,26,1.23,0.9919,3,1.245,1.004,181,0
SPY190729P302,2019-07-26,2019-07-26 09:40:50.000,1.26,1.0161,198,1.23,0.9919,46,1.23,0.9919,3,1.245,1.004,181,0
SPY190729P302,2019-07-26,2019-07-26 09:40:51.000,1.25,1.008,100,1.20,0.9677,100,1.23,0.9919,3,1.225,0.9879,181,0
SPY190729P302,2019-07-26,2019-07-26 09:40:51.000,1.25,1.008,100,1.21,0.9758,120,1.23,0.9919,3,1.23,0.9919,181,0
SPY190729P302,2019-07-26,2019-07-26 09:40:52.000,1.25,1.008,223,1.21,0.9758,130,1.23,0.9919,3,1.23,0.9919,181,0
SPY190729P302,2019-07-26,2019-07-26 09:40:52.000,1.25,1.008,223,1.22,0.9838,26,1.23,0.9919,3,1.235,0.9959,181,0
SPY190729P302,2019-07-26,2019-07-26 09:40:53.000,1.25,1.008,223,1.22,0.9838,20,1.23,0.9919,3,1.235,0.9959,181,0
SPY190729P302,2019-07-26,2019-07-26 09:40:53.000,1.25,1.008,198,1.22,0.9838,20,1.23,0.9919,3,1.235,0.9959,181,0
SPY190729P302,2019-07-26,2019-07-26 09:40:54.000,1.25,1.008,223,1.22,0.9838,20,1.23,0.9919,3,1.235,0.9959,181,0
SPY190729P302,2019-07-26,2019-07-26 09:40:55.000,1.25,1.008,223,1.22,0.9838,20,1.23,0.9919,3,1.235,0.9959,181,0
SPY190729P302,2019-07-26,2019-07-26 09:40:56.000,1.25,1.008,223,1.23,0.9919,2,1.23,0.9919,3,1.24,1.00,181,0
SPY190729P302,2019-07-26,2019-07-26 09:40:57.000,1.25,1.008,223,1.23,0.9919,2,1.23,0.9919,3,1.24,1.00,181,0
SPY190729P302,2019-07-26,2019-07-26 09:40:58.000,1.25,1.008,223,1.23,0.9919,2,1.23,0.9919,3,1.24,1.00,181,0
SPY190729P302,2019-07-26,2019-07-26 09:40:58.000,1.23,0.9919,115,1.21,0.9758,6,1.23,0.9919,1,1.22,0.9838,184,3
SPY190729P302,2019-07-26,2019-07-26 09:40:59.000,1.22,0.9838,153,1.18,0.9516,229,1.23,0.9919,1,1.20,0.9677,184,0
SPY190729P302,2019-07-26,2019-07-26 09:41:00.000,1.22,0.9838,167,1.19,0.9596,26,1.23,0.9919,1,1.205,0.9717,184,0
SPY190729P302,2019-07-26,2019-07-26 09:41:00.000,1.23,0.9919,184,1.20,0.9677,20,1.23,0.9919,1,1.215,0.9798,184,0
SPY190729P302,2019-07-26,2019-07-26 09:41:01.000,1.23,0.9919,199,1.20,0.9677,72,1.23,0.9919,1,1.215,0.9798,184,0
SPY190729P302,2019-07-26,2019-07-26 09:41:01.000,1.23,0.9919,179,1.20,0.9677,72,1.23,0.9919,1,1.215,0.9798,184,0
SPY190729P302,2019-07-26,2019-07-26 09:41:02.000,1.24,1.00,173,1.21,0.9758,52,1.23,0.9919,1,1.225,0.9879,184,0
SPY190729P302,2019-07-26,2019-07-26 09:41:02.000,1.23,0.9919,193,1.20,0.9677,83,1.23,0.9919,1,1.215,0.9798,184,0
SPY190729P302,2019-07-26,2019-07-26 09:41:03.000,1.24,1.00,193,1.20,0.9677,85,1.23,0.9919,1,1.22,0.9838,184,0
SPY190729P302,2019-07-26,2019-07-26 09:41:04.000,1.24,1.00,193,1.20,0.9677,80,1.23,0.9919,1,1.22,0.9838,184,0
SPY190729P302,2019-07-26,2019-07-26 09:41:04.000,1.23,0.9919,141,1.21,0.9758,26,1.23,0.9919,1,1.22,0.9838,184,0
SPY190729P302,2019-07-26,2019-07-26 09:41:05.000,1.21,0.9758,149,1.19,0.9596,20,1.23,0.9919,1,1.20,0.9677,184,0
SPY190729P302,2019-07-26,2019-07-26 09:41:05.000,1.23,0.9919,171,1.20,0.9677,26,1.23,0.9919,1,1.215,0.9798,184,0
SPY190729P302,2019-07-26,2019-07-26 09:41:06.000,1.21,0.9758,100,1.19,0.9596,26,1.23,0.9919,1,1.20,0.9677,184,0
SPY190729P302,2019-07-26,2019-07-26 09:41:07.000,1.22,0.9838,103,1.19,0.9596,98,1.23,0.9919,1,1.205,0.9717,184,0
SPY190729P302,2019-07-26,2019-07-26 09:41:08.000,1.23,0.9919,193,1.20,0.9677,26,1.23,0.9919,1,1.215,0.9798,184,0
SPY190729P302,2019-07-26,2019-07-26 09:41:08.000,1.23,0.9919,202,1.20,0.9677,20,1.23,0.9919,1,1.215,0.9798,184,0
SPY190729P302,2019-07-26,2019-07-26 09:41:09.000,1.23,0.9919,203,1.20,0.9677,26,1.23,0.9919,1,1.215,0.9798,184,0
SPY190729P302,2019-07-26,2019-07-26 09:41:09.000,1.23,0.9919,208,1.20,0.9677,26,1.23,0.9919,1,1.215,0.9798,184,0
SPY190729P302,2019-07-26,2019-07-26 09:41:10.000,1.24,1.00,100,1.21,0.9758,30,1.23,0.9919,1,1.225,0.9879,184,0
SPY190729P302,2019-07-26,2019-07-26 09:41:10.000,1.25,1.008,204,1.21,0.9758,98,1.23,0.9919,1,1.23,0.9919,184,0
SPY190729P302,2019-07-26,2019-07-26 09:41:11.000,1.25,1.008,118,1.22,0.9838,36,1.23,0.9919,1,1.235,0.9959,184,0
SPY190729P302,2019-07-26,2019-07-26 09:41:11.000,1.24,1.00,83,1.21,0.9758,98,1.23,0.9919,1,1.225,0.9879,184,0
SPY190729P302,2019-07-26,2019-07-26 09:41:12.000,1.25,1.008,193,1.22,0.9838,71,1.23,0.9919,1,1.235,0.9959,184,0
SPY190729P302,2019-07-26,2019-07-26 09:41:13.000,1.25,1.008,193,1.22,0.9838,46,1.23,0.9919,1,1.235,0.9959,184,0
SPY190729P302,2019-07-26,2019-07-26 09:41:13.000,1.25,1.008,193,1.22,0.9838,71,1.23,0.9919,1,1.235,0.9959,184,0
SPY190729P302,2019-07-26,2019-07-26 09:41:14.000,1.25,1.008,66,1.22,0.9838,68,1.23,0.9919,1,1.235,0.9959,184,0
SPY190729P302,2019-07-26,2019-07-26 09:41:14.000,1.25,1.008,56,1.23,0.9919,26,1.23,0.9919,1,1.24,1.00,184,0
SPY190729P302,2019-07-26,2019-07-26 09:41:15.000,1.25,1.008,20,1.23,0.9919,26,1.23,0.9919,1,1.24,1.00,184,0
SPY190729P302,2019-07-26,2019-07-26 09:41:15.000,1.25,1.008,96,1.22,0.9838,63,1.23,0.9919,1,1.235,0.9959,184,0
SPY190729P302,2019-07-26,2019-07-26 09:41:16.000,1.25,1.008,100,1.23,0.9919,26,1.23,0.9919,1,1.24,1.00,184,0
SPY190729P302,2019-07-26,2019-07-26 09:41:16.000,1.26,1.0161,173,1.22,0.9838,82,1.23,0.9919,1,1.24,1.00,184,0
SPY190729P302,2019-07-26,2019-07-26 09:41:17.000,1.26,1.0161,83,1.23,0.9919,80,1.23,0.9919,1,1.245,1.004,184,0
SPY190729P302,2019-07-26,2019-07-26 09:41:18.000,1.25,1.008,100,1.23,0.9919,26,1.23,0.9919,1,1.24,1.00,184,0
SPY190729P302,2019-07-26,2019-07-26 09:41:18.000,1.26,1.0161,193,1.23,0.9919,26,1.23,0.9919,1,1.245,1.004,184,0
SPY190729P302,2019-07-26,2019-07-26 09:41:19.000,1.26,1.0161,198,1.23,0.9919,16,1.23,0.9919,1,1.245,1.004,184,0
SPY190729P302,2019-07-26,2019-07-26 09:41:19.000,1.26,1.0161,203,1.23,0.9919,26,1.23,0.9919,1,1.245,1.004,184,0
SPY190729P302,2019-07-26,2019-07-26 09:41:20.000,1.26,1.0161,198,1.23,0.9919,20,1.23,0.9919,1,1.245,1.004,184,0
SPY190729P302,2019-07-26,2019-07-26 09:41:20.000,1.26,1.0161,193,1.23,0.9919,20,1.23,0.9919,1,1.245,1.004,184,0
SPY190729P302,2019-07-26,2019-07-26 09:41:21.000,1.27,1.0241,3,1.24,1.00,5,1.23,0.9919,1,1.255,1.012,184,0
SPY190729P302,2019-07-26,2019-07-26 09:41:22.000,1.28,1.0322,184,1.24,1.00,141,1.23,0.9919,1,1.26,1.0161,184,0
SPY190729P302,2019-07-26,2019-07-26 09:41:22.000,1.26,1.0161,100,1.24,1.00,37,1.23,0.9919,1,1.25,1.008,184,0
SPY190729P302,2019-07-26,2019-07-26 09:41:23.000,1.27,1.0241,191,1.24,1.00,16,1.23,0.9919,1,1.255,1.012,184,0
SPY190729P302,2019-07-26,2019-07-26 09:41:23.000,1.26,1.0161,100,1.24,1.00,16,1.23,0.9919,1,1.25,1.008,184,0
SPY190729P302,2019-07-26,2019-07-26 09:41:24.000,1.28,1.0322,116,1.25,1.008,16,1.23,0.9919,1,1.265,1.0201,184,0
SPY190729P302,2019-07-26,2019-07-26 09:41:24.000,1.28,1.0322,165,1.25,1.008,16,1.23,0.9919,1,1.265,1.0201,184,0
SPY190729P302,2019-07-26,2019-07-26 09:41:25.000,1.28,1.0322,165,1.25,1.008,94,1.23,0.9919,1,1.265,1.0201,184,0
SPY190729P302,2019-07-26,2019-07-26 09:41:25.000,1.28,1.0322,165,1.25,1.008,16,1.23,0.9919,1,1.265,1.0201,184,0
SPY190729P302,2019-07-26,2019-07-26 09:41:26.000,1.28,1.0322,1,1.26,1.0161,16,1.26,1.0161,10,1.27,1.0241,194,10
SPY190729P302,2019-07-26,2019-07-26 09:41:27.000,1.28,1.0322,1,1.26,1.0161,36,1.26,1.0161,10,1.27,1.0241,194,0
SPY190729P302,2019-07-26,2019-07-26 09:41:27.000,1.28,1.0322,101,1.26,1.0161,16,1.26,1.0161,10,1.27,1.0241,194,0
SPY190729P302,2019-07-26,2019-07-26 09:41:28.000,1.28,1.0322,133,1.26,1.0161,16,1.26,1.0161,10,1.27,1.0241,194,0
SPY190729P302,2019-07-26,2019-07-26 09:41:28.000,1.28,1.0322,10,1.26,1.0161,16,1.26,1.0161,10,1.27,1.0241,194,0
SPY190729P302,2019-07-26,2019-07-26 09:41:29.000,1.28,1.0322,1,1.26,1.0161,74,1.26,1.0161,10,1.27,1.0241,194,0
SPY190729P302,2019-07-26,2019-07-26 09:41:29.000,1.28,1.0322,1,1.26,1.0161,72,1.26,1.0161,10,1.27,1.0241,194,0
SPY190729P302,2019-07-26,2019-07-26 09:41:30.000,1.28,1.0322,6,1.26,1.0161,55,1.26,1.0161,10,1.27,1.0241,194,0
SPY190729P302,2019-07-26,2019-07-26 09:41:30.000,1.28,1.0322,1,1.26,1.0161,16,1.26,1.0161,10,1.27,1.0241,194,0
SPY190729P302,2019-07-26,2019-07-26 09:41:31.000,1.28,1.0322,17,1.25,1.008,186,1.26,1.0161,10,1.265,1.0201,194,0
SPY190729P302,2019-07-26,2019-07-26 09:41:32.000,1.26,1.0161,100,1.23,0.9919,15,1.26,1.0161,10,1.245,1.004,194,0
SPY190729P302,2019-07-26,2019-07-26 09:41:32.000,1.28,1.0322,101,1.25,1.008,186,1.26,1.0161,10,1.265,1.0201,194,0
SPY190729P302,2019-07-26,2019-07-26 09:41:33.000,1.28,1.0322,148,1.23,0.9919,15,1.26,1.0161,10,1.255,1.012,194,0
SPY190729P302,2019-07-26,2019-07-26 09:41:33.000,1.28,1.0322,187,1.23,0.9919,15,1.26,1.0161,10,1.255,1.012,194,0
SPY190729P302,2019-07-26,2019-07-26 09:41:34.000,1.28,1.0322,197,1.24,1.00,120,1.26,1.0161,10,1.26,1.0161,194,0
SPY190729P302,2019-07-26,2019-07-26 09:41:34.000,1.26,1.0161,100,1.24,1.00,16,1.26,1.0161,10,1.25,1.008,194,0
SPY190729P302,2019-07-26,2019-07-26 09:41:35.000,1.26,1.0161,100,1.24,1.00,16,1.26,1.0161,10,1.25,1.008,194,0
SPY190729P302,2019-07-26,2019-07-26 09:41:36.000,1.27,1.0241,191,1.24,1.00,76,1.26,1.0161,10,1.255,1.012,194,0
SPY190729P302,2019-07-26,2019-07-26 09:41:36.000,1.27,1.0241,181,1.24,1.00,46,1.26,1.0161,10,1.255,1.012,194,0
SPY190729P302,2019-07-26,2019-07-26 09:41:37.000,1.27,1.0241,31,1.25,1.008,12,1.26,1.0161,10,1.26,1.0161,194,0
SPY190729P302,2019-07-26,2019-07-26 09:41:37.000,1.28,1.0322,182,1.24,1.00,56,1.26,1.0161,10,1.26,1.0161,194,0
SPY190729P302,2019-07-26,2019-07-26 09:41:38.000,1.27,1.0241,31,1.25,1.008,12,1.26,1.0161,10,1.26,1.0161,194,0
SPY190729P302,2019-07-26,2019-07-26 09:41:39.000,1.28,1.0322,192,1.25,1.008,16,1.26,1.0161,10,1.265,1.0201,194,0
SPY190729P302,2019-07-26,2019-07-26 09:41:40.000,1.27,1.0241,126,1.25,1.008,2,1.26,1.0161,10,1.26,1.0161,194,0
SPY190729P302,2019-07-26,2019-07-26 09:41:40.000,1.27,1.0241,186,1.23,0.9919,135,1.26,1.0161,10,1.25,1.008,194,0
SPY190729P302,2019-07-26,2019-07-26 09:41:41.000,1.27,1.0241,136,1.25,1.008,2,1.26,1.0161,10,1.26,1.0161,194,0
SPY190729P302,2019-07-26,2019-07-26 09:41:41.000,1.27,1.0241,126,1.25,1.008,2,1.26,1.0161,10,1.26,1.0161,194,0
SPY190729P302,2019-07-26,2019-07-26 09:41:42.000,1.26,1.0161,110,1.25,1.008,2,1.26,1.0161,10,1.255,1.012,194,0
SPY190729P302,2019-07-26,2019-07-26 09:41:42.000,1.25,1.008,101,1.23,0.9919,6,1.25,1.008,2,1.24,1.00,196,2
SPY190729P302,2019-07-26,2019-07-26 09:41:43.000,1.25,1.008,10,1.22,0.9838,16,1.25,1.008,2,1.235,0.9959,196,0
SPY190729P302,2019-07-26,2019-07-26 09:41:44.000,1.25,1.008,148,1.22,0.9838,124,1.25,1.008,2,1.235,0.9959,196,0
SPY190729P302,2019-07-26,2019-07-26 09:41:44.000,1.25,1.008,110,1.22,0.9838,104,1.25,1.008,2,1.235,0.9959,196,0
SPY190729P302,2019-07-26,2019-07-26 09:41:45.000,1.25,1.008,148,1.22,0.9838,104,1.25,1.008,2,1.235,0.9959,196,0
SPY190729P302,2019-07-26,2019-07-26 09:41:45.000,1.25,1.008,148,1.22,0.9838,124,1.25,1.008,2,1.235,0.9959,196,0
SPY190729P302,2019-07-26,2019-07-26 09:41:46.000,1.25,1.008,148,1.22,0.9838,104,1.25,1.008,2,1.235,0.9959,196,0
SPY190729P302,2019-07-26,2019-07-26 09:41:46.000,1.25,1.008,148,1.22,0.9838,124,1.25,1.008,2,1.235,0.9959,196,0
SPY190729P302,2019-07-26,2019-07-26 09:41:47.000,1.25,1.008,148,1.22,0.9838,104,1.25,1.008,2,1.235,0.9959,196,0
SPY190729P302,2019-07-26,2019-07-26 09:41:48.000,1.25,1.008,143,1.22,0.9838,16,1.25,1.008,2,1.235,0.9959,196,0
SPY190729P302,2019-07-26,2019-07-26 09:41:48.000,1.25,1.008,138,1.22,0.9838,16,1.25,1.008,2,1.235,0.9959,196,0
SPY190729P302,2019-07-26,2019-07-26 09:41:49.000,1.25,1.008,138,1.22,0.9838,36,1.25,1.008,2,1.235,0.9959,196,0
SPY190729P302,2019-07-26,2019-07-26 09:41:50.000,1.25,1.008,138,1.22,0.9838,36,1.25,1.008,2,1.235,0.9959,196,0
SPY190729P302,2019-07-26,2019-07-26 09:41:50.000,1.25,1.008,115,1.23,0.9919,20,1.25,1.008,2,1.24,1.00,196,0
SPY190729P302,2019-07-26,2019-07-26 09:41:51.000,1.28,1.0322,177,1.24,1.00,176,1.25,1.008,2,1.26,1.0161,196,0
SPY190729P302,2019-07-26,2019-07-26 09:41:51.000,1.26,1.0161,120,1.23,0.9919,88,1.25,1.008,2,1.245,1.004,196,0
SPY190729P302,2019-07-26,2019-07-26 09:41:52.000,1.28,1.0322,187,1.25,1.008,16,1.25,1.008,2,1.265,1.0201,196,0
SPY190729P302,2019-07-26,2019-07-26 09:41:52.000,1.28,1.0322,18,1.25,1.008,29,1.25,1.008,2,1.265,1.0201,196,0
SPY190729P302,2019-07-26,2019-07-26 09:41:53.000,1.28,1.0322,152,1.25,1.008,73,1.25,1.008,2,1.265,1.0201,196,0
SPY190729P302,2019-07-26,2019-07-26 09:41:54.000,1.28,1.0322,152,1.25,1.008,73,1.25,1.008,2,1.265,1.0201,196,0
SPY190729P302,2019-07-26,2019-07-26 09:41:54.000,1.28,1.0322,152,1.25,1.008,27,1.25,1.008,2,1.265,1.0201,196,0
SPY190729P302,2019-07-26,2019-07-26 09:41:55.000,1.28,1.0322,129,1.25,1.008,16,1.25,1.008,2,1.265,1.0201,196,0
SPY190729P302,2019-07-26,2019-07-26 09:41:55.000,1.28,1.0322,162,1.25,1.008,27,1.25,1.008,2,1.265,1.0201,196,0
SPY190729P302,2019-07-26,2019-07-26 09:41:56.000,1.28,1.0322,149,1.25,1.008,81,1.25,1.008,2,1.265,1.0201,196,0
SPY190729P302,2019-07-26,2019-07-26 09:41:56.000,1.28,1.0322,139,1.25,1.008,16,1.25,1.008,2,1.265,1.0201,196,0
SPY190729P302,2019-07-26,2019-07-26 09:41:57.000,1.28,1.0322,111,1.25,1.008,81,1.25,1.008,2,1.265,1.0201,196,0
SPY190729P302,2019-07-26,2019-07-26 09:41:58.000,1.28,1.0322,111,1.25,1.008,103,1.25,1.008,2,1.265,1.0201,196,0
SPY190729P302,2019-07-26,2019-07-26 09:41:59.000,1.28,1.0322,121,1.25,1.008,75,1.25,1.008,2,1.265,1.0201,196,0
SPY190729P302,2019-07-26,2019-07-26 09:41:59.000,1.28,1.0322,121,1.25,1.008,16,1.25,1.008,2,1.265,1.0201,196,0
SPY190729P302,2019-07-26,2019-07-26 09:42:00.000,1.28,1.0322,186,1.25,1.008,16,1.25,1.008,2,1.265,1.0201,196,0
SPY190729P302,2019-07-26,2019-07-26 09:42:00.000,1.28,1.0322,121,1.25,1.008,16,1.25,1.008,2,1.265,1.0201,196,0
SPY190729P302,2019-07-26,2019-07-26 09:42:01.000,1.27,1.0241,16,1.24,1.00,113,1.25,1.008,2,1.255,1.012,196,0
SPY190729P302,2019-07-26,2019-07-26 09:42:02.000,1.28,1.0322,181,1.25,1.008,16,1.25,1.008,2,1.265,1.0201,196,0
SPY190729P302,2019-07-26,2019-07-26 09:42:02.000,1.28,1.0322,191,1.25,1.008,16,1.25,1.008,2,1.265,1.0201,196,0
SPY190729P302,2019-07-26,2019-07-26 09:42:03.000,1.28,1.0322,168,1.25,1.008,37,1.25,1.008,2,1.265,1.0201,196,0
SPY190729P302,2019-07-26,2019-07-26 09:42:03.000,1.28,1.0322,168,1.25,1.008,36,1.25,1.008,2,1.265,1.0201,196,0
SPY190729P302,2019-07-26,2019-07-26 09:42:04.000,1.28,1.0322,168,1.25,1.008,16,1.25,1.008,2,1.265,1.0201,196,0
SPY190729P302,2019-07-26,2019-07-26 09:42:04.000,1.27,1.0241,18,1.24,1.00,33,1.25,1.008,2,1.255,1.012,196,0
SPY190729P302,2019-07-26,2019-07-26 09:42:05.000,1.28,1.0322,182,1.24,1.00,43,1.25,1.008,2,1.26,1.0161,196,0
SPY190729P302,2019-07-26,2019-07-26 09:42:06.000,1.28,1.0322,182,1.25,1.008,56,1.25,1.008,2,1.265,1.0201,196,0
SPY190729P302,2019-07-26,2019-07-26 09:42:06.000,1.26,1.0161,100,1.24,1.00,6,1.25,1.008,2,1.25,1.008,196,0
SPY190729P302,2019-07-26,2019-07-26 09:42:07.000,1.26,1.0161,16,1.24,1.00,39,1.25,1.008,2,1.25,1.008,196,0
SPY190729P302,2019-07-26,2019-07-26 09:42:07.000,1.27,1.0241,151,1.24,1.00,39,1.25,1.008,2,1.255,1.012,196,0
SPY190729P302,2019-07-26,2019-07-26 09:42:08.000,1.27,1.0241,151,1.24,1.00,12,1.25,1.008,2,1.255,1.012,196,0
SPY190729P302,2019-07-26,2019-07-26 09:42:08.000,1.26,1.0161,29,1.24,1.00,12,1.25,1.008,2,1.25,1.008,196,0
SPY190729P302,2019-07-26,2019-07-26 09:42:09.000,1.26,1.0161,113,1.24,1.00,12,1.25,1.008,2,1.25,1.008,196,0
SPY190729P302,2019-07-26,2019-07-26 09:42:10.000,1.26,1.0161,120,1.24,1.00,2,1.25,1.008,2,1.25,1.008,196,0
SPY190729P302,2019-07-26,2019-07-26 09:42:10.000,1.26,1.0161,110,1.24,1.00,2,1.25,1.008,2,1.25,1.008,196,0
SPY190729P302,2019-07-26,2019-07-26 09:42:11.000,1.26,1.0161,29,1.24,1.00,6,1.25,1.008,2,1.25,1.008,196,0
SPY190729P302,2019-07-26,2019-07-26 09:42:11.000,1.26,1.0161,120,1.24,1.00,2,1.25,1.008,2,1.25,1.008,196,0
SPY190729P302,2019-07-26,2019-07-26 09:42:12.000,1.26,1.0161,120,1.24,1.00,2,1.25,1.008,2,1.25,1.008,196,0
SPY190729P302,2019-07-26,2019-07-26 09:42:12.000,1.26,1.0161,36,1.24,1.00,6,1.24,1.00,10,1.25,1.008,206,10
SPY190729P302,2019-07-26,2019-07-26 09:42:13.000,1.26,1.0161,36,1.24,1.00,6,1.24,1.00,10,1.25,1.008,206,0
SPY190729P302,2019-07-26,2019-07-26 09:42:14.000,1.26,1.0161,36,1.24,1.00,6,1.24,1.00,10,1.25,1.008,206,0
SPY190729P302,2019-07-26,2019-07-26 09:42:15.000,1.26,1.0161,22,1.24,1.00,2,1.24,1.00,10,1.25,1.008,206,0
SPY190729P302,2019-07-26,2019-07-26 09:42:16.000,1.27,1.0241,207,1.24,1.00,6,1.24,1.00,10,1.255,1.012,206,0
SPY190729P302,2019-07-26,2019-07-26 09:42:16.000,1.28,1.0322,172,1.24,1.00,120,1.24,1.00,10,1.26,1.0161,206,0
SPY190729P302,2019-07-26,2019-07-26 09:42:17.000,1.28,1.0322,163,1.25,1.008,75,1.24,1.00,10,1.265,1.0201,206,0
SPY190729P302,2019-07-26,2019-07-26 09:42:17.000,1.27,1.0241,5,1.25,1.008,16,1.24,1.00,10,1.26,1.0161,206,0
SPY190729P302,2019-07-26,2019-07-26 09:42:18.000,1.28,1.0322,173,1.25,1.008,47,1.24,1.00,10,1.265,1.0201,206,0
SPY190729P302,2019-07-26,2019-07-26 09:42:19.000,1.28,1.0322,173,1.25,1.008,47,1.24,1.00,10,1.265,1.0201,206,0
SPY190729P302,2019-07-26,2019-07-26 09:42:19.000,1.28,1.0322,173,1.25,1.008,64,1.24,1.00,10,1.265,1.0201,206,0
SPY190729P302,2019-07-26,2019-07-26 09:42:20.000,1.28,1.0322,173,1.25,1.008,47,1.24,1.00,10,1.265,1.0201,206,0
SPY190729P302,2019-07-26,2019-07-26 09:42:21.000,1.27,1.0241,110,1.25,1.008,16,1.24,1.00,10,1.26,1.0161,206,0
SPY190729P302,2019-07-26,2019-07-26 09:42:22.000,1.27,1.0241,27,1.25,1.008,16,1.25,1.008,2,1.26,1.0161,208,2
SPY190729P302,2019-07-26,2019-07-26 09:42:22.000,1.27,1.0241,71,1.24,1.00,96,1.25,1.008,2,1.255,1.012,208,0
SPY190729P302,2019-07-26,2019-07-26 09:42:23.000,1.26,1.0161,6,1.24,1.00,96,1.25,1.008,2,1.25,1.008,208,0
SPY190729P302,2019-07-26,2019-07-26 09:42:23.000,1.27,1.0241,83,1.24,1.00,96,1.25,1.008,2,1.255,1.012,208,0
SPY190729P302,2019-07-26,2019-07-26 09:42:24.000,1.26,1.0161,16,1.24,1.00,96,1.25,1.008,2,1.25,1.008,208,0
SPY190729P302,2019-07-26,2019-07-26 09:42:24.000,1.26,1.0161,29,1.24,1.00,96,1.25,1.008,2,1.25,1.008,208,0
SPY190729P302,2019-07-26,2019-07-26 09:42:25.000,1.28,1.0322,146,1.25,1.008,16,1.25,1.008,2,1.265,1.0201,208,0
SPY190729P302,2019-07-26,2019-07-26 09:42:25.000,1.28,1.0322,166,1.25,1.008,47,1.25,1.008,2,1.265,1.0201,208,0
SPY190729P302,2019-07-26,2019-07-26 09:42:26.000,1.28,1.0322,171,1.24,1.00,28,1.25,1.008,2,1.26,1.0161,208,0
SPY190729P302,2019-07-26,2019-07-26 09:42:27.000,1.26,1.0161,6,1.23,0.9919,212,1.25,1.008,2,1.245,1.004,208,0
SPY190729P302,2019-07-26,2019-07-26 09:42:28.000,1.25,1.008,110,1.22,0.9838,145,1.25,1.008,2,1.235,0.9959,208,0
SPY190729P302,2019-07-26,2019-07-26 09:42:28.000,1.25,1.008,100,1.22,0.9838,145,1.25,1.008,2,1.235,0.9959,208,0
SPY190729P302,2019-07-26,2019-07-26 09:42:29.000,1.25,1.008,100,1.22,0.9838,23,1.25,1.008,2,1.235,0.9959,208,0
SPY190729P302,2019-07-26,2019-07-26 09:42:29.000,1.25,1.008,100,1.22,0.9838,87,1.25,1.008,2,1.235,0.9959,208,0
SPY190729P302,2019-07-26,2019-07-26 09:42:30.000,1.26,1.0161,181,1.23,0.9919,26,1.25,1.008,2,1.245,1.004,208,0
SPY190729P302,2019-07-26,2019-07-26 09:42:30.000,1.25,1.008,120,1.22,0.9838,147,1.25,1.008,2,1.235,0.9959,208,0
SPY190729P302,2019-07-26,2019-07-26 09:42:31.000,1.26,1.0161,181,1.23,0.9919,26,1.25,1.008,2,1.245,1.004,208,0
SPY190729P302,2019-07-26,2019-07-26 09:42:32.000,1.26,1.0161,181,1.23,0.9919,36,1.25,1.008,2,1.245,1.004,208,0
SPY190729P302,2019-07-26,2019-07-26 09:42:32.000,1.26,1.0161,120,1.23,0.9919,36,1.25,1.008,2,1.245,1.004,208,0
SPY190729P302,2019-07-26,2019-07-26 09:42:33.000,1.25,1.008,154,1.22,0.9838,100,1.25,1.008,2,1.235,0.9959,208,0
SPY190729P302,2019-07-26,2019-07-26 09:42:33.000,1.26,1.0161,141,1.23,0.9919,48,1.25,1.008,2,1.245,1.004,208,0
SPY190729P302,2019-07-26,2019-07-26 09:42:34.000,1.25,1.008,154,1.22,0.9838,81,1.25,1.008,2,1.235,0.9959,208,0
SPY190729P302,2019-07-26,2019-07-26 09:42:35.000,1.25,1.008,144,1.22,0.9838,16,1.25,1.008,2,1.235,0.9959,208,0
SPY190729P302,2019-07-26,2019-07-26 09:42:36.000,1.24,1.00,20,1.22,0.9838,10,1.25,1.008,2,1.23,0.9919,208,0
SPY190729P302,2019-07-26,2019-07-26 09:42:36.000,1.25,1.008,144,1.22,0.9838,36,1.25,1.008,2,1.235,0.9959,208,0
SPY190729P302,2019-07-26,2019-07-26 09:42:37.000,1.24,1.00,26,1.22,0.9838,10,1.25,1.008,2,1.23,0.9919,208,0
SPY190729P302,2019-07-26,2019-07-26 09:42:38.000,1.24,1.00,26,1.22,0.9838,12,1.25,1.008,2,1.23,0.9919,208,0
SPY190729P302,2019-07-26,2019-07-26 09:42:38.000,1.24,1.00,46,1.22,0.9838,12,1.25,1.008,2,1.23,0.9919,208,0
SPY190729P302,2019-07-26,2019-07-26 09:42:39.000,1.24,1.00,46,1.22,0.9838,12,1.25,1.008,2,1.23,0.9919,208,0
SPY190729P302,2019-07-26,2019-07-26 09:42:39.000,1.23,0.9919,130,1.22,0.9838,12,1.25,1.008,2,1.225,0.9879,208,0
SPY190729P302,2019-07-26,2019-07-26 09:42:40.000,1.23,0.9919,176,1.22,0.9838,12,1.25,1.008,2,1.225,0.9879,208,0
SPY190729P302,2019-07-26,2019-07-26 09:42:40.000,1.23,0.9919,130,1.22,0.9838,12,1.25,1.008,2,1.225,0.9879,208,0
SPY190729P302,2019-07-26,2019-07-26 09:42:41.000,1.23,0.9919,176,1.22,0.9838,12,1.25,1.008,2,1.225,0.9879,208,0
SPY190729P302,2019-07-26,2019-07-26 09:42:42.000,1.23,0.9919,176,1.22,0.9838,11,1.22,0.9838,1,1.225,0.9879,209,1
SPY190729P302,2019-07-26,2019-07-26 09:42:42.000,1.23,0.9919,176,1.22,0.9838,11,1.22,0.9838,1,1.225,0.9879,209,0
SPY190729P302,2019-07-26,2019-07-26 09:42:43.000,1.23,0.9919,176,1.22,0.9838,11,1.22,0.9838,1,1.225,0.9879,209,0
SPY190729P302,2019-07-26,2019-07-26 09:42:44.000,1.23,0.9919,176,1.22,0.9838,11,1.22,0.9838,1,1.225,0.9879,209,0
SPY190729P302,2019-07-26,2019-07-26 09:42:44.000,1.23,0.9919,166,1.22,0.9838,11,1.22,0.9838,1,1.225,0.9879,209,0
SPY190729P302,2019-07-26,2019-07-26 09:42:45.000,1.22,0.9838,208,1.20,0.9677,2,1.22,0.9838,11,1.21,0.9758,220,0
SPY190729P302,2019-07-26,2019-07-26 09:42:45.000,1.22,0.9838,100,1.20,0.9677,2,1.22,0.9838,11,1.21,0.9758,220,11
SPY190729P302,2019-07-26,2019-07-26 09:42:46.000,1.22,0.9838,208,1.20,0.9677,2,1.22,0.9838,11,1.21,0.9758,220,0
SPY190729P302,2019-07-26,2019-07-26 09:42:47.000,1.21,0.9758,46,1.20,0.9677,2,1.22,0.9838,11,1.205,0.9717,220,0
SPY190729P302,2019-07-26,2019-07-26 09:42:47.000,1.21,0.9758,120,1.20,0.9677,2,1.22,0.9838,11,1.205,0.9717,220,0
SPY190729P302,2019-07-26,2019-07-26 09:42:48.000,1.20,0.9677,1,1.18,0.9516,6,1.20,0.9677,2,1.19,0.9596,222,2
SPY190729P302,2019-07-26,2019-07-26 09:42:48.000,1.21,0.9758,120,1.20,0.9677,2,1.22,0.9838,11,1.205,0.9717,220,0
SPY190729P302,2019-07-26,2019-07-26 09:42:49.000,1.20,0.9677,172,1.17,0.9435,82,1.20,0.9677,2,1.185,0.9556,222,0
SPY190729P302,2019-07-26,2019-07-26 09:42:50.000,1.20,0.9677,172,1.17,0.9435,82,1.20,0.9677,2,1.185,0.9556,222,0
SPY190729P302,2019-07-26,2019-07-26 09:42:51.000,1.20,0.9677,172,1.17,0.9435,82,1.20,0.9677,2,1.185,0.9556,222,0
SPY190729P302,2019-07-26,2019-07-26 09:42:52.000,1.20,0.9677,120,1.17,0.9435,96,1.20,0.9677,2,1.185,0.9556,222,0
SPY190729P302,2019-07-26,2019-07-26 09:42:52.000,1.20,0.9677,130,1.17,0.9435,100,1.20,0.9677,2,1.185,0.9556,222,0
SPY190729P302,2019-07-26,2019-07-26 09:42:53.000,1.20,0.9677,160,1.17,0.9435,79,1.18,0.9516,12,1.185,0.9556,234,12
SPY190729P302,2019-07-26,2019-07-26 09:42:53.000,1.20,0.9677,160,1.17,0.9435,100,1.20,0.9677,2,1.185,0.9556,222,0
SPY190729P302,2019-07-26,2019-07-26 09:42:54.000,1.20,0.9677,160,1.17,0.9435,79,1.18,0.9516,12,1.185,0.9556,234,0
SPY190729P302,2019-07-26,2019-07-26 09:42:55.000,1.20,0.9677,160,1.17,0.9435,79,1.18,0.9516,12,1.185,0.9556,234,0
SPY190729P302,2019-07-26,2019-07-26 09:42:56.000,1.20,0.9677,160,1.17,0.9435,79,1.18,0.9516,12,1.185,0.9556,234,0
SPY190729P302,2019-07-26,2019-07-26 09:42:57.000,1.20,0.9677,177,1.17,0.9435,79,1.18,0.9516,12,1.185,0.9556,234,0
SPY190729P302,2019-07-26,2019-07-26 09:42:58.000,1.20,0.9677,177,1.17,0.9435,26,1.18,0.9516,12,1.185,0.9556,234,0
SPY190729P302,2019-07-26,2019-07-26 09:42:59.000,1.20,0.9677,177,1.17,0.9435,26,1.18,0.9516,12,1.185,0.9556,234,0
SPY190729P302,2019-07-26,2019-07-26 09:43:00.000,1.20,0.9677,76,1.17,0.9435,82,1.18,0.9516,12,1.185,0.9556,234,0
SPY190729P302,2019-07-26,2019-07-26 09:43:00.000,1.20,0.9677,160,1.17,0.9435,26,1.18,0.9516,12,1.185,0.9556,234,0
SPY190729P302,2019-07-26,2019-07-26 09:43:01.000,1.21,0.9758,155,1.18,0.9516,98,1.18,0.9516,12,1.195,0.9637,234,0
SPY190729P302,2019-07-26,2019-07-26 09:43:01.000,1.21,0.9758,155,1.18,0.9516,108,1.18,0.9516,12,1.195,0.9637,234,0
SPY190729P302,2019-07-26,2019-07-26 09:43:02.000,1.21,0.9758,155,1.18,0.9516,98,1.18,0.9516,12,1.195,0.9637,234,0
SPY190729P302,2019-07-26,2019-07-26 09:43:02.000,1.21,0.9758,155,1.18,0.9516,93,1.18,0.9516,12,1.195,0.9637,234,0
SPY190729P302,2019-07-26,2019-07-26 09:43:03.000,1.21,0.9758,120,1.18,0.9516,98,1.18,0.9516,12,1.195,0.9637,234,0
SPY190729P302,2019-07-26,2019-07-26 09:43:04.000,1.21,0.9758,151,1.18,0.9516,113,1.18,0.9516,12,1.195,0.9637,234,0
SPY190729P302,2019-07-26,2019-07-26 09:43:05.000,1.21,0.9758,151,1.18,0.9516,111,1.18,0.9516,12,1.195,0.9637,234,0
SPY190729P302,2019-07-26,2019-07-26 09:43:05.000,1.21,0.9758,151,1.18,0.9516,151,1.18,0.9516,12,1.195,0.9637,234,0
SPY190729P302,2019-07-26,2019-07-26 09:43:06.000,1.21,0.9758,151,1.18,0.9516,106,1.18,0.9516,12,1.195,0.9637,234,0
SPY190729P302,2019-07-26,2019-07-26 09:43:06.000,1.21,0.9758,120,1.18,0.9516,106,1.18,0.9516,12,1.195,0.9637,234,0
SPY190729P302,2019-07-26,2019-07-26 09:43:07.000,1.21,0.9758,120,1.18,0.9516,106,1.18,0.9516,12,1.195,0.9637,234,0
SPY190729P302,2019-07-26,2019-07-26 09:43:07.000,1.21,0.9758,130,1.18,0.9516,106,1.18,0.9516,12,1.195,0.9637,234,0
SPY190729P302,2019-07-26,2019-07-26 09:43:08.000,1.21,0.9758,26,1.18,0.9516,106,1.18,0.9516,12,1.195,0.9637,234,0
SPY190729P302,2019-07-26,2019-07-26 09:43:09.000,1.21,0.9758,26,1.19,0.9596,30,1.18,0.9516,12,1.20,0.9677,234,0
SPY190729P302,2019-07-26,2019-07-26 09:43:09.000,1.21,0.9758,26,1.19,0.9596,100,1.18,0.9516,12,1.20,0.9677,234,0
SPY190729P302,2019-07-26,2019-07-26 09:43:10.000,1.21,0.9758,100,1.18,0.9516,211,1.18,0.9516,12,1.195,0.9637,234,0
SPY190729P302,2019-07-26,2019-07-26 09:43:10.000,1.21,0.9758,26,1.19,0.9596,40,1.18,0.9516,12,1.20,0.9677,234,0
SPY190729P302,2019-07-26,2019-07-26 09:43:11.000,1.24,1.00,100,1.20,0.9677,178,1.18,0.9516,12,1.22,0.9838,234,0
SPY190729P302,2019-07-26,2019-07-26 09:43:11.000,1.22,0.9838,26,1.20,0.9677,24,1.18,0.9516,12,1.21,0.9758,234,0
SPY190729P302,2019-07-26,2019-07-26 09:43:12.000,1.24,1.00,80,1.21,0.9758,76,1.18,0.9516,12,1.225,0.9879,234,0
SPY190729P302,2019-07-26,2019-07-26 09:43:12.000,1.24,1.00,148,1.21,0.9758,76,1.18,0.9516,12,1.225,0.9879,234,0
SPY190729P302,2019-07-26,2019-07-26 09:43:13.000,1.24,1.00,80,1.20,0.9677,100,1.18,0.9516,12,1.22,0.9838,234,0
SPY190729P302,2019-07-26,2019-07-26 09:43:14.000,1.24,1.00,80,1.20,0.9677,110,1.18,0.9516,12,1.22,0.9838,234,0
SPY190729P302,2019-07-26,2019-07-26 09:43:15.000,1.23,0.9919,173,1.20,0.9677,110,1.18,0.9516,12,1.215,0.9798,234,0
SPY190729P302,2019-07-26,2019-07-26 09:43:15.000,1.22,0.9838,120,1.19,0.9596,110,1.18,0.9516,12,1.205,0.9717,234,0
SPY190729P302,2019-07-26,2019-07-26 09:43:16.000,1.22,0.9838,120,1.19,0.9596,46,1.18,0.9516,12,1.205,0.9717,234,0
SPY190729P302,2019-07-26,2019-07-26 09:43:16.000,1.21,0.9758,20,1.19,0.9596,26,1.18,0.9516,12,1.20,0.9677,234,0
SPY190729P302,2019-07-26,2019-07-26 09:43:17.000,1.22,0.9838,159,1.19,0.9596,26,1.18,0.9516,12,1.205,0.9717,234,0
SPY190729P302,2019-07-26,2019-07-26 09:43:18.000,1.22,0.9838,159,1.18,0.9516,180,1.18,0.9516,12,1.20,0.9677,234,0
SPY190729P302,2019-07-26,2019-07-26 09:43:19.000,1.21,0.9758,20,1.18,0.9516,180,1.18,0.9516,12,1.195,0.9637,234,0
SPY190729P302,2019-07-26,2019-07-26 09:43:20.000,1.21,0.9758,130,1.18,0.9516,120,1.18,0.9516,12,1.195,0.9637,234,0
SPY190729P302,2019-07-26,2019-07-26 09:43:21.000,1.21,0.9758,130,1.18,0.9516,155,1.18,0.9516,12,1.195,0.9637,234,0
SPY190729P302,2019-07-26,2019-07-26 09:43:22.000,1.21,0.9758,130,1.18,0.9516,100,1.18,0.9516,12,1.195,0.9637,234,0
SPY190729P302,2019-07-26,2019-07-26 09:43:23.000,1.21,0.9758,130,1.18,0.9516,155,1.18,0.9516,12,1.195,0.9637,234,0
SPY190729P302,2019-07-26,2019-07-26 09:43:24.000,1.21,0.9758,130,1.18,0.9516,155,1.18,0.9516,12,1.195,0.9637,234,0
SPY190729P302,2019-07-26,2019-07-26 09:43:24.000,1.21,0.9758,130,1.18,0.9516,120,1.18,0.9516,12,1.195,0.9637,234,0
SPY190729P302,2019-07-26,2019-07-26 09:43:25.000,1.21,0.9758,130,1.18,0.9516,122,1.18,0.9516,12,1.195,0.9637,234,0
SPY190729P302,2019-07-26,2019-07-26 09:43:26.000,1.21,0.9758,130,1.18,0.9516,110,1.18,0.9516,12,1.195,0.9637,234,0
SPY190729P302,2019-07-26,2019-07-26 09:43:27.000,1.21,0.9758,130,1.18,0.9516,110,1.18,0.9516,12,1.195,0.9637,234,0
SPY190729P302,2019-07-26,2019-07-26 09:43:28.000,1.23,0.9919,173,1.20,0.9677,76,1.18,0.9516,12,1.215,0.9798,234,0
SPY190729P302,2019-07-26,2019-07-26 09:43:28.000,1.22,0.9838,20,1.19,0.9596,98,1.18,0.9516,12,1.205,0.9717,234,0
SPY190729P302,2019-07-26,2019-07-26 09:43:29.000,1.23,0.9919,173,1.19,0.9596,223,1.18,0.9516,12,1.21,0.9758,234,0
SPY190729P302,2019-07-26,2019-07-26 09:43:29.000,1.22,0.9838,24,1.19,0.9596,152,1.18,0.9516,12,1.205,0.9717,234,0
SPY190729P302,2019-07-26,2019-07-26 09:43:30.000,1.22,0.9838,120,1.19,0.9596,148,1.18,0.9516,12,1.205,0.9717,234,0
SPY190729P302,2019-07-26,2019-07-26 09:43:30.000,1.22,0.9838,24,1.19,0.9596,148,1.18,0.9516,12,1.205,0.9717,234,0
SPY190729P302,2019-07-26,2019-07-26 09:43:31.000,1.22,0.9838,208,1.18,0.9516,219,1.18,0.9516,12,1.20,0.9677,234,0
SPY190729P302,2019-07-26,2019-07-26 09:43:32.000,1.22,0.9838,130,1.19,0.9596,98,1.18,0.9516,12,1.205,0.9717,234,0
SPY190729P302,2019-07-26,2019-07-26 09:43:32.000,1.22,0.9838,208,1.18,0.9516,219,1.18,0.9516,12,1.20,0.9677,234,0
SPY190729P302,2019-07-26,2019-07-26 09:43:33.000,1.21,0.9758,100,1.19,0.9596,20,1.18,0.9516,12,1.20,0.9677,234,0
SPY190729P302,2019-07-26,2019-07-26 09:43:33.000,1.22,0.9838,159,1.19,0.9596,93,1.18,0.9516,12,1.205,0.9717,234,0
SPY190729P302,2019-07-26,2019-07-26 09:43:34.000,1.21,0.9758,130,1.18,0.9516,126,1.18,0.9516,12,1.195,0.9637,234,0
SPY190729P302,2019-07-26,2019-07-26 09:43:34.000,1.21,0.9758,100,1.18,0.9516,126,1.18,0.9516,12,1.195,0.9637,234,0
SPY190729P302,2019-07-26,2019-07-26 09:43:35.000,1.21,0.9758,130,1.18,0.9516,126,1.18,0.9516,12,1.195,0.9637,234,0
SPY190729P302,2019-07-26,2019-07-26 09:43:36.000,1.21,0.9758,130,1.18,0.9516,126,1.18,0.9516,12,1.195,0.9637,234,0
SPY190729P302,2019-07-26,2019-07-26 09:43:37.000,1.21,0.9758,157,1.18,0.9516,170,1.18,0.9516,12,1.195,0.9637,234,0
SPY190729P302,2019-07-26,2019-07-26 09:43:37.000,1.21,0.9758,147,1.18,0.9516,170,1.18,0.9516,12,1.195,0.9637,234,0
SPY190729P302,2019-07-26,2019-07-26 09:43:38.000,1.21,0.9758,26,1.18,0.9516,170,1.18,0.9516,12,1.195,0.9637,234,0
SPY190729P302,2019-07-26,2019-07-26 09:43:38.000,1.21,0.9758,46,1.18,0.9516,218,1.18,0.9516,12,1.195,0.9637,234,0
SPY190729P302,2019-07-26,2019-07-26 09:43:39.000,1.21,0.9758,30,1.18,0.9516,130,1.18,0.9516,12,1.195,0.9637,234,0
SPY190729P302,2019-07-26,2019-07-26 09:43:40.000,1.21,0.9758,30,1.18,0.9516,188,1.18,0.9516,12,1.195,0.9637,234,0
SPY190729P302,2019-07-26,2019-07-26 09:43:41.000,1.21,0.9758,26,1.18,0.9516,188,1.18,0.9516,12,1.195,0.9637,234,0
SPY190729P302,2019-07-26,2019-07-26 09:43:41.000,1.21,0.9758,26,1.19,0.9596,20,1.18,0.9516,12,1.20,0.9677,234,0
SPY190729P302,2019-07-26,2019-07-26 09:43:42.000,1.21,0.9758,30,1.18,0.9516,155,1.18,0.9516,12,1.195,0.9637,234,0
SPY190729P302,2019-07-26,2019-07-26 09:43:42.000,1.21,0.9758,58,1.18,0.9516,130,1.18,0.9516,12,1.195,0.9637,234,0
SPY190729P302,2019-07-26,2019-07-26 09:43:43.000,1.21,0.9758,58,1.18,0.9516,130,1.18,0.9516,12,1.195,0.9637,234,0
SPY190729P302,2019-07-26,2019-07-26 09:43:43.000,1.21,0.9758,58,1.19,0.9596,20,1.18,0.9516,12,1.20,0.9677,234,0
SPY190729P302,2019-07-26,2019-07-26 09:43:44.000,1.21,0.9758,23,1.20,0.9677,1,1.18,0.9516,12,1.205,0.9717,234,0
SPY190729P302,2019-07-26,2019-07-26 09:43:45.000,1.21,0.9758,60,1.20,0.9677,1,1.18,0.9516,12,1.205,0.9717,234,0
SPY190729P302,2019-07-26,2019-07-26 09:43:46.000,1.21,0.9758,30,1.20,0.9677,1,1.18,0.9516,12,1.205,0.9717,234,0
SPY190729P302,2019-07-26,2019-07-26 09:43:46.000,1.21,0.9758,26,1.20,0.9677,1,1.18,0.9516,12,1.205,0.9717,234,0
SPY190729P302,2019-07-26,2019-07-26 09:43:47.000,1.21,0.9758,26,1.20,0.9677,1,1.18,0.9516,12,1.205,0.9717,234,0
SPY190729P302,2019-07-26,2019-07-26 09:43:47.000,1.21,0.9758,26,1.20,0.9677,7,1.18,0.9516,12,1.205,0.9717,234,0
SPY190729P302,2019-07-26,2019-07-26 09:43:48.000,1.22,0.9838,100,1.20,0.9677,20,1.18,0.9516,12,1.21,0.9758,234,0
SPY190729P302,2019-07-26,2019-07-26 09:43:49.000,1.22,0.9838,187,1.20,0.9677,20,1.18,0.9516,12,1.21,0.9758,234,0
SPY190729P302,2019-07-26,2019-07-26 09:43:50.000,1.22,0.9838,207,1.20,0.9677,20,1.18,0.9516,12,1.21,0.9758,234,0
SPY190729P302,2019-07-26,2019-07-26 09:43:51.000,1.22,0.9838,187,1.20,0.9677,20,1.18,0.9516,12,1.21,0.9758,234,0
SPY190729P302,2019-07-26,2019-07-26 09:43:52.000,1.23,0.9919,199,1.20,0.9677,68,1.18,0.9516,12,1.215,0.9798,234,0
SPY190729P302,2019-07-26,2019-07-26 09:43:52.000,1.22,0.9838,187,1.20,0.9677,7,1.18,0.9516,12,1.21,0.9758,234,0
SPY190729P302,2019-07-26,2019-07-26 09:43:53.000,1.23,0.9919,199,1.20,0.9677,68,1.18,0.9516,12,1.215,0.9798,234,0
SPY190729P302,2019-07-26,2019-07-26 09:43:54.000,1.23,0.9919,199,1.20,0.9677,68,1.18,0.9516,12,1.215,0.9798,234,0
SPY190729P302,2019-07-26,2019-07-26 09:43:54.000,1.23,0.9919,193,1.20,0.9677,114,1.18,0.9516,12,1.215,0.9798,234,0
SPY190729P302,2019-07-26,2019-07-26 09:43:55.000,1.24,1.00,142,1.21,0.9758,24,1.18,0.9516,12,1.225,0.9879,234,0
SPY190729P302,2019-07-26,2019-07-26 09:43:55.000,1.25,1.008,198,1.21,0.9758,98,1.18,0.9516,12,1.23,0.9919,234,0
SPY190729P302,2019-07-26,2019-07-26 09:43:56.000,1.24,1.00,26,1.21,0.9758,98,1.18,0.9516,12,1.225,0.9879,234,0
SPY190729P302,2019-07-26,2019-07-26 09:43:57.000,1.23,0.9919,120,1.20,0.9677,93,1.18,0.9516,12,1.215,0.9798,234,0
SPY190729P302,2019-07-26,2019-07-26 09:43:57.000,1.23,0.9919,120,1.20,0.9677,98,1.18,0.9516,12,1.215,0.9798,234,0
SPY190729P302,2019-07-26,2019-07-26 09:43:58.000,1.23,0.9919,159,1.20,0.9677,94,1.18,0.9516,12,1.215,0.9798,234,0
SPY190729P302,2019-07-26,2019-07-26 09:43:58.000,1.23,0.9919,159,1.20,0.9677,26,1.18,0.9516,12,1.215,0.9798,234,0
SPY190729P302,2019-07-26,2019-07-26 09:43:59.000,1.23,0.9919,159,1.20,0.9677,26,1.23,0.9919,1,1.215,0.9798,244,10
SPY190729P302,2019-07-26,2019-07-26 09:43:59.000,1.22,0.9838,110,1.20,0.9677,20,1.23,0.9919,1,1.21,0.9758,244,0
SPY190729P302,2019-07-26,2019-07-26 09:44:00.000,1.22,0.9838,130,1.19,0.9596,75,1.23,0.9919,1,1.205,0.9717,244,0
SPY190729P302,2019-07-26,2019-07-26 09:44:01.000,1.22,0.9838,151,1.19,0.9596,62,1.22,0.9838,1,1.205,0.9717,245,0
SPY190729P302,2019-07-26,2019-07-26 09:44:01.000,1.22,0.9838,120,1.19,0.9596,57,1.22,0.9838,1,1.205,0.9717,245,1
SPY190729P302,2019-07-26,2019-07-26 09:44:02.000,1.21,0.9758,100,1.19,0.9596,20,1.22,0.9838,1,1.20,0.9677,245,0
SPY190729P302,2019-07-26,2019-07-26 09:44:02.000,1.21,0.9758,28,1.19,0.9596,20,1.22,0.9838,1,1.20,0.9677,245,0
SPY190729P302,2019-07-26,2019-07-26 09:44:03.000,1.20,0.9677,100,1.19,0.9596,20,1.22,0.9838,1,1.195,0.9637,245,0
SPY190729P302,2019-07-26,2019-07-26 09:44:03.000,1.21,0.9758,130,1.19,0.9596,20,1.22,0.9838,1,1.20,0.9677,245,0
SPY190729P302,2019-07-26,2019-07-26 09:44:04.000,1.20,0.9677,10,1.19,0.9596,20,1.22,0.9838,1,1.195,0.9637,245,0
SPY190729P302,2019-07-26,2019-07-26 09:44:05.000,1.21,0.9758,130,1.19,0.9596,20,1.22,0.9838,1,1.20,0.9677,245,0
SPY190729P302,2019-07-26,2019-07-26 09:44:05.000,1.21,0.9758,120,1.19,0.9596,20,1.22,0.9838,1,1.20,0.9677,245,0
SPY190729P302,2019-07-26,2019-07-26 09:44:06.000,1.21,0.9758,20,1.19,0.9596,20,1.22,0.9838,1,1.20,0.9677,245,0
SPY190729P302,2019-07-26,2019-07-26 09:44:07.000,1.21,0.9758,130,1.18,0.9516,159,1.22,0.9838,1,1.195,0.9637,245,0
SPY190729P302,2019-07-26,2019-07-26 09:44:07.000,1.21,0.9758,120,1.19,0.9596,20,1.22,0.9838,1,1.20,0.9677,245,0
SPY190729P302,2019-07-26,2019-07-26 09:44:08.000,1.21,0.9758,156,1.18,0.9516,190,1.22,0.9838,1,1.195,0.9637,245,0
SPY190729P302,2019-07-26,2019-07-26 09:44:09.000,1.21,0.9758,156,1.18,0.9516,159,1.22,0.9838,1,1.195,0.9637,245,0
SPY190729P302,2019-07-26,2019-07-26 09:44:10.000,1.21,0.9758,26,1.19,0.9596,7,1.22,0.9838,1,1.20,0.9677,245,0
SPY190729P302,2019-07-26,2019-07-26 09:44:11.000,1.22,0.9838,120,1.19,0.9596,98,1.22,0.9838,1,1.205,0.9717,245,0
SPY190729P302,2019-07-26,2019-07-26 09:44:11.000,1.21,0.9758,26,1.19,0.9596,7,1.22,0.9838,1,1.20,0.9677,245,0
SPY190729P302,2019-07-26,2019-07-26 09:44:12.000,1.22,0.9838,100,1.20,0.9677,26,1.22,0.9838,1,1.21,0.9758,245,0
SPY190729P302,2019-07-26,2019-07-26 09:44:13.000,1.22,0.9838,130,1.19,0.9596,196,1.22,0.9838,1,1.205,0.9717,245,0
SPY190729P302,2019-07-26,2019-07-26 09:44:14.000,1.22,0.9838,130,1.19,0.9596,196,1.22,0.9838,1,1.205,0.9717,245,0
SPY190729P302,2019-07-26,2019-07-26 09:44:15.000,1.22,0.9838,120,1.20,0.9677,26,1.22,0.9838,1,1.21,0.9758,245,0
SPY190729P302,2019-07-26,2019-07-26 09:44:15.000,1.22,0.9838,20,1.20,0.9677,20,1.22,0.9838,1,1.21,0.9758,245,0
SPY190729P302,2019-07-26,2019-07-26 09:44:16.000,1.22,0.9838,20,1.20,0.9677,20,1.22,0.9838,1,1.21,0.9758,245,0
SPY190729P302,2019-07-26,2019-07-26 09:44:17.000,1.22,0.9838,120,1.19,0.9596,126,1.22,0.9838,1,1.205,0.9717,245,0
SPY190729P302,2019-07-26,2019-07-26 09:44:18.000,1.22,0.9838,120,1.20,0.9677,1,1.22,0.9838,1,1.21,0.9758,245,0
SPY190729P302,2019-07-26,2019-07-26 09:44:19.000,1.22,0.9838,155,1.20,0.9677,1,1.22,0.9838,1,1.21,0.9758,245,0
SPY190729P302,2019-07-26,2019-07-26 09:44:20.000,1.22,0.9838,155,1.20,0.9677,1,1.22,0.9838,1,1.21,0.9758,245,0
SPY190729P302,2019-07-26,2019-07-26 09:44:21.000,1.22,0.9838,120,1.20,0.9677,1,1.22,0.9838,1,1.21,0.9758,245,0
SPY190729P302,2019-07-26,2019-07-26 09:44:22.000,1.22,0.9838,120,1.20,0.9677,26,1.22,0.9838,1,1.21,0.9758,245,0
SPY190729P302,2019-07-26,2019-07-26 09:44:22.000,1.23,0.9919,193,1.20,0.9677,35,1.22,0.9838,1,1.215,0.9798,245,0
SPY190729P302,2019-07-26,2019-07-26 09:44:23.000,1.23,0.9919,193,1.20,0.9677,46,1.22,0.9838,1,1.215,0.9798,245,0
SPY190729P302,2019-07-26,2019-07-26 09:44:23.000,1.24,1.00,87,1.21,0.9758,61,1.22,0.9838,1,1.225,0.9879,245,0
SPY190729P302,2019-07-26,2019-07-26 09:44:24.000,1.23,0.9919,7,1.21,0.9758,61,1.22,0.9838,1,1.22,0.9838,245,0
SPY190729P302,2019-07-26,2019-07-26 09:44:24.000,1.24,1.00,50,1.21,0.9758,85,1.22,0.9838,1,1.225,0.9879,245,0
SPY190729P302,2019-07-26,2019-07-26 09:44:25.000,1.23,0.9919,10,1.21,0.9758,61,1.22,0.9838,1,1.22,0.9838,245,0
SPY190729P302,2019-07-26,2019-07-26 09:44:26.000,1.23,0.9919,100,1.21,0.9758,26,1.22,0.9838,1,1.22,0.9838,245,0
SPY190729P302,2019-07-26,2019-07-26 09:44:26.000,1.23,0.9919,7,1.21,0.9758,26,1.22,0.9838,1,1.22,0.9838,245,0
SPY190729P302,2019-07-26,2019-07-26 09:44:27.000,1.23,0.9919,7,1.21,0.9758,26,1.22,0.9838,1,1.22,0.9838,245,0
SPY190729P302,2019-07-26,2019-07-26 09:44:27.000,1.24,1.00,183,1.22,0.9838,1,1.22,0.9838,1,1.23,0.9919,245,0
SPY190729P302,2019-07-26,2019-07-26 09:44:28.000,1.24,1.00,167,1.22,0.9838,1,1.22,0.9838,1,1.23,0.9919,245,0
SPY190729P302,2019-07-26,2019-07-26 09:44:28.000,1.24,1.00,183,1.22,0.9838,1,1.22,0.9838,1,1.23,0.9919,245,0
SPY190729P302,2019-07-26,2019-07-26 09:44:29.000,1.24,1.00,167,1.22,0.9838,1,1.22,0.9838,1,1.23,0.9919,245,0
SPY190729P302,2019-07-26,2019-07-26 09:44:30.000,1.24,1.00,167,1.22,0.9838,1,1.22,0.9838,1,1.23,0.9919,245,0
SPY190729P302,2019-07-26,2019-07-26 09:44:31.000,1.24,1.00,172,1.22,0.9838,1,1.22,0.9838,1,1.23,0.9919,245,0
SPY190729P302,2019-07-26,2019-07-26 09:44:31.000,1.23,0.9919,26,1.22,0.9838,1,1.22,0.9838,1,1.225,0.9879,245,0
SPY190729P302,2019-07-26,2019-07-26 09:44:32.000,1.23,0.9919,193,1.20,0.9677,26,1.22,0.9838,1,1.215,0.9798,246,0
SPY190729P302,2019-07-26,2019-07-26 09:44:32.000,1.24,1.00,172,1.21,0.9758,20,1.22,0.9838,1,1.225,0.9879,246,1
SPY190729P302,2019-07-26,2019-07-26 09:44:33.000,1.22,0.9838,120,1.19,0.9596,130,1.22,0.9838,1,1.205,0.9717,246,0
SPY190729P302,2019-07-26,2019-07-26 09:44:33.000,1.23,0.9919,193,1.19,0.9596,120,1.22,0.9838,1,1.21,0.9758,246,0
SPY190729P302,2019-07-26,2019-07-26 09:44:34.000,1.22,0.9838,100,1.19,0.9596,130,1.22,0.9838,1,1.205,0.9717,246,0
SPY190729P302,2019-07-26,2019-07-26 09:44:35.000,1.22,0.9838,120,1.19,0.9596,130,1.22,0.9838,1,1.205,0.9717,246,0
SPY190729P302,2019-07-26,2019-07-26 09:44:35.000,1.22,0.9838,100,1.19,0.9596,120,1.22,0.9838,1,1.205,0.9717,246,0
SPY190729P302,2019-07-26,2019-07-26 09:44:36.000,1.22,0.9838,120,1.19,0.9596,130,1.22,0.9838,1,1.205,0.9717,246,0
SPY190729P302,2019-07-26,2019-07-26 09:44:36.000,1.22,0.9838,100,1.19,0.9596,130,1.22,0.9838,1,1.205,0.9717,246,0
SPY190729P302,2019-07-26,2019-07-26 09:44:37.000,1.22,0.9838,120,1.19,0.9596,120,1.22,0.9838,1,1.205,0.9717,246,0
SPY190729P302,2019-07-26,2019-07-26 09:44:37.000,1.22,0.9838,120,1.20,0.9677,26,1.22,0.9838,1,1.21,0.9758,246,0
SPY190729P302,2019-07-26,2019-07-26 09:44:38.000,1.22,0.9838,100,1.19,0.9596,120,1.22,0.9838,1,1.205,0.9717,246,0
SPY190729P302,2019-07-26,2019-07-26 09:44:39.000,1.22,0.9838,120,1.19,0.9596,120,1.22,0.9838,1,1.205,0.9717,246,0
SPY190729P302,2019-07-26,2019-07-26 09:44:40.000,1.22,0.9838,120,1.19,0.9596,130,1.22,0.9838,1,1.205,0.9717,246,0
SPY190729P302,2019-07-26,2019-07-26 09:44:40.000,1.22,0.9838,100,1.19,0.9596,130,1.22,0.9838,1,1.205,0.9717,246,0
SPY190729P302,2019-07-26,2019-07-26 09:44:41.000,1.22,0.9838,100,1.19,0.9596,120,1.22,0.9838,1,1.205,0.9717,246,0
SPY190729P302,2019-07-26,2019-07-26 09:44:41.000,1.22,0.9838,100,1.19,0.9596,130,1.22,0.9838,1,1.205,0.9717,246,0
SPY190729P302,2019-07-26,2019-07-26 09:44:42.000,1.22,0.9838,120,1.19,0.9596,120,1.22,0.9838,1,1.205,0.9717,246,0
SPY190729P302,2019-07-26,2019-07-26 09:44:43.000,1.22,0.9838,177,1.18,0.9516,131,1.22,0.9838,1,1.20,0.9677,246,0
SPY190729P302,2019-07-26,2019-07-26 09:44:43.000,1.22,0.9838,167,1.19,0.9596,20,1.22,0.9838,1,1.205,0.9717,246,0
SPY190729P302,2019-07-26,2019-07-26 09:44:44.000,1.21,0.9758,120,1.18,0.9516,120,1.22,0.9838,1,1.195,0.9637,246,0
SPY190729P302,2019-07-26,2019-07-26 09:44:45.000,1.21,0.9758,120,1.18,0.9516,130,1.22,0.9838,1,1.195,0.9637,246,0
SPY190729P302,2019-07-26,2019-07-26 09:44:45.000,1.22,0.9838,172,1.19,0.9596,73,1.22,0.9838,1,1.205,0.9717,246,0
SPY190729P302,2019-07-26,2019-07-26 09:44:46.000,1.22,0.9838,70,1.19,0.9596,76,1.22,0.9838,1,1.205,0.9717,246,0
SPY190729P302,2019-07-26,2019-07-26 09:44:46.000,1.22,0.9838,71,1.19,0.9596,78,1.22,0.9838,1,1.205,0.9717,246,0
SPY190729P302,2019-07-26,2019-07-26 09:44:47.000,1.22,0.9838,70,1.19,0.9596,76,1.22,0.9838,1,1.205,0.9717,246,0
SPY190729P302,2019-07-26,2019-07-26 09:44:48.000,1.22,0.9838,146,1.19,0.9596,56,1.22,0.9838,1,1.205,0.9717,246,0
SPY190729P302,2019-07-26,2019-07-26 09:44:49.000,1.22,0.9838,26,1.19,0.9596,67,1.22,0.9838,1,1.205,0.9717,246,0
SPY190729P302,2019-07-26,2019-07-26 09:44:49.000,1.22,0.9838,26,1.19,0.9596,85,1.22,0.9838,1,1.205,0.9717,246,0
SPY190729P302,2019-07-26,2019-07-26 09:44:50.000,1.22,0.9838,20,1.19,0.9596,122,1.22,0.9838,1,1.205,0.9717,246,0
SPY190729P302,2019-07-26,2019-07-26 09:44:51.000,1.22,0.9838,20,1.19,0.9596,68,1.22,0.9838,1,1.205,0.9717,246,0
SPY190729P302,2019-07-26,2019-07-26 09:44:51.000,1.22,0.9838,20,1.19,0.9596,122,1.22,0.9838,1,1.205,0.9717,246,0
SPY190729P302,2019-07-26,2019-07-26 09:44:52.000,1.22,0.9838,162,1.19,0.9596,68,1.22,0.9838,1,1.205,0.9717,246,0
SPY190729P302,2019-07-26,2019-07-26 09:44:53.000,1.22,0.9838,69,1.19,0.9596,68,1.22,0.9838,1,1.205,0.9717,246,0
SPY190729P302,2019-07-26,2019-07-26 09:44:54.000,1.22,0.9838,44,1.19,0.9596,68,1.22,0.9838,1,1.205,0.9717,246,0
SPY190729P302,2019-07-26,2019-07-26 09:44:55.000,1.22,0.9838,44,1.19,0.9596,68,1.22,0.9838,1,1.205,0.9717,246,0
SPY190729P302,2019-07-26,2019-07-26 09:44:55.000,1.23,0.9919,189,1.20,0.9677,93,1.22,0.9838,1,1.215,0.9798,246,0
SPY190729P302,2019-07-26,2019-07-26 09:44:56.000,1.23,0.9919,189,1.20,0.9677,46,1.22,0.9838,1,1.215,0.9798,246,0
SPY190729P302,2019-07-26,2019-07-26 09:44:56.000,1.22,0.9838,46,1.19,0.9596,120,1.22,0.9838,1,1.205,0.9717,246,0
SPY190729P302,2019-07-26,2019-07-26 09:44:57.000,1.22,0.9838,46,1.19,0.9596,120,1.22,0.9838,1,1.205,0.9717,246,0
SPY190729P302,2019-07-26,2019-07-26 09:44:57.000,1.22,0.9838,66,1.19,0.9596,76,1.22,0.9838,1,1.205,0.9717,246,0
SPY190729P302,2019-07-26,2019-07-26 09:44:58.000,1.21,0.9758,100,1.18,0.9516,120,1.22,0.9838,1,1.195,0.9637,246,0
SPY190729P302,2019-07-26,2019-07-26 09:44:59.000,1.21,0.9758,123,1.18,0.9516,130,1.22,0.9838,1,1.195,0.9637,246,0
SPY190729P302,2019-07-26,2019-07-26 09:45:00.000,1.20,0.9677,100,1.18,0.9516,20,1.22,0.9838,1,1.19,0.9596,246,0
SPY190729P302,2019-07-26,2019-07-26 09:45:00.000,1.20,0.9677,100,1.18,0.9516,26,1.22,0.9838,1,1.19,0.9596,246,0
SPY190729P302,2019-07-26,2019-07-26 09:45:01.000,1.20,0.9677,100,1.17,0.9435,100,1.22,0.9838,1,1.185,0.9556,246,0
SPY190729P302,2019-07-26,2019-07-26 09:45:01.000,1.20,0.9677,100,1.18,0.9516,26,1.22,0.9838,1,1.19,0.9596,246,0
SPY190729P302,2019-07-26,2019-07-26 09:45:02.000,1.19,0.9596,26,1.16,0.9354,178,1.22,0.9838,1,1.175,0.9475,246,0
SPY190729P302,2019-07-26,2019-07-26 09:45:02.000,1.20,0.9677,100,1.16,0.9354,178,1.22,0.9838,1,1.18,0.9516,246,0
SPY190729P302,2019-07-26,2019-07-26 09:45:03.000,1.20,0.9677,6,1.18,0.9516,20,1.22,0.9838,1,1.19,0.9596,246,0
SPY190729P302,2019-07-26,2019-07-26 09:45:04.000,1.22,0.9838,100,1.20,0.9677,26,1.22,0.9838,1,1.21,0.9758,246,0
SPY190729P302,2019-07-26,2019-07-26 09:45:04.000,1.21,0.9758,173,1.18,0.9516,61,1.22,0.9838,1,1.195,0.9637,246,0
SPY190729P302,2019-07-26,2019-07-26 09:45:05.000,1.22,0.9838,157,1.20,0.9677,26,1.22,0.9838,1,1.21,0.9758,246,0
SPY190729P302,2019-07-26,2019-07-26 09:45:05.000,1.23,0.9919,198,1.20,0.9677,26,1.22,0.9838,1,1.215,0.9798,246,0
SPY190729P302,2019-07-26,2019-07-26 09:45:06.000,1.22,0.9838,177,1.20,0.9677,26,1.22,0.9838,1,1.21,0.9758,246,0
SPY190729P302,2019-07-26,2019-07-26 09:45:06.000,1.22,0.9838,177,1.19,0.9596,26,1.22,0.9838,1,1.205,0.9717,246,0
SPY190729P302,2019-07-26,2019-07-26 09:45:07.000,1.22,0.9838,192,1.19,0.9596,26,1.22,0.9838,1,1.205,0.9717,246,0
SPY190729P302,2019-07-26,2019-07-26 09:45:08.000,1.22,0.9838,192,1.19,0.9596,26,1.22,0.9838,1,1.205,0.9717,246,0
SPY190729P302,2019-07-26,2019-07-26 09:45:09.000,1.22,0.9838,192,1.19,0.9596,26,1.22,0.9838,1,1.205,0.9717,246,0
SPY190729P302,2019-07-26,2019-07-26 09:45:09.000,1.22,0.9838,192,1.18,0.9516,165,1.22,0.9838,1,1.20,0.9677,246,0
SPY190729P302,2019-07-26,2019-07-26 09:45:10.000,1.22,0.9838,187,1.19,0.9596,26,1.22,0.9838,1,1.205,0.9717,246,0
SPY190729P302,2019-07-26,2019-07-26 09:45:10.000,1.24,1.00,50,1.21,0.9758,193,1.22,0.9838,1,1.225,0.9879,246,0
SPY190729P302,2019-07-26,2019-07-26 09:45:11.000,1.24,1.00,50,1.22,0.9838,20,1.22,0.9838,1,1.23,0.9919,246,0
SPY190729P302,2019-07-26,2019-07-26 09:45:12.000,1.24,1.00,50,1.21,0.9758,120,1.22,0.9838,1,1.225,0.9879,246,0
SPY190729P302,2019-07-26,2019-07-26 09:45:13.000,1.24,1.00,50,1.21,0.9758,130,1.22,0.9838,1,1.225,0.9879,246,0
SPY190729P302,2019-07-26,2019-07-26 09:45:14.000,1.24,1.00,50,1.21,0.9758,120,1.22,0.9838,1,1.225,0.9879,246,0
SPY190729P302,2019-07-26,2019-07-26 09:45:15.000,1.24,1.00,203,1.21,0.9758,84,1.22,0.9838,1,1.225,0.9879,246,0
SPY190729P302,2019-07-26,2019-07-26 09:45:15.000,1.24,1.00,203,1.21,0.9758,79,1.22,0.9838,1,1.225,0.9879,246,0
SPY190729P302,2019-07-26,2019-07-26 09:45:16.000,1.24,1.00,203,1.21,0.9758,26,1.22,0.9838,1,1.225,0.9879,246,0
SPY190729P302,2019-07-26,2019-07-26 09:45:16.000,1.24,1.00,203,1.21,0.9758,84,1.22,0.9838,1,1.225,0.9879,246,0
SPY190729P302,2019-07-26,2019-07-26 09:45:17.000,1.24,1.00,203,1.21,0.9758,26,1.22,0.9838,1,1.225,0.9879,246,0
SPY190729P302,2019-07-26,2019-07-26 09:45:17.000,1.24,1.00,105,1.21,0.9758,26,1.22,0.9838,1,1.225,0.9879,246,0
SPY190729P302,2019-07-26,2019-07-26 09:45:18.000,1.23,0.9919,193,1.20,0.9677,110,1.22,0.9838,1,1.215,0.9798,246,0
SPY190729P302,2019-07-26,2019-07-26 09:45:19.000,1.24,1.00,188,1.20,0.9677,194,1.22,0.9838,1,1.22,0.9838,246,0
SPY190729P302,2019-07-26,2019-07-26 09:45:19.000,1.23,0.9919,30,1.20,0.9677,211,1.22,0.9838,1,1.215,0.9798,246,0
SPY190729P302,2019-07-26,2019-07-26 09:45:20.000,1.22,0.9838,20,1.19,0.9596,198,1.22,0.9838,1,1.205,0.9717,246,0
SPY190729P302,2019-07-26,2019-07-26 09:45:20.000,1.23,0.9919,5,1.20,0.9677,10,1.22,0.9838,1,1.215,0.9798,246,0
SPY190729P302,2019-07-26,2019-07-26 09:45:21.000,1.22,0.9838,20,1.19,0.9596,198,1.22,0.9838,1,1.205,0.9717,246,0
SPY190729P302,2019-07-26,2019-07-26 09:45:21.000,1.22,0.9838,30,1.19,0.9596,198,1.22,0.9838,1,1.205,0.9717,246,0
SPY190729P302,2019-07-26,2019-07-26 09:45:22.000,1.23,0.9919,230,1.20,0.9677,35,1.22,0.9838,1,1.215,0.9798,246,0
SPY190729P302,2019-07-26,2019-07-26 09:45:22.000,1.22,0.9838,20,1.19,0.9596,198,1.22,0.9838,1,1.205,0.9717,246,0
SPY190729P302,2019-07-26,2019-07-26 09:45:23.000,1.22,0.9838,20,1.20,0.9677,7,1.22,0.9838,1,1.21,0.9758,246,0
SPY190729P302,2019-07-26,2019-07-26 09:45:24.000,1.22,0.9838,30,1.19,0.9596,198,1.22,0.9838,1,1.205,0.9717,246,0
SPY190729P302,2019-07-26,2019-07-26 09:45:24.000,1.22,0.9838,30,1.20,0.9677,7,1.22,0.9838,1,1.21,0.9758,246,0
SPY190729P302,2019-07-26,2019-07-26 09:45:25.000,1.22,0.9838,46,1.19,0.9596,198,1.22,0.9838,1,1.205,0.9717,246,0
SPY190729P302,2019-07-26,2019-07-26 09:45:25.000,1.22,0.9838,26,1.19,0.9596,198,1.22,0.9838,1,1.205,0.9717,246,0
SPY190729P302,2019-07-26,2019-07-26 09:45:26.000,1.22,0.9838,26,1.19,0.9596,198,1.22,0.9838,1,1.205,0.9717,246,0
SPY190729P302,2019-07-26,2019-07-26 09:45:27.000,1.22,0.9838,26,1.19,0.9596,198,1.22,0.9838,1,1.205,0.9717,246,0
SPY190729P302,2019-07-26,2019-07-26 09:45:28.000,1.22,0.9838,30,1.20,0.9677,20,1.22,0.9838,1,1.21,0.9758,246,0
SPY190729P302,2019-07-26,2019-07-26 09:45:29.000,1.22,0.9838,30,1.20,0.9677,20,1.22,0.9838,1,1.21,0.9758,246,0
SPY190729P302,2019-07-26,2019-07-26 09:45:30.000,1.22,0.9838,26,1.20,0.9677,20,1.22,0.9838,1,1.21,0.9758,246,0
SPY190729P302,2019-07-26,2019-07-26 09:45:31.000,1.23,0.9919,6,1.21,0.9758,198,1.22,0.9838,1,1.22,0.9838,246,0
SPY190729P302,2019-07-26,2019-07-26 09:45:31.000,1.22,0.9838,20,1.20,0.9677,20,1.22,0.9838,1,1.21,0.9758,246,0
SPY190729P302,2019-07-26,2019-07-26 09:45:32.000,1.24,1.00,50,1.21,0.9758,198,1.22,0.9838,1,1.225,0.9879,246,0
SPY190729P302,2019-07-26,2019-07-26 09:45:32.000,1.24,1.00,62,1.21,0.9758,193,1.22,0.9838,1,1.225,0.9879,246,0
SPY190729P302,2019-07-26,2019-07-26 09:45:33.000,1.24,1.00,60,1.21,0.9758,193,1.22,0.9838,1,1.225,0.9879,246,0
SPY190729P302,2019-07-26,2019-07-26 09:45:33.000,1.24,1.00,50,1.22,0.9838,10,1.22,0.9838,1,1.23,0.9919,246,0
SPY190729P302,2019-07-26,2019-07-26 09:45:34.000,1.24,1.00,71,1.21,0.9758,193,1.22,0.9838,1,1.225,0.9879,246,0
SPY190729P302,2019-07-26,2019-07-26 09:45:34.000,1.24,1.00,50,1.21,0.9758,193,1.22,0.9838,1,1.225,0.9879,246,0
SPY190729P302,2019-07-26,2019-07-26 09:45:35.000,1.24,1.00,60,1.21,0.9758,198,1.22,0.9838,1,1.225,0.9879,246,0
SPY190729P302,2019-07-26,2019-07-26 09:45:36.000,1.24,1.00,60,1.22,0.9838,26,1.22,0.9838,1,1.23,0.9919,246,0
SPY190729P302,2019-07-26,2019-07-26 09:45:36.000,1.24,1.00,60,1.23,0.9919,1,1.22,0.9838,1,1.235,0.9959,246,0
SPY190729P302,2019-07-26,2019-07-26 09:45:37.000,1.24,1.00,63,1.23,0.9919,1,1.22,0.9838,1,1.235,0.9959,246,0
SPY190729P302,2019-07-26,2019-07-26 09:45:38.000,1.24,1.00,50,1.23,0.9919,1,1.22,0.9838,1,1.235,0.9959,246,0
SPY190729P302,2019-07-26,2019-07-26 09:45:39.000,1.24,1.00,74,1.23,0.9919,1,1.22,0.9838,1,1.235,0.9959,246,0
SPY190729P302,2019-07-26,2019-07-26 09:45:40.000,1.24,1.00,50,1.23,0.9919,1,1.22,0.9838,1,1.235,0.9959,246,0
SPY190729P302,2019-07-26,2019-07-26 09:45:41.000,1.24,1.00,50,1.23,0.9919,1,1.22,0.9838,1,1.235,0.9959,246,0
SPY190729P302,2019-07-26,2019-07-26 09:45:42.000,1.24,1.00,50,1.23,0.9919,1,1.22,0.9838,1,1.235,0.9959,246,0
SPY190729P302,2019-07-26,2019-07-26 09:45:43.000,1.24,1.00,50,1.23,0.9919,1,1.22,0.9838,1,1.235,0.9959,246,0
SPY190729P302,2019-07-26,2019-07-26 09:45:43.000,1.24,1.00,69,1.23,0.9919,1,1.22,0.9838,1,1.235,0.9959,246,0
SPY190729P302,2019-07-26,2019-07-26 09:45:44.000,1.24,1.00,50,1.23,0.9919,1,1.22,0.9838,1,1.235,0.9959,246,0
SPY190729P302,2019-07-26,2019-07-26 09:45:45.000,1.24,1.00,50,1.23,0.9919,1,1.22,0.9838,1,1.235,0.9959,246,0
SPY190729P302,2019-07-26,2019-07-26 09:45:46.000,1.24,1.00,50,1.23,0.9919,1,1.23,0.9919,1,1.235,0.9959,247,1
SPY190729P302,2019-07-26,2019-07-26 09:45:46.000,1.24,1.00,50,1.23,0.9919,6,1.22,0.9838,1,1.235,0.9959,246,0
SPY190729P302,2019-07-26,2019-07-26 09:45:47.000,1.24,1.00,45,1.23,0.9919,1,1.24,1.00,5,1.235,0.9959,252,0
SPY190729P302,2019-07-26,2019-07-26 09:45:47.000,1.24,1.00,45,1.23,0.9919,20,1.24,1.00,5,1.235,0.9959,252,5
SPY190729P302,2019-07-26,2019-07-26 09:45:48.000,1.24,1.00,45,1.23,0.9919,1,1.24,1.00,5,1.235,0.9959,252,0
SPY190729P302,2019-07-26,2019-07-26 09:45:48.000,1.24,1.00,143,1.23,0.9919,1,1.24,1.00,5,1.235,0.9959,252,0
SPY190729P302,2019-07-26,2019-07-26 09:45:49.000,1.24,1.00,45,1.23,0.9919,1,1.24,1.00,5,1.235,0.9959,252,0
SPY190729P302,2019-07-26,2019-07-26 09:45:50.000,1.24,1.00,45,1.23,0.9919,1,1.24,1.00,5,1.235,0.9959,252,0
SPY190729P302,2019-07-26,2019-07-26 09:45:51.000,1.24,1.00,45,1.24,1.00,1,1.24,1.00,45,1.24,1.00,297,45
SPY190729P302,2019-07-26,2019-07-26 09:45:51.000,1.24,1.00,45,1.23,0.9919,26,1.24,1.00,5,1.235,0.9959,252,0
SPY190729P302,2019-07-26,2019-07-26 09:45:52.000,1.26,1.0161,193,1.23,0.9919,77,1.24,1.00,45,1.245,1.004,297,0
SPY190729P302,2019-07-26,2019-07-26 09:45:52.000,1.26,1.0161,193,1.23,0.9919,96,1.24,1.00,45,1.245,1.004,297,0
SPY190729P302,2019-07-26,2019-07-26 09:45:53.000,1.26,1.0161,208,1.23,0.9919,96,1.24,1.00,45,1.245,1.004,297,0
SPY190729P302,2019-07-26,2019-07-26 09:45:54.000,1.26,1.0161,208,1.23,0.9919,77,1.24,1.00,45,1.245,1.004,297,0
SPY190729P302,2019-07-26,2019-07-26 09:45:54.000,1.26,1.0161,208,1.23,0.9919,96,1.24,1.00,45,1.245,1.004,297,0
SPY190729P302,2019-07-26,2019-07-26 09:45:55.000,1.26,1.0161,208,1.23,0.9919,26,1.24,1.00,45,1.245,1.004,297,0
SPY190729P302,2019-07-26,2019-07-26 09:45:55.000,1.26,1.0161,205,1.23,0.9919,61,1.24,1.00,45,1.245,1.004,297,0
SPY190729P302,2019-07-26,2019-07-26 09:45:56.000,1.26,1.0161,205,1.23,0.9919,42,1.24,1.00,45,1.245,1.004,297,0
SPY190729P302,2019-07-26,2019-07-26 09:45:56.000,1.26,1.0161,246,1.23,0.9919,42,1.24,1.00,45,1.245,1.004,297,0
SPY190729P302,2019-07-26,2019-07-26 09:45:57.000,1.26,1.0161,213,1.23,0.9919,58,1.24,1.00,45,1.245,1.004,297,0
SPY190729P302,2019-07-26,2019-07-26 09:45:57.000,1.26,1.0161,198,1.23,0.9919,42,1.24,1.00,45,1.245,1.004,297,0
SPY190729P302,2019-07-26,2019-07-26 09:45:58.000,1.26,1.0161,254,1.23,0.9919,29,1.24,1.00,45,1.245,1.004,297,0
SPY190729P302,2019-07-26,2019-07-26 09:45:59.000,1.26,1.0161,22,1.23,0.9919,63,1.24,1.00,45,1.245,1.004,297,0
SPY190729P302,2019-07-26,2019-07-26 09:45:59.000,1.26,1.0161,48,1.23,0.9919,60,1.24,1.00,45,1.245,1.004,297,0
SPY190729P302,2019-07-26,2019-07-26 09:46:00.000,1.28,1.0322,189,1.25,1.008,81,1.24,1.00,45,1.265,1.0201,297,0
SPY190729P302,2019-07-26,2019-07-26 09:46:01.000,1.28,1.0322,1,1.26,1.0161,16,1.24,1.00,45,1.27,1.0241,297,0
SPY190729P302,2019-07-26,2019-07-26 09:46:01.000,1.28,1.0322,110,1.25,1.008,178,1.24,1.00,45,1.265,1.0201,297,0
SPY190729P302,2019-07-26,2019-07-26 09:46:02.000,1.28,1.0322,1,1.26,1.0161,110,1.24,1.00,45,1.27,1.0241,297,0
SPY190729P302,2019-07-26,2019-07-26 09:46:02.000,1.28,1.0322,6,1.26,1.0161,100,1.24,1.00,45,1.27,1.0241,297,0
SPY190729P302,2019-07-26,2019-07-26 09:46:03.000,1.28,1.0322,1,1.26,1.0161,110,1.24,1.00,45,1.27,1.0241,297,0
SPY190729P302,2019-07-26,2019-07-26 09:46:04.000,1.28,1.0322,1,1.26,1.0161,193,1.24,1.00,45,1.27,1.0241,297,0
SPY190729P302,2019-07-26,2019-07-26 09:46:05.000,1.28,1.0322,1,1.26,1.0161,193,1.24,1.00,45,1.27,1.0241,297,0
SPY190729P302,2019-07-26,2019-07-26 09:46:06.000,1.28,1.0322,1,1.26,1.0161,193,1.24,1.00,45,1.27,1.0241,297,0
SPY190729P302,2019-07-26,2019-07-26 09:46:07.000,1.28,1.0322,1,1.26,1.0161,122,1.24,1.00,45,1.27,1.0241,297,0
SPY190729P302,2019-07-26,2019-07-26 09:46:08.000,1.28,1.0322,1,1.26,1.0161,110,1.24,1.00,45,1.27,1.0241,297,0
SPY190729P302,2019-07-26,2019-07-26 09:46:08.000,1.28,1.0322,1,1.26,1.0161,122,1.24,1.00,45,1.27,1.0241,297,0
SPY190729P302,2019-07-26,2019-07-26 09:46:09.000,1.30,1.0483,100,1.27,1.0241,10,1.28,1.0322,1,1.285,1.0362,299,2
SPY190729P302,2019-07-26,2019-07-26 09:46:09.000,1.31,1.0564,196,1.28,1.0322,15,1.28,1.0322,1,1.295,1.0443,299,0
SPY190729P302,2019-07-26,2019-07-26 09:46:10.000,1.31,1.0564,110,1.28,1.0322,110,1.28,1.0322,1,1.295,1.0443,299,0
SPY190729P302,2019-07-26,2019-07-26 09:46:10.000,1.31,1.0564,196,1.28,1.0322,15,1.28,1.0322,1,1.295,1.0443,299,0
SPY190729P302,2019-07-26,2019-07-26 09:46:11.000,1.33,1.0725,10,1.30,1.0483,110,1.28,1.0322,1,1.315,1.0604,299,0
SPY190729P302,2019-07-26,2019-07-26 09:46:11.000,1.33,1.0725,10,1.30,1.0483,141,1.28,1.0322,1,1.315,1.0604,299,0
SPY190729P302,2019-07-26,2019-07-26 09:46:12.000,1.33,1.0725,110,1.30,1.0483,192,1.28,1.0322,1,1.315,1.0604,299,0
SPY190729P302,2019-07-26,2019-07-26 09:46:13.000,1.35,1.0887,110,1.32,1.0645,16,1.28,1.0322,1,1.335,1.0766,299,0
SPY190729P302,2019-07-26,2019-07-26 09:46:14.000,1.35,1.0887,1,1.32,1.0645,167,1.28,1.0322,1,1.335,1.0766,299,0
SPY190729P302,2019-07-26,2019-07-26 09:46:14.000,1.35,1.0887,16,1.32,1.0645,185,1.28,1.0322,1,1.335,1.0766,299,0
SPY190729P302,2019-07-26,2019-07-26 09:46:15.000,1.35,1.0887,1,1.32,1.0645,192,1.28,1.0322,1,1.335,1.0766,299,0
SPY190729P302,2019-07-26,2019-07-26 09:46:15.000,1.35,1.0887,1,1.32,1.0645,182,1.28,1.0322,1,1.335,1.0766,299,0
SPY190729P302,2019-07-26,2019-07-26 09:46:16.000,1.35,1.0887,6,1.32,1.0645,187,1.28,1.0322,1,1.335,1.0766,299,0
SPY190729P302,2019-07-26,2019-07-26 09:46:17.000,1.35,1.0887,1,1.32,1.0645,185,1.28,1.0322,1,1.335,1.0766,299,0
SPY190729P302,2019-07-26,2019-07-26 09:46:17.000,1.35,1.0887,1,1.33,1.0725,16,1.28,1.0322,1,1.34,1.0806,299,0
SPY190729P302,2019-07-26,2019-07-26 09:46:18.000,1.35,1.0887,1,1.33,1.0725,10,1.28,1.0322,1,1.34,1.0806,299,0
SPY190729P302,2019-07-26,2019-07-26 09:46:19.000,1.35,1.0887,96,1.33,1.0725,6,1.28,1.0322,1,1.34,1.0806,299,0
SPY190729P302,2019-07-26,2019-07-26 09:46:19.000,1.35,1.0887,13,1.33,1.0725,10,1.28,1.0322,1,1.34,1.0806,299,0
SPY190729P302,2019-07-26,2019-07-26 09:46:20.000,1.32,1.0645,184,1.28,1.0322,190,1.28,1.0322,1,1.30,1.0483,299,0
SPY190729P302,2019-07-26,2019-07-26 09:46:20.000,1.33,1.0725,189,1.29,1.0403,110,1.28,1.0322,1,1.31,1.0564,299,0
SPY190729P302,2019-07-26,2019-07-26 09:46:21.000,1.32,1.0645,100,1.28,1.0322,180,1.28,1.0322,1,1.30,1.0483,299,0
SPY190729P302,2019-07-26,2019-07-26 09:46:21.000,1.33,1.0725,179,1.29,1.0403,16,1.28,1.0322,1,1.31,1.0564,299,0
SPY190729P302,2019-07-26,2019-07-26 09:46:22.000,1.33,1.0725,110,1.30,1.0483,110,1.28,1.0322,1,1.315,1.0604,299,0
SPY190729P302,2019-07-26,2019-07-26 09:46:23.000,1.33,1.0725,110,1.29,1.0403,110,1.28,1.0322,1,1.31,1.0564,299,0
SPY190729P302,2019-07-26,2019-07-26 09:46:23.000,1.32,1.0645,151,1.29,1.0403,16,1.28,1.0322,1,1.305,1.0524,299,0
SPY190729P302,2019-07-26,2019-07-26 09:46:24.000,1.31,1.0564,190,1.28,1.0322,70,1.28,1.0322,1,1.295,1.0443,299,0
SPY190729P302,2019-07-26,2019-07-26 09:46:24.000,1.32,1.0645,210,1.28,1.0322,116,1.28,1.0322,1,1.30,1.0483,299,0
SPY190729P302,2019-07-26,2019-07-26 09:46:25.000,1.32,1.0645,177,1.29,1.0403,28,1.28,1.0322,1,1.305,1.0524,299,0
SPY190729P302,2019-07-26,2019-07-26 09:46:25.000,1.32,1.0645,210,1.29,1.0403,16,1.28,1.0322,1,1.305,1.0524,299,0
SPY190729P302,2019-07-26,2019-07-26 09:46:26.000,1.33,1.0725,10,1.30,1.0483,16,1.28,1.0322,1,1.315,1.0604,299,0
SPY190729P302,2019-07-26,2019-07-26 09:46:26.000,1.32,1.0645,10,1.29,1.0403,28,1.28,1.0322,1,1.305,1.0524,299,0
SPY190729P302,2019-07-26,2019-07-26 09:46:27.000,1.35,1.0887,1,1.32,1.0645,176,1.28,1.0322,1,1.335,1.0766,299,0
SPY190729P302,2019-07-26,2019-07-26 09:46:28.000,1.35,1.0887,1,1.32,1.0645,176,1.28,1.0322,1,1.335,1.0766,299,0
SPY190729P302,2019-07-26,2019-07-26 09:46:28.000,1.35,1.0887,1,1.32,1.0645,186,1.28,1.0322,1,1.335,1.0766,299,0
SPY190729P302,2019-07-26,2019-07-26 09:46:29.000,1.33,1.0725,169,1.30,1.0483,1,1.28,1.0322,1,1.315,1.0604,299,0
SPY190729P302,2019-07-26,2019-07-26 09:46:29.000,1.33,1.0725,170,1.30,1.0483,1,1.28,1.0322,1,1.315,1.0604,299,0
SPY190729P302,2019-07-26,2019-07-26 09:46:30.000,1.33,1.0725,7,1.30,1.0483,101,1.28,1.0322,1,1.315,1.0604,299,0
SPY190729P302,2019-07-26,2019-07-26 09:46:30.000,1.33,1.0725,189,1.30,1.0483,43,1.28,1.0322,1,1.315,1.0604,299,0
SPY190729P302,2019-07-26,2019-07-26 09:46:31.000,1.31,1.0564,10,1.28,1.0322,180,1.28,1.0322,1,1.295,1.0443,299,0
SPY190729P302,2019-07-26,2019-07-26 09:46:31.000,1.32,1.0645,185,1.28,1.0322,180,1.28,1.0322,1,1.30,1.0483,299,0
SPY190729P302,2019-07-26,2019-07-26 09:46:32.000,1.32,1.0645,120,1.29,1.0403,78,1.28,1.0322,1,1.305,1.0524,299,0
SPY190729P302,2019-07-26,2019-07-26 09:46:33.000,1.31,1.0564,35,1.28,1.0322,55,1.28,1.0322,1,1.295,1.0443,299,0
SPY190729P302,2019-07-26,2019-07-26 09:46:33.000,1.31,1.0564,128,1.28,1.0322,180,1.28,1.0322,1,1.295,1.0443,299,0
SPY190729P302,2019-07-26,2019-07-26 09:46:34.000,1.31,1.0564,180,1.27,1.0241,199,1.28,1.0322,1,1.29,1.0403,299,0
SPY190729P302,2019-07-26,2019-07-26 09:46:34.000,1.31,1.0564,195,1.28,1.0322,13,1.28,1.0322,1,1.295,1.0443,299,0
SPY190729P302,2019-07-26,2019-07-26 09:46:35.000,1.30,1.0483,10,1.27,1.0241,139,1.28,1.0322,1,1.285,1.0362,299,0
SPY190729P302,2019-07-26,2019-07-26 09:46:35.000,1.31,1.0564,167,1.28,1.0322,89,1.28,1.0322,1,1.295,1.0443,299,0
SPY190729P302,2019-07-26,2019-07-26 09:46:37.000,1.31,1.0564,16,1.28,1.0322,164,1.29,1.0403,2,1.295,1.0443,301,0
SPY190729P302,2019-07-26,2019-07-26 09:46:37.000,1.31,1.0564,182,1.28,1.0322,75,1.29,1.0403,2,1.295,1.0443,301,2
SPY190729P302,2019-07-26,2019-07-26 09:46:38.000,1.31,1.0564,110,1.28,1.0322,65,1.29,1.0403,2,1.295,1.0443,301,0
SPY190729P302,2019-07-26,2019-07-26 09:46:38.000,1.31,1.0564,66,1.28,1.0322,75,1.29,1.0403,2,1.295,1.0443,301,0
SPY190729P302,2019-07-26,2019-07-26 09:46:39.000,1.31,1.0564,76,1.28,1.0322,75,1.29,1.0403,2,1.295,1.0443,301,0
SPY190729P302,2019-07-26,2019-07-26 09:46:40.000,1.30,1.0483,100,1.27,1.0241,81,1.29,1.0403,2,1.285,1.0362,301,0
SPY190729P302,2019-07-26,2019-07-26 09:46:40.000,1.30,1.0483,40,1.27,1.0241,110,1.29,1.0403,2,1.285,1.0362,301,0
SPY190729P302,2019-07-26,2019-07-26 09:46:41.000,1.31,1.0564,171,1.28,1.0322,100,1.29,1.0403,2,1.295,1.0443,301,0
SPY190729P302,2019-07-26,2019-07-26 09:46:41.000,1.30,1.0483,194,1.27,1.0241,41,1.29,1.0403,2,1.285,1.0362,301,0
SPY190729P302,2019-07-26,2019-07-26 09:46:42.000,1.31,1.0564,196,1.28,1.0322,181,1.29,1.0403,2,1.295,1.0443,301,0
SPY190729P302,2019-07-26,2019-07-26 09:46:42.000,1.31,1.0564,196,1.28,1.0322,189,1.29,1.0403,2,1.295,1.0443,301,0
SPY190729P302,2019-07-26,2019-07-26 09:46:43.000,1.31,1.0564,212,1.27,1.0241,87,1.29,1.0403,2,1.29,1.0403,301,0
SPY190729P302,2019-07-26,2019-07-26 09:46:44.000,1.30,1.0483,65,1.27,1.0241,110,1.29,1.0403,2,1.285,1.0362,301,0
SPY190729P302,2019-07-26,2019-07-26 09:46:44.000,1.30,1.0483,212,1.26,1.0161,196,1.29,1.0403,2,1.28,1.0322,301,0
SPY190729P302,2019-07-26,2019-07-26 09:46:45.000,1.28,1.0322,100,1.25,1.008,110,1.29,1.0403,2,1.265,1.0201,301,0
SPY190729P302,2019-07-26,2019-07-26 09:46:45.000,1.29,1.0403,149,1.26,1.0161,16,1.29,1.0403,2,1.275,1.0282,301,0
SPY190729P302,2019-07-26,2019-07-26 09:46:46.000,1.29,1.0403,181,1.26,1.0161,16,1.29,1.0403,2,1.275,1.0282,301,0
SPY190729P302,2019-07-26,2019-07-26 09:46:46.000,1.29,1.0403,152,1.26,1.0161,16,1.29,1.0403,2,1.275,1.0282,301,0
SPY190729P302,2019-07-26,2019-07-26 09:46:47.000,1.28,1.0322,10,1.26,1.0161,16,1.29,1.0403,2,1.27,1.0241,301,0
SPY190729P302,2019-07-26,2019-07-26 09:46:47.000,1.29,1.0403,91,1.26,1.0161,193,1.29,1.0403,2,1.275,1.0282,301,0
SPY190729P302,2019-07-26,2019-07-26 09:46:48.000,1.28,1.0322,10,1.26,1.0161,16,1.29,1.0403,2,1.27,1.0241,301,0
SPY190729P302,2019-07-26,2019-07-26 09:46:49.000,1.28,1.0322,196,1.25,1.008,16,1.29,1.0403,2,1.265,1.0201,301,0
SPY190729P302,2019-07-26,2019-07-26 09:46:49.000,1.28,1.0322,146,1.25,1.008,16,1.29,1.0403,2,1.265,1.0201,301,0
SPY190729P302,2019-07-26,2019-07-26 09:46:50.000,1.28,1.0322,196,1.25,1.008,16,1.29,1.0403,2,1.265,1.0201,301,0
SPY190729P302,2019-07-26,2019-07-26 09:46:50.000,1.30,1.0483,186,1.26,1.0161,190,1.29,1.0403,2,1.28,1.0322,301,0
SPY190729P302,2019-07-26,2019-07-26 09:46:51.000,1.30,1.0483,186,1.26,1.0161,190,1.29,1.0403,2,1.28,1.0322,301,0
SPY190729P302,2019-07-26,2019-07-26 09:46:51.000,1.30,1.0483,212,1.27,1.0241,16,1.29,1.0403,2,1.285,1.0362,301,0
SPY190729P302,2019-07-26,2019-07-26 09:46:52.000,1.30,1.0483,212,1.27,1.0241,16,1.29,1.0403,2,1.285,1.0362,301,0
SPY190729P302,2019-07-26,2019-07-26 09:46:53.000,1.30,1.0483,227,1.26,1.0161,203,1.29,1.0403,2,1.28,1.0322,301,0
SPY190729P302,2019-07-26,2019-07-26 09:46:54.000,1.29,1.0403,16,1.26,1.0161,110,1.29,1.0403,2,1.275,1.0282,301,0
SPY190729P302,2019-07-26,2019-07-26 09:46:54.000,1.30,1.0483,186,1.27,1.0241,10,1.29,1.0403,2,1.285,1.0362,301,0
SPY190729P302,2019-07-26,2019-07-26 09:46:55.000,1.29,1.0403,160,1.26,1.0161,27,1.29,1.0403,2,1.275,1.0282,301,0
SPY190729P302,2019-07-26,2019-07-26 09:46:55.000,1.29,1.0403,73,1.26,1.0161,110,1.29,1.0403,2,1.275,1.0282,301,0
SPY190729P302,2019-07-26,2019-07-26 09:46:56.000,1.28,1.0322,6,1.26,1.0161,27,1.29,1.0403,2,1.27,1.0241,301,0
SPY190729P302,2019-07-26,2019-07-26 09:46:56.000,1.29,1.0403,94,1.26,1.0161,27,1.29,1.0403,2,1.275,1.0282,301,0
SPY190729P302,2019-07-26,2019-07-26 09:46:57.000,1.29,1.0403,20,1.26,1.0161,83,1.29,1.0403,2,1.275,1.0282,301,0
SPY190729P302,2019-07-26,2019-07-26 09:46:58.000,1.29,1.0403,126,1.26,1.0161,90,1.29,1.0403,2,1.275,1.0282,301,0
SPY190729P302,2019-07-26,2019-07-26 09:46:59.000,1.29,1.0403,16,1.26,1.0161,66,1.29,1.0403,2,1.275,1.0282,301,0
SPY190729P302,2019-07-26,2019-07-26 09:46:59.000,1.30,1.0483,212,1.27,1.0241,10,1.29,1.0403,2,1.285,1.0362,301,0
SPY190729P302,2019-07-26,2019-07-26 09:47:00.000,1.30,1.0483,212,1.27,1.0241,34,1.29,1.0403,2,1.285,1.0362,301,0
SPY190729P302,2019-07-26,2019-07-26 09:47:00.000,1.30,1.0483,212,1.27,1.0241,10,1.29,1.0403,2,1.285,1.0362,301,0
SPY190729P302,2019-07-26,2019-07-26 09:47:01.000,1.30,1.0483,212,1.26,1.0161,82,1.29,1.0403,2,1.28,1.0322,301,0
SPY190729P302,2019-07-26,2019-07-26 09:47:01.000,1.29,1.0403,85,1.26,1.0161,114,1.29,1.0403,2,1.275,1.0282,301,0
SPY190729P302,2019-07-26,2019-07-26 09:47:02.000,1.29,1.0403,58,1.26,1.0161,104,1.29,1.0403,2,1.275,1.0282,301,0
SPY190729P302,2019-07-26,2019-07-26 09:47:02.000,1.29,1.0403,58,1.26,1.0161,61,1.29,1.0403,2,1.275,1.0282,301,0
SPY190729P302,2019-07-26,2019-07-26 09:47:03.000,1.29,1.0403,158,1.26,1.0161,61,1.29,1.0403,2,1.275,1.0282,301,0
SPY190729P302,2019-07-26,2019-07-26 09:47:04.000,1.30,1.0483,181,1.26,1.0161,203,1.29,1.0403,2,1.28,1.0322,301,0
SPY190729P302,2019-07-26,2019-07-26 09:47:04.000,1.29,1.0403,120,1.26,1.0161,203,1.29,1.0403,2,1.275,1.0282,301,0
SPY190729P302,2019-07-26,2019-07-26 09:47:05.000,1.30,1.0483,191,1.27,1.0241,19,1.29,1.0403,2,1.285,1.0362,301,0
SPY190729P302,2019-07-26,2019-07-26 09:47:05.000,1.30,1.0483,64,1.27,1.0241,100,1.29,1.0403,2,1.285,1.0362,301,0
SPY190729P302,2019-07-26,2019-07-26 09:47:06.000,1.30,1.0483,67,1.27,1.0241,110,1.29,1.0403,2,1.285,1.0362,301,0
SPY190729P302,2019-07-26,2019-07-26 09:47:06.000,1.30,1.0483,44,1.27,1.0241,104,1.29,1.0403,2,1.285,1.0362,301,0
SPY190729P302,2019-07-26,2019-07-26 09:47:07.000,1.29,1.0403,153,1.26,1.0161,110,1.29,1.0403,2,1.275,1.0282,301,0
SPY190729P302,2019-07-26,2019-07-26 09:47:07.000,1.29,1.0403,153,1.26,1.0161,120,1.29,1.0403,2,1.275,1.0282,301,0
SPY190729P302,2019-07-26,2019-07-26 09:47:08.000,1.29,1.0403,173,1.26,1.0161,120,1.29,1.0403,2,1.275,1.0282,301,0
SPY190729P302,2019-07-26,2019-07-26 09:47:09.000,1.30,1.0483,104,1.27,1.0241,139,1.29,1.0403,2,1.285,1.0362,301,0
SPY190729P302,2019-07-26,2019-07-26 09:47:09.000,1.30,1.0483,199,1.26,1.0161,120,1.29,1.0403,2,1.28,1.0322,301,0
SPY190729P302,2019-07-26,2019-07-26 09:47:10.000,1.31,1.0564,212,1.28,1.0322,10,1.29,1.0403,2,1.295,1.0443,301,0
SPY190729P302,2019-07-26,2019-07-26 09:47:11.000,1.31,1.0564,212,1.28,1.0322,16,1.29,1.0403,2,1.295,1.0443,301,0
SPY190729P302,2019-07-26,2019-07-26 09:47:11.000,1.31,1.0564,141,1.28,1.0322,110,1.29,1.0403,2,1.295,1.0443,301,0
SPY190729P302,2019-07-26,2019-07-26 09:47:12.000,1.31,1.0564,161,1.28,1.0322,140,1.29,1.0403,2,1.295,1.0443,301,0
SPY190729P302,2019-07-26,2019-07-26 09:47:12.000,1.31,1.0564,161,1.28,1.0322,110,1.29,1.0403,2,1.295,1.0443,301,0
SPY190729P302,2019-07-26,2019-07-26 09:47:13.000,1.31,1.0564,139,1.28,1.0322,120,1.29,1.0403,2,1.295,1.0443,301,0
SPY190729P302,2019-07-26,2019-07-26 09:47:14.000,1.31,1.0564,139,1.28,1.0322,120,1.29,1.0403,2,1.295,1.0443,301,0
SPY190729P302,2019-07-26,2019-07-26 09:47:14.000,1.31,1.0564,149,1.28,1.0322,176,1.29,1.0403,2,1.295,1.0443,301,0
SPY190729P302,2019-07-26,2019-07-26 09:47:15.000,1.31,1.0564,110,1.29,1.0403,16,1.29,1.0403,2,1.30,1.0483,301,0
SPY190729P302,2019-07-26,2019-07-26 09:47:15.000,1.32,1.0645,181,1.29,1.0403,65,1.29,1.0403,2,1.305,1.0524,301,0
SPY190729P302,2019-07-26,2019-07-26 09:47:16.000,1.32,1.0645,168,1.29,1.0403,130,1.29,1.0403,2,1.305,1.0524,301,0
SPY190729P302,2019-07-26,2019-07-26 09:47:17.000,1.32,1.0645,168,1.29,1.0403,130,1.29,1.0403,2,1.305,1.0524,301,0
SPY190729P302,2019-07-26,2019-07-26 09:47:18.000,1.32,1.0645,10,1.29,1.0403,96,1.29,1.0403,2,1.305,1.0524,301,0
SPY190729P302,2019-07-26,2019-07-26 09:47:18.000,1.32,1.0645,168,1.29,1.0403,130,1.29,1.0403,2,1.305,1.0524,301,0
SPY190729P302,2019-07-26,2019-07-26 09:47:19.000,1.32,1.0645,10,1.29,1.0403,136,1.29,1.0403,2,1.305,1.0524,301,0
SPY190729P302,2019-07-26,2019-07-26 09:47:19.000,1.33,1.0725,212,1.29,1.0403,136,1.29,1.0403,2,1.31,1.0564,301,0
SPY190729P302,2019-07-26,2019-07-26 09:47:20.000,1.33,1.0725,181,1.29,1.0403,136,1.29,1.0403,2,1.31,1.0564,301,0
SPY190729P302,2019-07-26,2019-07-26 09:47:20.000,1.33,1.0725,212,1.29,1.0403,136,1.29,1.0403,2,1.31,1.0564,301,0
SPY190729P302,2019-07-26,2019-07-26 09:47:21.000,1.33,1.0725,218,1.30,1.0483,85,1.29,1.0403,2,1.315,1.0604,301,0
SPY190729P302,2019-07-26,2019-07-26 09:47:21.000,1.33,1.0725,212,1.29,1.0403,136,1.29,1.0403,2,1.31,1.0564,301,0
SPY190729P302,2019-07-26,2019-07-26 09:47:22.000,1.33,1.0725,255,1.30,1.0483,85,1.29,1.0403,2,1.315,1.0604,301,0
SPY190729P302,2019-07-26,2019-07-26 09:47:23.000,1.33,1.0725,233,1.30,1.0483,16,1.29,1.0403,2,1.315,1.0604,301,0
SPY190729P302,2019-07-26,2019-07-26 09:47:24.000,1.33,1.0725,279,1.30,1.0483,37,1.29,1.0403,2,1.315,1.0604,301,0
SPY190729P302,2019-07-26,2019-07-26 09:47:25.000,1.33,1.0725,191,1.30,1.0483,81,1.29,1.0403,2,1.315,1.0604,301,0
SPY190729P302,2019-07-26,2019-07-26 09:47:25.000,1.33,1.0725,239,1.30,1.0483,81,1.29,1.0403,2,1.315,1.0604,301,0
SPY190729P302,2019-07-26,2019-07-26 09:47:26.000,1.33,1.0725,181,1.30,1.0483,81,1.29,1.0403,2,1.315,1.0604,301,0
SPY190729P302,2019-07-26,2019-07-26 09:47:27.000,1.33,1.0725,181,1.30,1.0483,81,1.29,1.0403,2,1.315,1.0604,301,0
