symbol,Date,quote_time,ask_price,norm_ask_price,ask_size,bid_price,norm_bid_price,bid_size,last_trade_price,norm_last_trade_price,last_trade_size,mark_price,norm_mark_price,volume,Volume
SPY190731C301,2019-07-29,2019-07-29 09:30:00,1.92,1.0,5,1.89,0.9843,48,1.92,1.0,1,1.905,0.9921,1,1
SPY190731C301,2019-07-29,2019-07-29 09:30:08,1.91,0.9947,5,1.89,0.9843,48,1.92,1.0,1,1.9,0.9895,1,0
SPY190731C301,2019-07-29,2019-07-29 09:30:09,1.91,0.9947,5,1.88,0.9791,60,1.92,1.0,1,1.895,0.9869,1,0
SPY190731C301,2019-07-29,2019-07-29 09:30:09,1.95,1.0156,66,1.85,0.9635,50,1.92,1.0,1,1.9,0.9895,1,0
SPY190731C301,2019-07-29,2019-07-29 09:30:10,1.92,1.0,104,1.88,0.9791,103,1.92,1.0,1,1.9,0.9895,1,0
SPY190731C301,2019-07-29,2019-07-29 09:30:11,1.91,0.9947,40,1.87,0.9739,48,1.92,1.0,1,1.89,0.9843,1,0
SPY190731C301,2019-07-29,2019-07-29 09:30:11,1.92,1.0,40,1.89,0.9843,40,1.92,1.0,1,1.905,0.9921,1,0
SPY190731C301,2019-07-29,2019-07-29 09:30:12,1.91,0.9947,40,1.87,0.9739,48,1.92,1.0,1,1.89,0.9843,1,0
SPY190731C301,2019-07-29,2019-07-29 09:30:13,1.91,0.9947,40,1.87,0.9739,48,1.92,1.0,1,1.89,0.9843,1,0
SPY190731C301,2019-07-29,2019-07-29 09:30:13,1.9,0.9895,5,1.87,0.9739,48,1.92,1.0,1,1.885,0.9817,1,0
SPY190731C301,2019-07-29,2019-07-29 09:30:14,1.9,0.9895,5,1.87,0.9739,48,1.92,1.0,1,1.885,0.9817,1,0
SPY190731C301,2019-07-29,2019-07-29 09:30:15,1.9,0.9895,5,1.87,0.9739,102,1.92,1.0,1,1.885,0.9817,1,0
SPY190731C301,2019-07-29,2019-07-29 09:30:16,1.9,0.9895,5,1.85,0.9635,60,1.92,1.0,1,1.875,0.9765,1,0
SPY190731C301,2019-07-29,2019-07-29 09:30:16,1.88,0.9791,5,1.86,0.9687,40,1.92,1.0,1,1.87,0.9739,1,0
SPY190731C301,2019-07-29,2019-07-29 09:30:17,1.88,0.9791,5,1.86,0.9687,40,1.92,1.0,1,1.87,0.9739,1,0
SPY190731C301,2019-07-29,2019-07-29 09:30:18,1.88,0.9791,5,1.83,0.9531,32,1.92,1.0,1,1.855,0.9661,1,0
SPY190731C301,2019-07-29,2019-07-29 09:30:18,1.92,1.0,1200,1.85,0.9635,64,1.92,1.0,1,1.885,0.9817,1,0
SPY190731C301,2019-07-29,2019-07-29 09:30:19,1.89,0.9843,100,1.86,0.9687,38,1.92,1.0,1,1.875,0.9765,1,0
SPY190731C301,2019-07-29,2019-07-29 09:30:20,1.89,0.9843,129,1.86,0.9687,40,1.92,1.0,1,1.875,0.9765,1,0
SPY190731C301,2019-07-29,2019-07-29 09:30:20,1.88,0.9791,5,1.86,0.9687,65,1.92,1.0,1,1.87,0.9739,1,0
SPY190731C301,2019-07-29,2019-07-29 09:30:21,1.88,0.9791,5,1.86,0.9687,65,1.92,1.0,1,1.87,0.9739,1,0
SPY190731C301,2019-07-29,2019-07-29 09:30:21,1.88,0.9791,5,1.86,0.9687,64,1.92,1.0,1,1.87,0.9739,1,0
SPY190731C301,2019-07-29,2019-07-29 09:30:22,1.88,0.9791,5,1.86,0.9687,64,1.92,1.0,1,1.87,0.9739,1,0
SPY190731C301,2019-07-29,2019-07-29 09:30:23,1.87,0.9739,40,1.84,0.9583,58,1.92,1.0,1,1.855,0.9661,1,0
SPY190731C301,2019-07-29,2019-07-29 09:30:23,1.89,0.9843,100,1.86,0.9687,40,1.92,1.0,1,1.875,0.9765,1,0
SPY190731C301,2019-07-29,2019-07-29 09:30:24,1.87,0.9739,100,1.84,0.9583,89,1.92,1.0,1,1.855,0.9661,1,0
SPY190731C301,2019-07-29,2019-07-29 09:30:25,1.87,0.9739,48,1.84,0.9583,113,1.92,1.0,1,1.855,0.9661,1,0
SPY190731C301,2019-07-29,2019-07-29 09:30:25,1.87,0.9739,100,1.85,0.9635,40,1.92,1.0,1,1.86,0.9687,1,0
SPY190731C301,2019-07-29,2019-07-29 09:30:26,1.87,0.9739,100,1.84,0.9583,158,1.92,1.0,1,1.855,0.9661,1,0
SPY190731C301,2019-07-29,2019-07-29 09:30:26,1.88,0.9791,216,1.84,0.9583,304,1.92,1.0,1,1.86,0.9687,1,0
SPY190731C301,2019-07-29,2019-07-29 09:30:27,1.87,0.9739,131,1.84,0.9583,131,1.92,1.0,1,1.855,0.9661,1,0
SPY190731C301,2019-07-29,2019-07-29 09:30:28,1.87,0.9739,172,1.84,0.9583,172,1.92,1.0,1,1.855,0.9661,1,0
SPY190731C301,2019-07-29,2019-07-29 09:30:29,1.87,0.9739,172,1.84,0.9583,270,1.92,1.0,1,1.855,0.9661,1,0
SPY190731C301,2019-07-29,2019-07-29 09:30:29,1.87,0.9739,172,1.84,0.9583,172,1.92,1.0,1,1.855,0.9661,1,0
SPY190731C301,2019-07-29,2019-07-29 09:30:30,1.87,0.9739,172,1.84,0.9583,203,1.92,1.0,1,1.855,0.9661,1,0
SPY190731C301,2019-07-29,2019-07-29 09:30:31,1.87,0.9739,172,1.84,0.9583,203,1.92,1.0,1,1.855,0.9661,1,0
SPY190731C301,2019-07-29,2019-07-29 09:30:32,1.87,0.9739,172,1.84,0.9583,203,1.92,1.0,1,1.855,0.9661,1,0
SPY190731C301,2019-07-29,2019-07-29 09:30:33,1.87,0.9739,172,1.84,0.9583,203,1.92,1.0,1,1.855,0.9661,1,0
SPY190731C301,2019-07-29,2019-07-29 09:30:34,1.87,0.9739,172,1.84,0.9583,203,1.92,1.0,1,1.855,0.9661,1,0
SPY190731C301,2019-07-29,2019-07-29 09:30:36,1.88,0.9791,131,1.85,0.9635,131,1.92,1.0,1,1.865,0.9713,1,0
SPY190731C301,2019-07-29,2019-07-29 09:30:36,1.88,0.9791,131,1.86,0.9687,68,1.92,1.0,1,1.87,0.9739,1,0
SPY190731C301,2019-07-29,2019-07-29 09:30:37,1.88,0.9791,131,1.86,0.9687,68,1.92,1.0,1,1.87,0.9739,1,0
SPY190731C301,2019-07-29,2019-07-29 09:30:38,1.89,0.9843,90,1.87,0.9739,68,1.92,1.0,1,1.88,0.9791,1,0
SPY190731C301,2019-07-29,2019-07-29 09:30:38,1.89,0.9843,44,1.87,0.9739,68,1.92,1.0,1,1.88,0.9791,1,0
SPY190731C301,2019-07-29,2019-07-29 09:30:39,1.89,0.9843,44,1.87,0.9739,68,1.92,1.0,1,1.88,0.9791,1,0
SPY190731C301,2019-07-29,2019-07-29 09:30:39,1.91,0.9947,218,1.87,0.9739,120,1.92,1.0,1,1.89,0.9843,1,0
SPY190731C301,2019-07-29,2019-07-29 09:30:40,1.91,0.9947,144,1.88,0.9791,131,1.92,1.0,1,1.895,0.9869,1,0
SPY190731C301,2019-07-29,2019-07-29 09:30:41,1.91,0.9947,5,1.89,0.9843,28,1.92,1.0,1,1.9,0.9895,1,0
SPY190731C301,2019-07-29,2019-07-29 09:30:42,1.92,1.0,5,1.9,0.9895,68,1.92,1.0,1,1.91,0.9947,1,0
SPY190731C301,2019-07-29,2019-07-29 09:30:43,1.93,1.0052,317,1.9,0.9895,108,1.92,1.0,1,1.915,0.9973,1,0
SPY190731C301,2019-07-29,2019-07-29 09:30:44,1.93,1.0052,137,1.9,0.9895,89,1.92,1.0,1,1.915,0.9973,1,0
SPY190731C301,2019-07-29,2019-07-29 09:30:44,1.93,1.0052,146,1.9,0.9895,237,1.92,1.0,1,1.915,0.9973,1,0
SPY190731C301,2019-07-29,2019-07-29 09:30:45,1.93,1.0052,137,1.9,0.9895,114,1.92,1.0,1,1.915,0.9973,1,0
SPY190731C301,2019-07-29,2019-07-29 09:30:46,1.94,1.0104,129,1.9,0.9895,129,1.92,1.0,1,1.92,1.0,1,0
SPY190731C301,2019-07-29,2019-07-29 09:30:46,1.93,1.0052,129,1.9,0.9895,153,1.92,1.0,1,1.915,0.9973,1,0
SPY190731C301,2019-07-29,2019-07-29 09:30:47,1.94,1.0104,129,1.9,0.9895,125,1.92,1.0,1,1.92,1.0,1,0
SPY190731C301,2019-07-29,2019-07-29 09:30:48,1.93,1.0052,317,1.9,0.9895,71,1.92,1.0,1,1.915,0.9973,1,0
SPY190731C301,2019-07-29,2019-07-29 09:30:48,1.93,1.0052,213,1.9,0.9895,70,1.92,1.0,1,1.915,0.9973,1,0
SPY190731C301,2019-07-29,2019-07-29 09:30:49,1.92,1.0,124,1.89,0.9843,124,1.92,1.0,1,1.905,0.9921,1,0
SPY190731C301,2019-07-29,2019-07-29 09:30:49,1.93,1.0052,317,1.9,0.9895,115,1.92,1.0,1,1.915,0.9973,1,0
SPY190731C301,2019-07-29,2019-07-29 09:30:50,1.93,1.0052,192,1.9,0.9895,114,1.92,1.0,1,1.915,0.9973,1,0
SPY190731C301,2019-07-29,2019-07-29 09:30:50,1.93,1.0052,254,1.9,0.9895,114,1.92,1.0,1,1.915,0.9973,1,0
SPY190731C301,2019-07-29,2019-07-29 09:30:51,1.93,1.0052,192,1.9,0.9895,119,1.92,1.0,1,1.915,0.9973,1,0
SPY190731C301,2019-07-29,2019-07-29 09:30:52,1.96,1.0208,317,1.92,1.0,40,1.92,1.0,1,1.94,1.0104,1,0
SPY190731C301,2019-07-29,2019-07-29 09:30:52,1.96,1.0208,317,1.92,1.0,132,1.92,1.0,1,1.94,1.0104,1,0
SPY190731C301,2019-07-29,2019-07-29 09:30:53,1.95,1.0156,129,1.92,1.0,124,1.92,1.0,1,1.935,1.0078,1,0
SPY190731C301,2019-07-29,2019-07-29 09:30:54,1.95,1.0156,152,1.92,1.0,124,1.92,1.0,1,1.935,1.0078,1,0
SPY190731C301,2019-07-29,2019-07-29 09:30:55,1.95,1.0156,152,1.93,1.0052,28,1.92,1.0,1,1.94,1.0104,1,0
SPY190731C301,2019-07-29,2019-07-29 09:30:55,1.94,1.0104,90,1.91,0.9947,35,1.92,1.0,1,1.925,1.0026,1,0
SPY190731C301,2019-07-29,2019-07-29 09:30:56,1.95,1.0156,40,1.92,1.0,40,1.92,1.0,1,1.935,1.0078,1,0
SPY190731C301,2019-07-29,2019-07-29 09:30:57,1.97,1.026,5,1.94,1.0104,28,1.92,1.0,1,1.955,1.0182,1,0
SPY190731C301,2019-07-29,2019-07-29 09:30:57,1.97,1.026,50,1.94,1.0104,64,1.92,1.0,1,1.955,1.0182,1,0
SPY190731C301,2019-07-29,2019-07-29 09:30:58,1.96,1.0208,84,1.94,1.0104,64,1.92,1.0,1,1.95,1.0156,1,0
SPY190731C301,2019-07-29,2019-07-29 09:30:59,1.96,1.0208,84,1.94,1.0104,64,1.92,1.0,1,1.95,1.0156,1,0
SPY190731C301,2019-07-29,2019-07-29 09:30:59,1.96,1.0208,48,1.94,1.0104,80,1.92,1.0,1,1.95,1.0156,1,0
SPY190731C301,2019-07-29,2019-07-29 09:31:00,1.96,1.0208,19,1.95,1.0156,29,1.92,1.0,1,1.955,1.0182,1,0
SPY190731C301,2019-07-29,2019-07-29 09:31:00,1.96,1.0208,19,1.95,1.0156,83,1.92,1.0,1,1.955,1.0182,1,0
SPY190731C301,2019-07-29,2019-07-29 09:31:01,1.96,1.0208,19,1.95,1.0156,83,1.92,1.0,1,1.955,1.0182,1,0
SPY190731C301,2019-07-29,2019-07-29 09:31:01,1.96,1.0208,19,1.95,1.0156,129,1.92,1.0,1,1.955,1.0182,1,0
SPY190731C301,2019-07-29,2019-07-29 09:31:02,1.96,1.0208,19,1.95,1.0156,129,1.92,1.0,1,1.955,1.0182,1,0
SPY190731C301,2019-07-29,2019-07-29 09:31:03,1.96,1.0208,19,1.95,1.0156,119,1.92,1.0,1,1.955,1.0182,1,0
SPY190731C301,2019-07-29,2019-07-29 09:31:04,1.96,1.0208,19,1.95,1.0156,119,1.92,1.0,1,1.955,1.0182,1,0
SPY190731C301,2019-07-29,2019-07-29 09:31:04,1.96,1.0208,19,1.95,1.0156,73,1.92,1.0,1,1.955,1.0182,1,0
SPY190731C301,2019-07-29,2019-07-29 09:31:05,1.96,1.0208,19,1.95,1.0156,115,1.92,1.0,1,1.955,1.0182,1,0
SPY190731C301,2019-07-29,2019-07-29 09:31:06,1.96,1.0208,19,1.95,1.0156,115,1.92,1.0,1,1.955,1.0182,1,0
SPY190731C301,2019-07-29,2019-07-29 09:31:07,1.96,1.0208,19,1.95,1.0156,115,1.92,1.0,1,1.955,1.0182,1,0
SPY190731C301,2019-07-29,2019-07-29 09:31:08,1.96,1.0208,19,1.95,1.0156,115,1.92,1.0,1,1.955,1.0182,1,0
SPY190731C301,2019-07-29,2019-07-29 09:31:09,1.96,1.0208,19,1.95,1.0156,69,1.92,1.0,1,1.955,1.0182,1,0
SPY190731C301,2019-07-29,2019-07-29 09:31:09,1.96,1.0208,19,1.95,1.0156,29,1.92,1.0,1,1.955,1.0182,1,0
SPY190731C301,2019-07-29,2019-07-29 09:31:10,1.96,1.0208,19,1.95,1.0156,29,1.92,1.0,1,1.955,1.0182,1,0
SPY190731C301,2019-07-29,2019-07-29 09:31:11,1.96,1.0208,19,1.94,1.0104,109,1.92,1.0,1,1.95,1.0156,1,0
SPY190731C301,2019-07-29,2019-07-29 09:31:12,1.96,1.0208,19,1.94,1.0104,109,1.92,1.0,1,1.95,1.0156,1,0
SPY190731C301,2019-07-29,2019-07-29 09:31:13,1.96,1.0208,59,1.92,1.0,170,1.92,1.0,1,1.94,1.0104,1,0
SPY190731C301,2019-07-29,2019-07-29 09:31:14,1.95,1.0156,90,1.92,1.0,50,1.92,1.0,1,1.935,1.0078,1,0
SPY190731C301,2019-07-29,2019-07-29 09:31:14,1.95,1.0156,110,1.92,1.0,129,1.92,1.0,1,1.935,1.0078,1,0
SPY190731C301,2019-07-29,2019-07-29 09:31:15,1.93,1.0052,210,1.89,0.9843,210,1.92,1.0,1,1.91,0.9947,1,0
SPY190731C301,2019-07-29,2019-07-29 09:31:16,1.92,1.0,129,1.89,0.9843,130,1.92,1.0,1,1.905,0.9921,1,0
SPY190731C301,2019-07-29,2019-07-29 09:31:16,1.92,1.0,166,1.89,0.9843,161,1.92,1.0,1,1.905,0.9921,1,0
SPY190731C301,2019-07-29,2019-07-29 09:31:17,1.92,1.0,61,1.89,0.9843,175,1.92,1.0,1,1.905,0.9921,1,0
SPY190731C301,2019-07-29,2019-07-29 09:31:18,1.92,1.0,93,1.89,0.9843,255,1.92,1.0,1,1.905,0.9921,1,0
SPY190731C301,2019-07-29,2019-07-29 09:31:19,1.94,1.0104,89,1.9,0.9895,213,1.92,1.0,1,1.92,1.0,1,0
SPY190731C301,2019-07-29,2019-07-29 09:31:19,1.94,1.0104,89,1.91,0.9947,129,1.92,1.0,1,1.925,1.0026,1,0
SPY190731C301,2019-07-29,2019-07-29 09:31:20,1.94,1.0104,180,1.91,0.9947,129,1.92,1.0,1,1.925,1.0026,1,0
SPY190731C301,2019-07-29,2019-07-29 09:31:20,1.94,1.0104,373,1.9,0.9895,203,1.92,1.0,1,1.92,1.0,1,0
SPY190731C301,2019-07-29,2019-07-29 09:31:21,1.94,1.0104,373,1.91,0.9947,101,1.92,1.0,1,1.925,1.0026,1,0
SPY190731C301,2019-07-29,2019-07-29 09:31:22,1.94,1.0104,156,1.91,0.9947,221,1.92,1.0,1,1.925,1.0026,1,0
SPY190731C301,2019-07-29,2019-07-29 09:31:23,1.95,1.0156,198,1.92,1.0,124,1.92,1.0,1,1.935,1.0078,1,0
SPY190731C301,2019-07-29,2019-07-29 09:31:23,1.95,1.0156,313,1.92,1.0,129,1.92,1.0,1,1.935,1.0078,1,0
SPY190731C301,2019-07-29,2019-07-29 09:31:24,1.95,1.0156,129,1.92,1.0,136,1.92,1.0,1,1.935,1.0078,1,0
SPY190731C301,2019-07-29,2019-07-29 09:31:24,1.95,1.0156,100,1.87,0.9739,156,1.92,1.0,1,1.91,0.9947,1,0
SPY190731C301,2019-07-29,2019-07-29 09:31:25,1.95,1.0156,129,1.92,1.0,136,1.92,1.0,1,1.935,1.0078,1,0
SPY190731C301,2019-07-29,2019-07-29 09:31:26,1.95,1.0156,129,1.93,1.0052,40,1.92,1.0,1,1.94,1.0104,1,0
SPY190731C301,2019-07-29,2019-07-29 09:31:26,1.95,1.0156,139,1.93,1.0052,40,1.92,1.0,1,1.94,1.0104,1,0
SPY190731C301,2019-07-29,2019-07-29 09:31:27,1.95,1.0156,129,1.93,1.0052,40,1.92,1.0,1,1.94,1.0104,1,0
SPY190731C301,2019-07-29,2019-07-29 09:31:27,1.96,1.0208,110,1.93,1.0052,231,1.92,1.0,1,1.945,1.013,1,0
SPY190731C301,2019-07-29,2019-07-29 09:31:28,1.96,1.0208,36,1.94,1.0104,29,1.92,1.0,1,1.95,1.0156,1,0
SPY190731C301,2019-07-29,2019-07-29 09:31:29,1.96,1.0208,19,1.94,1.0104,79,1.92,1.0,1,1.95,1.0156,1,0
SPY190731C301,2019-07-29,2019-07-29 09:31:29,1.96,1.0208,109,1.94,1.0104,29,1.92,1.0,1,1.95,1.0156,1,0
SPY190731C301,2019-07-29,2019-07-29 09:31:30,1.96,1.0208,50,1.94,1.0104,39,1.92,1.0,1,1.95,1.0156,1,0
SPY190731C301,2019-07-29,2019-07-29 09:31:31,1.96,1.0208,60,1.94,1.0104,39,1.92,1.0,1,1.95,1.0156,1,0
SPY190731C301,2019-07-29,2019-07-29 09:31:31,1.96,1.0208,29,1.95,1.0156,29,1.92,1.0,1,1.955,1.0182,1,0
SPY190731C301,2019-07-29,2019-07-29 09:31:32,1.96,1.0208,19,1.95,1.0156,48,1.92,1.0,1,1.955,1.0182,1,0
SPY190731C301,2019-07-29,2019-07-29 09:31:32,1.96,1.0208,29,1.95,1.0156,29,1.92,1.0,1,1.955,1.0182,1,0
SPY190731C301,2019-07-29,2019-07-29 09:31:33,1.96,1.0208,19,1.95,1.0156,95,1.92,1.0,1,1.955,1.0182,1,0
SPY190731C301,2019-07-29,2019-07-29 09:31:34,1.98,1.0312,129,1.96,1.0208,29,1.96,1.0208,19,1.97,1.026,20,19
SPY190731C301,2019-07-29,2019-07-29 09:31:35,1.98,1.0312,129,1.96,1.0208,29,1.96,1.0208,19,1.97,1.026,20,0
SPY190731C301,2019-07-29,2019-07-29 09:31:35,1.98,1.0312,119,1.96,1.0208,29,1.96,1.0208,19,1.97,1.026,20,0
SPY190731C301,2019-07-29,2019-07-29 09:31:36,1.98,1.0312,129,1.96,1.0208,29,1.96,1.0208,19,1.97,1.026,20,0
SPY190731C301,2019-07-29,2019-07-29 09:31:36,1.98,1.0312,119,1.96,1.0208,29,1.96,1.0208,19,1.97,1.026,20,0
SPY190731C301,2019-07-29,2019-07-29 09:31:37,1.98,1.0312,119,1.96,1.0208,29,1.96,1.0208,19,1.97,1.026,20,0
SPY190731C301,2019-07-29,2019-07-29 09:31:38,1.97,1.026,100,1.95,1.0156,68,1.96,1.0208,19,1.96,1.0208,20,0
SPY190731C301,2019-07-29,2019-07-29 09:31:38,1.98,1.0312,253,1.96,1.0208,30,1.96,1.0208,19,1.97,1.026,20,0
SPY190731C301,2019-07-29,2019-07-29 09:31:39,1.97,1.026,31,1.95,1.0156,78,1.96,1.0208,19,1.96,1.0208,20,0
SPY190731C301,2019-07-29,2019-07-29 09:31:39,1.98,1.0312,286,1.95,1.0156,78,1.96,1.0208,19,1.965,1.0234,20,0
SPY190731C301,2019-07-29,2019-07-29 09:31:40,1.97,1.026,70,1.95,1.0156,68,1.96,1.0208,19,1.96,1.0208,20,0
SPY190731C301,2019-07-29,2019-07-29 09:31:41,1.98,1.0312,286,1.95,1.0156,78,1.96,1.0208,19,1.965,1.0234,20,0
SPY190731C301,2019-07-29,2019-07-29 09:31:41,1.97,1.026,70,1.95,1.0156,78,1.96,1.0208,19,1.96,1.0208,20,0
SPY190731C301,2019-07-29,2019-07-29 09:31:42,1.98,1.0312,119,1.96,1.0208,36,1.96,1.0208,19,1.97,1.026,20,0
SPY190731C301,2019-07-29,2019-07-29 09:31:42,1.98,1.0312,286,1.95,1.0156,107,1.96,1.0208,19,1.965,1.0234,20,0
SPY190731C301,2019-07-29,2019-07-29 09:31:43,1.98,1.0312,119,1.96,1.0208,28,1.96,1.0208,19,1.97,1.026,20,0
SPY190731C301,2019-07-29,2019-07-29 09:31:44,1.98,1.0312,119,1.96,1.0208,28,1.96,1.0208,19,1.97,1.026,20,0
SPY190731C301,2019-07-29,2019-07-29 09:31:44,1.98,1.0312,186,1.96,1.0208,28,1.96,1.0208,19,1.97,1.026,20,0
SPY190731C301,2019-07-29,2019-07-29 09:31:45,1.97,1.026,40,1.94,1.0104,62,1.96,1.0208,19,1.955,1.0182,20,0
SPY190731C301,2019-07-29,2019-07-29 09:31:45,1.98,1.0312,212,1.96,1.0208,28,1.96,1.0208,19,1.97,1.026,20,0
SPY190731C301,2019-07-29,2019-07-29 09:31:46,1.97,1.026,99,1.94,1.0104,129,1.96,1.0208,19,1.955,1.0182,20,0
SPY190731C301,2019-07-29,2019-07-29 09:31:47,1.97,1.026,180,1.94,1.0104,88,1.96,1.0208,19,1.955,1.0182,20,0
SPY190731C301,2019-07-29,2019-07-29 09:31:47,1.97,1.026,190,1.94,1.0104,119,1.96,1.0208,19,1.955,1.0182,20,0
SPY190731C301,2019-07-29,2019-07-29 09:31:48,1.96,1.0208,5,1.94,1.0104,27,1.96,1.0208,19,1.95,1.0156,20,0
SPY190731C301,2019-07-29,2019-07-29 09:31:48,1.97,1.026,180,1.94,1.0104,58,1.96,1.0208,19,1.955,1.0182,20,0
SPY190731C301,2019-07-29,2019-07-29 09:31:49,1.96,1.0208,192,1.94,1.0104,27,1.96,1.0208,19,1.95,1.0156,20,0
SPY190731C301,2019-07-29,2019-07-29 09:31:49,1.96,1.0208,148,1.94,1.0104,27,1.96,1.0208,19,1.95,1.0156,20,0
SPY190731C301,2019-07-29,2019-07-29 09:31:50,1.96,1.0208,192,1.94,1.0104,37,1.96,1.0208,19,1.95,1.0156,20,0
SPY190731C301,2019-07-29,2019-07-29 09:31:51,1.96,1.0208,82,1.94,1.0104,37,1.96,1.0208,19,1.95,1.0156,20,0
SPY190731C301,2019-07-29,2019-07-29 09:31:51,1.96,1.0208,82,1.94,1.0104,55,1.96,1.0208,19,1.95,1.0156,20,0
SPY190731C301,2019-07-29,2019-07-29 09:31:52,1.96,1.0208,230,1.94,1.0104,27,1.96,1.0208,19,1.95,1.0156,20,0
SPY190731C301,2019-07-29,2019-07-29 09:31:53,1.96,1.0208,230,1.94,1.0104,27,1.96,1.0208,19,1.95,1.0156,20,0
SPY190731C301,2019-07-29,2019-07-29 09:31:53,1.96,1.0208,186,1.94,1.0104,27,1.96,1.0208,19,1.95,1.0156,20,0
SPY190731C301,2019-07-29,2019-07-29 09:31:54,1.96,1.0208,123,1.94,1.0104,27,1.96,1.0208,19,1.95,1.0156,20,0
SPY190731C301,2019-07-29,2019-07-29 09:31:55,1.97,1.026,210,1.94,1.0104,55,1.96,1.0208,19,1.955,1.0182,20,0
SPY190731C301,2019-07-29,2019-07-29 09:31:56,1.97,1.026,312,1.94,1.0104,112,1.96,1.0208,19,1.955,1.0182,20,0
SPY190731C301,2019-07-29,2019-07-29 09:31:56,1.98,1.0312,210,1.95,1.0156,82,1.96,1.0208,19,1.965,1.0234,20,0
SPY190731C301,2019-07-29,2019-07-29 09:31:57,1.98,1.0312,312,1.95,1.0156,82,1.96,1.0208,19,1.965,1.0234,20,0
SPY190731C301,2019-07-29,2019-07-29 09:31:58,1.98,1.0312,322,1.95,1.0156,82,1.96,1.0208,19,1.965,1.0234,20,0
SPY190731C301,2019-07-29,2019-07-29 09:31:59,1.98,1.0312,322,1.95,1.0156,57,1.96,1.0208,19,1.965,1.0234,20,0
SPY190731C301,2019-07-29,2019-07-29 09:31:59,1.98,1.0312,229,1.95,1.0156,124,1.96,1.0208,19,1.965,1.0234,20,0
SPY190731C301,2019-07-29,2019-07-29 09:32:00,1.97,1.026,10,1.95,1.0156,135,1.96,1.0208,19,1.96,1.0208,20,0
SPY190731C301,2019-07-29,2019-07-29 09:32:01,1.97,1.026,91,1.95,1.0156,67,1.96,1.0208,19,1.96,1.0208,20,0
SPY190731C301,2019-07-29,2019-07-29 09:32:01,1.97,1.026,91,1.95,1.0156,57,1.96,1.0208,19,1.96,1.0208,20,0
SPY190731C301,2019-07-29,2019-07-29 09:32:02,1.97,1.026,40,1.95,1.0156,80,1.96,1.0208,19,1.96,1.0208,20,0
SPY190731C301,2019-07-29,2019-07-29 09:32:02,1.97,1.026,20,1.95,1.0156,120,1.96,1.0208,19,1.96,1.0208,20,0
SPY190731C301,2019-07-29,2019-07-29 09:32:03,1.96,1.0208,6,1.95,1.0156,79,1.96,1.0208,19,1.955,1.0182,20,0
SPY190731C301,2019-07-29,2019-07-29 09:32:04,1.97,1.026,20,1.95,1.0156,109,1.96,1.0208,19,1.96,1.0208,20,0
SPY190731C301,2019-07-29,2019-07-29 09:32:04,1.98,1.0312,229,1.95,1.0156,119,1.96,1.0208,19,1.965,1.0234,20,0
SPY190731C301,2019-07-29,2019-07-29 09:32:05,1.97,1.026,20,1.95,1.0156,129,1.96,1.0208,19,1.96,1.0208,20,0
SPY190731C301,2019-07-29,2019-07-29 09:32:06,1.96,1.0208,10,1.95,1.0156,27,1.96,1.0208,19,1.955,1.0182,20,0
SPY190731C301,2019-07-29,2019-07-29 09:32:06,1.98,1.0312,235,1.95,1.0156,129,1.96,1.0208,19,1.965,1.0234,20,0
SPY190731C301,2019-07-29,2019-07-29 09:32:07,1.96,1.0208,90,1.93,1.0052,164,1.96,1.0208,19,1.945,1.013,20,0
SPY190731C301,2019-07-29,2019-07-29 09:32:07,1.96,1.0208,10,1.94,1.0104,137,1.96,1.0208,19,1.95,1.0156,20,0
SPY190731C301,2019-07-29,2019-07-29 09:32:08,1.96,1.0208,90,1.93,1.0052,239,1.96,1.0208,19,1.945,1.013,20,0
SPY190731C301,2019-07-29,2019-07-29 09:32:08,1.96,1.0208,108,1.93,1.0052,239,1.96,1.0208,19,1.945,1.013,20,0
SPY190731C301,2019-07-29,2019-07-29 09:32:09,1.96,1.0208,135,1.93,1.0052,185,1.96,1.0208,19,1.945,1.013,20,0
SPY190731C301,2019-07-29,2019-07-29 09:32:10,1.95,1.0156,10,1.93,1.0052,204,1.96,1.0208,19,1.94,1.0104,20,0
SPY190731C301,2019-07-29,2019-07-29 09:32:10,1.95,1.0156,6,1.94,1.0104,59,1.96,1.0208,19,1.945,1.013,20,0
SPY190731C301,2019-07-29,2019-07-29 09:32:11,1.96,1.0208,201,1.93,1.0052,204,1.96,1.0208,19,1.945,1.013,20,0
SPY190731C301,2019-07-29,2019-07-29 09:32:12,1.94,1.0104,44,1.92,1.0,110,1.96,1.0208,19,1.93,1.0052,20,0
SPY190731C301,2019-07-29,2019-07-29 09:32:12,1.95,1.0156,20,1.93,1.0052,339,1.96,1.0208,19,1.94,1.0104,20,0
SPY190731C301,2019-07-29,2019-07-29 09:32:13,1.95,1.0156,270,1.92,1.0,66,1.96,1.0208,19,1.935,1.0078,20,0
SPY190731C301,2019-07-29,2019-07-29 09:32:14,1.93,1.0052,189,1.91,0.9947,88,1.96,1.0208,19,1.92,1.0,20,0
SPY190731C301,2019-07-29,2019-07-29 09:32:14,1.92,1.0,6,1.91,0.9947,82,1.96,1.0208,19,1.915,0.9973,20,0
SPY190731C301,2019-07-29,2019-07-29 09:32:15,1.92,1.0,6,1.91,0.9947,27,1.96,1.0208,19,1.915,0.9973,20,0
SPY190731C301,2019-07-29,2019-07-29 09:32:15,1.93,1.0052,58,1.91,0.9947,60,1.96,1.0208,19,1.92,1.0,20,0
SPY190731C301,2019-07-29,2019-07-29 09:32:16,1.92,1.0,6,1.91,0.9947,70,1.96,1.0208,19,1.915,0.9973,20,0
SPY190731C301,2019-07-29,2019-07-29 09:32:16,1.94,1.0104,6,1.92,1.0,144,1.96,1.0208,19,1.93,1.0052,20,0
SPY190731C301,2019-07-29,2019-07-29 09:32:17,1.93,1.0052,6,1.92,1.0,154,1.96,1.0208,19,1.925,1.0026,20,0
SPY190731C301,2019-07-29,2019-07-29 09:32:18,1.94,1.0104,6,1.93,1.0052,27,1.96,1.0208,19,1.935,1.0078,20,0
SPY190731C301,2019-07-29,2019-07-29 09:32:18,1.94,1.0104,6,1.92,1.0,34,1.96,1.0208,19,1.93,1.0052,20,0
SPY190731C301,2019-07-29,2019-07-29 09:32:19,1.94,1.0104,6,1.93,1.0052,27,1.96,1.0208,19,1.935,1.0078,20,0
SPY190731C301,2019-07-29,2019-07-29 09:32:20,1.94,1.0104,10,1.91,0.9947,140,1.93,1.0052,3,1.925,1.0026,26,6
SPY190731C301,2019-07-29,2019-07-29 09:32:20,1.94,1.0104,17,1.93,1.0052,27,1.96,1.0208,19,1.935,1.0078,20,0
SPY190731C301,2019-07-29,2019-07-29 09:32:21,1.93,1.0052,26,1.92,1.0,27,1.93,1.0052,3,1.925,1.0026,26,0
SPY190731C301,2019-07-29,2019-07-29 09:32:22,1.93,1.0052,11,1.91,0.9947,14,1.93,1.0052,3,1.92,1.0,26,0
SPY190731C301,2019-07-29,2019-07-29 09:32:22,1.93,1.0052,16,1.92,1.0,27,1.93,1.0052,3,1.925,1.0026,26,0
SPY190731C301,2019-07-29,2019-07-29 09:32:23,1.93,1.0052,53,1.91,0.9947,67,1.93,1.0052,3,1.92,1.0,26,0
SPY190731C301,2019-07-29,2019-07-29 09:32:23,1.93,1.0052,64,1.91,0.9947,67,1.93,1.0052,3,1.92,1.0,26,0
SPY190731C301,2019-07-29,2019-07-29 09:32:24,1.92,1.0,6,1.91,0.9947,67,1.93,1.0052,3,1.915,0.9973,26,0
SPY190731C301,2019-07-29,2019-07-29 09:32:25,1.91,0.9947,10,1.9,0.9895,27,1.93,1.0052,3,1.905,0.9921,26,0
SPY190731C301,2019-07-29,2019-07-29 09:32:25,1.91,0.9947,6,1.9,0.9895,27,1.93,1.0052,3,1.905,0.9921,26,0
SPY190731C301,2019-07-29,2019-07-29 09:32:26,1.9,0.9895,14,1.88,0.9791,122,1.93,1.0052,3,1.89,0.9843,26,0
SPY190731C301,2019-07-29,2019-07-29 09:32:27,1.88,0.9791,10,1.86,0.9687,116,1.93,1.0052,3,1.87,0.9739,26,0
SPY190731C301,2019-07-29,2019-07-29 09:32:27,1.89,0.9843,100,1.87,0.9739,27,1.93,1.0052,3,1.88,0.9791,26,0
SPY190731C301,2019-07-29,2019-07-29 09:32:28,1.88,0.9791,19,1.86,0.9687,73,1.93,1.0052,3,1.87,0.9739,26,0
SPY190731C301,2019-07-29,2019-07-29 09:32:29,1.86,0.9687,6,1.85,0.9635,27,1.93,1.0052,3,1.855,0.9661,26,0
SPY190731C301,2019-07-29,2019-07-29 09:32:30,1.88,0.9791,210,1.85,0.9635,144,1.93,1.0052,3,1.865,0.9713,26,0
SPY190731C301,2019-07-29,2019-07-29 09:32:30,1.88,0.9791,210,1.85,0.9635,116,1.93,1.0052,3,1.865,0.9713,26,0
SPY190731C301,2019-07-29,2019-07-29 09:32:31,1.87,0.9739,21,1.85,0.9635,130,1.93,1.0052,3,1.86,0.9687,26,0
SPY190731C301,2019-07-29,2019-07-29 09:32:32,1.87,0.9739,16,1.85,0.9635,158,1.93,1.0052,3,1.86,0.9687,26,0
SPY190731C301,2019-07-29,2019-07-29 09:32:32,1.89,0.9843,226,1.86,0.9687,55,1.93,1.0052,3,1.875,0.9765,26,0
SPY190731C301,2019-07-29,2019-07-29 09:32:33,1.88,0.9791,73,1.85,0.9635,189,1.93,1.0052,3,1.865,0.9713,26,0
SPY190731C301,2019-07-29,2019-07-29 09:32:34,1.87,0.9739,6,1.86,0.9687,77,1.93,1.0052,3,1.865,0.9713,26,0
SPY190731C301,2019-07-29,2019-07-29 09:32:34,1.87,0.9739,22,1.86,0.9687,77,1.93,1.0052,3,1.865,0.9713,26,0
SPY190731C301,2019-07-29,2019-07-29 09:32:35,1.87,0.9739,21,1.85,0.9635,73,1.93,1.0052,3,1.86,0.9687,26,0
SPY190731C301,2019-07-29,2019-07-29 09:32:36,1.87,0.9739,19,1.85,0.9635,94,1.93,1.0052,3,1.86,0.9687,26,0
SPY190731C301,2019-07-29,2019-07-29 09:32:36,1.87,0.9739,6,1.86,0.9687,27,1.93,1.0052,3,1.865,0.9713,26,0
SPY190731C301,2019-07-29,2019-07-29 09:32:37,1.87,0.9739,116,1.85,0.9635,27,1.93,1.0052,3,1.86,0.9687,26,0
SPY190731C301,2019-07-29,2019-07-29 09:32:38,1.86,0.9687,6,1.85,0.9635,27,1.93,1.0052,3,1.855,0.9661,26,0
SPY190731C301,2019-07-29,2019-07-29 09:32:38,1.87,0.9739,102,1.85,0.9635,73,1.93,1.0052,3,1.86,0.9687,26,0
SPY190731C301,2019-07-29,2019-07-29 09:32:39,1.87,0.9739,21,1.85,0.9635,123,1.93,1.0052,3,1.86,0.9687,26,0
SPY190731C301,2019-07-29,2019-07-29 09:32:39,1.87,0.9739,33,1.85,0.9635,128,1.93,1.0052,3,1.86,0.9687,26,0
SPY190731C301,2019-07-29,2019-07-29 09:32:40,1.87,0.9739,56,1.85,0.9635,123,1.93,1.0052,3,1.86,0.9687,26,0
SPY190731C301,2019-07-29,2019-07-29 09:32:41,1.87,0.9739,21,1.85,0.9635,133,1.93,1.0052,3,1.86,0.9687,26,0
SPY190731C301,2019-07-29,2019-07-29 09:32:41,1.87,0.9739,47,1.85,0.9635,127,1.93,1.0052,3,1.86,0.9687,26,0
SPY190731C301,2019-07-29,2019-07-29 09:32:42,1.87,0.9739,47,1.85,0.9635,133,1.93,1.0052,3,1.86,0.9687,26,0
SPY190731C301,2019-07-29,2019-07-29 09:32:42,1.87,0.9739,65,1.85,0.9635,105,1.93,1.0052,3,1.86,0.9687,26,0
SPY190731C301,2019-07-29,2019-07-29 09:32:43,1.87,0.9739,71,1.85,0.9635,111,1.93,1.0052,3,1.86,0.9687,26,0
SPY190731C301,2019-07-29,2019-07-29 09:32:44,1.88,0.9791,68,1.86,0.9687,111,1.93,1.0052,3,1.87,0.9739,26,0
SPY190731C301,2019-07-29,2019-07-29 09:32:44,1.89,0.9843,253,1.86,0.9687,72,1.93,1.0052,3,1.875,0.9765,26,0
SPY190731C301,2019-07-29,2019-07-29 09:32:45,1.88,0.9791,47,1.86,0.9687,111,1.93,1.0052,3,1.87,0.9739,26,0
SPY190731C301,2019-07-29,2019-07-29 09:32:46,1.88,0.9791,16,1.86,0.9687,111,1.93,1.0052,3,1.87,0.9739,26,0
SPY190731C301,2019-07-29,2019-07-29 09:32:46,1.88,0.9791,16,1.86,0.9687,142,1.93,1.0052,3,1.87,0.9739,26,0
SPY190731C301,2019-07-29,2019-07-29 09:32:47,1.88,0.9791,189,1.86,0.9687,31,1.86,0.9687,1,1.87,0.9739,27,1
SPY190731C301,2019-07-29,2019-07-29 09:32:48,1.87,0.9739,16,1.86,0.9687,1,1.86,0.9687,1,1.865,0.9713,28,0
SPY190731C301,2019-07-29,2019-07-29 09:32:48,1.88,0.9791,15,1.86,0.9687,48,1.86,0.9687,1,1.87,0.9739,28,1
SPY190731C301,2019-07-29,2019-07-29 09:32:49,1.87,0.9739,21,1.86,0.9687,6,1.86,0.9687,1,1.865,0.9713,28,0
SPY190731C301,2019-07-29,2019-07-29 09:32:50,1.87,0.9739,56,1.85,0.9635,159,1.86,0.9687,1,1.86,0.9687,28,0
SPY190731C301,2019-07-29,2019-07-29 09:32:51,1.87,0.9739,56,1.85,0.9635,159,1.86,0.9687,1,1.86,0.9687,28,0
SPY190731C301,2019-07-29,2019-07-29 09:32:51,1.87,0.9739,82,1.85,0.9635,133,1.86,0.9687,1,1.86,0.9687,28,0
SPY190731C301,2019-07-29,2019-07-29 09:32:52,1.87,0.9739,142,1.85,0.9635,37,1.87,0.9739,5,1.86,0.9687,33,5
SPY190731C301,2019-07-29,2019-07-29 09:32:52,1.87,0.9739,142,1.85,0.9635,37,1.87,0.9739,5,1.86,0.9687,33,0
SPY190731C301,2019-07-29,2019-07-29 09:32:53,1.86,0.9687,16,1.85,0.9635,100,1.87,0.9739,5,1.855,0.9661,33,0
SPY190731C301,2019-07-29,2019-07-29 09:32:54,1.87,0.9739,116,1.85,0.9635,100,1.87,0.9739,5,1.86,0.9687,33,0
SPY190731C301,2019-07-29,2019-07-29 09:32:54,1.88,0.9791,131,1.85,0.9635,127,1.87,0.9739,5,1.865,0.9713,33,0
SPY190731C301,2019-07-29,2019-07-29 09:32:55,1.87,0.9739,117,1.85,0.9635,111,1.87,0.9739,5,1.86,0.9687,33,0
SPY190731C301,2019-07-29,2019-07-29 09:32:55,1.87,0.9739,166,1.85,0.9635,119,1.87,0.9739,5,1.86,0.9687,33,0
SPY190731C301,2019-07-29,2019-07-29 09:32:56,1.87,0.9739,66,1.85,0.9635,109,1.87,0.9739,5,1.86,0.9687,33,0
SPY190731C301,2019-07-29,2019-07-29 09:32:57,1.86,0.9687,195,1.83,0.9531,68,1.87,0.9739,5,1.845,0.9609,33,0
SPY190731C301,2019-07-29,2019-07-29 09:32:57,1.87,0.9739,63,1.85,0.9635,83,1.87,0.9739,5,1.86,0.9687,33,0
SPY190731C301,2019-07-29,2019-07-29 09:32:58,1.85,0.9635,17,1.83,0.9531,68,1.87,0.9739,5,1.84,0.9583,33,0
SPY190731C301,2019-07-29,2019-07-29 09:32:59,1.84,0.9583,17,1.83,0.9531,27,1.87,0.9739,5,1.835,0.9557,33,0
SPY190731C301,2019-07-29,2019-07-29 09:32:59,1.84,0.9583,6,1.83,0.9531,27,1.87,0.9739,5,1.835,0.9557,33,0
SPY190731C301,2019-07-29,2019-07-29 09:33:00,1.84,0.9583,17,1.83,0.9531,6,1.87,0.9739,5,1.835,0.9557,33,0
SPY190731C301,2019-07-29,2019-07-29 09:33:01,1.84,0.9583,22,1.82,0.9479,212,1.87,0.9739,5,1.83,0.9531,33,0
SPY190731C301,2019-07-29,2019-07-29 09:33:02,1.83,0.9531,140,1.81,0.9427,97,1.87,0.9739,5,1.82,0.9479,33,0
SPY190731C301,2019-07-29,2019-07-29 09:33:02,1.83,0.9531,100,1.81,0.9427,73,1.87,0.9739,5,1.82,0.9479,33,0
SPY190731C301,2019-07-29,2019-07-29 09:33:03,1.83,0.9531,117,1.81,0.9427,60,1.87,0.9739,5,1.82,0.9479,33,0
SPY190731C301,2019-07-29,2019-07-29 09:33:03,1.83,0.9531,104,1.81,0.9427,90,1.87,0.9739,5,1.82,0.9479,33,0
SPY190731C301,2019-07-29,2019-07-29 09:33:04,1.83,0.9531,70,1.81,0.9427,100,1.87,0.9739,5,1.82,0.9479,33,0
SPY190731C301,2019-07-29,2019-07-29 09:33:05,1.83,0.9531,57,1.81,0.9427,105,1.87,0.9739,5,1.82,0.9479,33,0
SPY190731C301,2019-07-29,2019-07-29 09:33:06,1.83,0.9531,59,1.81,0.9427,95,1.87,0.9739,5,1.82,0.9479,33,0
SPY190731C301,2019-07-29,2019-07-29 09:33:07,1.83,0.9531,59,1.81,0.9427,97,1.87,0.9739,5,1.82,0.9479,33,0
SPY190731C301,2019-07-29,2019-07-29 09:33:08,1.82,0.9479,40,1.8,0.9375,55,1.87,0.9739,5,1.81,0.9427,33,0
SPY190731C301,2019-07-29,2019-07-29 09:33:08,1.81,0.9427,19,1.8,0.9375,50,1.87,0.9739,5,1.805,0.9401,33,0
SPY190731C301,2019-07-29,2019-07-29 09:33:09,1.83,0.9531,40,1.8,0.9375,216,1.87,0.9739,5,1.815,0.9453,33,0
SPY190731C301,2019-07-29,2019-07-29 09:33:10,1.83,0.9531,59,1.81,0.9427,122,1.87,0.9739,5,1.82,0.9479,33,0
SPY190731C301,2019-07-29,2019-07-29 09:33:10,1.82,0.9479,40,1.8,0.9375,287,1.87,0.9739,5,1.81,0.9427,33,0
SPY190731C301,2019-07-29,2019-07-29 09:33:11,1.83,0.9531,19,1.81,0.9427,135,1.87,0.9739,5,1.82,0.9479,33,0
SPY190731C301,2019-07-29,2019-07-29 09:33:11,1.83,0.9531,29,1.81,0.9427,122,1.87,0.9739,5,1.82,0.9479,33,0
SPY190731C301,2019-07-29,2019-07-29 09:33:12,1.83,0.9531,35,1.82,0.9479,7,1.87,0.9739,5,1.825,0.9505,33,0
SPY190731C301,2019-07-29,2019-07-29 09:33:13,1.83,0.9531,35,1.82,0.9479,7,1.87,0.9739,5,1.825,0.9505,33,0
SPY190731C301,2019-07-29,2019-07-29 09:33:13,1.83,0.9531,59,1.81,0.9427,175,1.87,0.9739,5,1.82,0.9479,33,0
SPY190731C301,2019-07-29,2019-07-29 09:33:14,1.83,0.9531,59,1.81,0.9427,105,1.87,0.9739,5,1.82,0.9479,33,0
SPY190731C301,2019-07-29,2019-07-29 09:33:15,1.82,0.9479,165,1.81,0.9427,56,1.87,0.9739,5,1.815,0.9453,33,0
SPY190731C301,2019-07-29,2019-07-29 09:33:16,1.82,0.9479,105,1.8,0.9375,66,1.87,0.9739,5,1.81,0.9427,33,0
SPY190731C301,2019-07-29,2019-07-29 09:33:16,1.81,0.9427,10,1.8,0.9375,84,1.87,0.9739,5,1.805,0.9401,33,0
SPY190731C301,2019-07-29,2019-07-29 09:33:17,1.8,0.9375,19,1.78,0.927,157,1.87,0.9739,5,1.79,0.9322,33,0
SPY190731C301,2019-07-29,2019-07-29 09:33:17,1.81,0.9427,100,1.79,0.9322,157,1.87,0.9739,5,1.8,0.9375,33,0
SPY190731C301,2019-07-29,2019-07-29 09:33:18,1.8,0.9375,19,1.78,0.927,157,1.87,0.9739,5,1.79,0.9322,33,0
SPY190731C301,2019-07-29,2019-07-29 09:33:19,1.81,0.9427,25,1.79,0.9322,66,1.87,0.9739,5,1.8,0.9375,33,0
SPY190731C301,2019-07-29,2019-07-29 09:33:19,1.81,0.9427,23,1.79,0.9322,137,1.87,0.9739,5,1.8,0.9375,33,0
SPY190731C301,2019-07-29,2019-07-29 09:33:20,1.81,0.9427,28,1.79,0.9322,127,1.87,0.9739,5,1.8,0.9375,33,0
SPY190731C301,2019-07-29,2019-07-29 09:33:20,1.81,0.9427,23,1.79,0.9322,137,1.87,0.9739,5,1.8,0.9375,33,0
SPY190731C301,2019-07-29,2019-07-29 09:33:21,1.82,0.9479,100,1.81,0.9427,6,1.87,0.9739,5,1.815,0.9453,33,0
SPY190731C301,2019-07-29,2019-07-29 09:33:22,1.82,0.9479,28,1.81,0.9427,6,1.87,0.9739,5,1.815,0.9453,33,0
SPY190731C301,2019-07-29,2019-07-29 09:33:23,1.82,0.9479,28,1.81,0.9427,123,1.87,0.9739,5,1.815,0.9453,33,0
SPY190731C301,2019-07-29,2019-07-29 09:33:23,1.82,0.9479,28,1.81,0.9427,6,1.87,0.9739,5,1.815,0.9453,33,0
SPY190731C301,2019-07-29,2019-07-29 09:33:24,1.81,0.9427,29,1.79,0.9322,253,1.87,0.9739,5,1.8,0.9375,33,0
SPY190731C301,2019-07-29,2019-07-29 09:33:24,1.82,0.9479,28,1.81,0.9427,123,1.87,0.9739,5,1.815,0.9453,33,0
SPY190731C301,2019-07-29,2019-07-29 09:33:25,1.81,0.9427,35,1.79,0.9322,194,1.87,0.9739,5,1.8,0.9375,33,0
SPY190731C301,2019-07-29,2019-07-29 09:33:26,1.81,0.9427,29,1.8,0.9375,31,1.87,0.9739,5,1.805,0.9401,33,0
SPY190731C301,2019-07-29,2019-07-29 09:33:27,1.81,0.9427,33,1.79,0.9322,166,1.87,0.9739,5,1.8,0.9375,33,0
SPY190731C301,2019-07-29,2019-07-29 09:33:28,1.81,0.9427,38,1.8,0.9375,6,1.87,0.9739,5,1.805,0.9401,33,0
SPY190731C301,2019-07-29,2019-07-29 09:33:28,1.82,0.9479,260,1.8,0.9375,6,1.87,0.9739,5,1.81,0.9427,33,0
SPY190731C301,2019-07-29,2019-07-29 09:33:29,1.81,0.9427,128,1.79,0.9322,168,1.87,0.9739,5,1.8,0.9375,33,0
SPY190731C301,2019-07-29,2019-07-29 09:33:29,1.81,0.9427,168,1.79,0.9322,168,1.87,0.9739,5,1.8,0.9375,33,0
SPY190731C301,2019-07-29,2019-07-29 09:33:30,1.81,0.9427,168,1.79,0.9322,168,1.87,0.9739,5,1.8,0.9375,33,0
SPY190731C301,2019-07-29,2019-07-29 09:33:31,1.81,0.9427,168,1.79,0.9322,158,1.87,0.9739,5,1.8,0.9375,33,0
SPY190731C301,2019-07-29,2019-07-29 09:33:31,1.8,0.9375,29,1.79,0.9322,132,1.87,0.9739,5,1.795,0.9348,33,0
SPY190731C301,2019-07-29,2019-07-29 09:33:32,1.81,0.9427,66,1.79,0.9322,253,1.87,0.9739,5,1.8,0.9375,33,0
SPY190731C301,2019-07-29,2019-07-29 09:33:32,1.81,0.9427,66,1.79,0.9322,243,1.87,0.9739,5,1.8,0.9375,33,0
SPY190731C301,2019-07-29,2019-07-29 09:33:33,1.81,0.9427,66,1.79,0.9322,243,1.87,0.9739,5,1.8,0.9375,33,0
SPY190731C301,2019-07-29,2019-07-29 09:33:34,1.81,0.9427,66,1.79,0.9322,157,1.87,0.9739,5,1.8,0.9375,33,0
SPY190731C301,2019-07-29,2019-07-29 09:33:34,1.81,0.9427,66,1.79,0.9322,137,1.87,0.9739,5,1.8,0.9375,33,0
SPY190731C301,2019-07-29,2019-07-29 09:33:35,1.81,0.9427,42,1.79,0.9322,157,1.87,0.9739,5,1.8,0.9375,33,0
SPY190731C301,2019-07-29,2019-07-29 09:33:36,1.81,0.9427,28,1.79,0.9322,166,1.87,0.9739,5,1.8,0.9375,33,0
SPY190731C301,2019-07-29,2019-07-29 09:33:36,1.81,0.9427,27,1.79,0.9322,166,1.87,0.9739,5,1.8,0.9375,33,0
SPY190731C301,2019-07-29,2019-07-29 09:33:37,1.81,0.9427,28,1.79,0.9322,166,1.87,0.9739,5,1.8,0.9375,33,0
SPY190731C301,2019-07-29,2019-07-29 09:33:38,1.81,0.9427,33,1.79,0.9322,166,1.87,0.9739,5,1.8,0.9375,33,0
SPY190731C301,2019-07-29,2019-07-29 09:33:38,1.81,0.9427,68,1.79,0.9322,160,1.87,0.9739,5,1.8,0.9375,33,0
SPY190731C301,2019-07-29,2019-07-29 09:33:39,1.81,0.9427,83,1.79,0.9322,178,1.87,0.9739,5,1.8,0.9375,33,0
SPY190731C301,2019-07-29,2019-07-29 09:33:40,1.81,0.9427,68,1.79,0.9322,161,1.87,0.9739,5,1.8,0.9375,33,0
SPY190731C301,2019-07-29,2019-07-29 09:33:40,1.81,0.9427,68,1.79,0.9322,214,1.87,0.9739,5,1.8,0.9375,33,0
SPY190731C301,2019-07-29,2019-07-29 09:33:41,1.81,0.9427,68,1.79,0.9322,171,1.87,0.9739,5,1.8,0.9375,33,0
SPY190731C301,2019-07-29,2019-07-29 09:33:42,1.81,0.9427,68,1.79,0.9322,161,1.87,0.9739,5,1.8,0.9375,33,0
SPY190731C301,2019-07-29,2019-07-29 09:33:42,1.81,0.9427,68,1.79,0.9322,219,1.87,0.9739,5,1.8,0.9375,33,0
SPY190731C301,2019-07-29,2019-07-29 09:33:43,1.81,0.9427,68,1.8,0.9375,32,1.87,0.9739,5,1.805,0.9401,33,0
SPY190731C301,2019-07-29,2019-07-29 09:33:44,1.81,0.9427,35,1.8,0.9375,1,1.87,0.9739,5,1.805,0.9401,33,0
SPY190731C301,2019-07-29,2019-07-29 09:33:45,1.81,0.9427,35,1.79,0.9322,229,1.87,0.9739,5,1.8,0.9375,33,0
SPY190731C301,2019-07-29,2019-07-29 09:33:46,1.81,0.9427,45,1.8,0.9375,6,1.87,0.9739,5,1.805,0.9401,33,0
SPY190731C301,2019-07-29,2019-07-29 09:33:47,1.81,0.9427,45,1.79,0.9322,212,1.87,0.9739,5,1.8,0.9375,33,0
SPY190731C301,2019-07-29,2019-07-29 09:33:48,1.81,0.9427,19,1.79,0.9322,222,1.87,0.9739,5,1.8,0.9375,33,0
SPY190731C301,2019-07-29,2019-07-29 09:33:50,1.82,0.9479,31,1.8,0.9375,210,1.87,0.9739,5,1.81,0.9427,33,0
SPY190731C301,2019-07-29,2019-07-29 09:33:51,1.82,0.9479,114,1.8,0.9375,117,1.87,0.9739,5,1.81,0.9427,33,0
SPY190731C301,2019-07-29,2019-07-29 09:33:52,1.81,0.9427,1,1.8,0.9375,101,1.87,0.9739,5,1.805,0.9401,33,0
SPY190731C301,2019-07-29,2019-07-29 09:33:53,1.81,0.9427,34,1.79,0.9322,158,1.87,0.9739,5,1.8,0.9375,33,0
SPY190731C301,2019-07-29,2019-07-29 09:33:53,1.81,0.9427,34,1.78,0.927,123,1.87,0.9739,5,1.795,0.9348,33,0
SPY190731C301,2019-07-29,2019-07-29 09:33:54,1.81,0.9427,34,1.78,0.927,118,1.87,0.9739,5,1.795,0.9348,33,0
SPY190731C301,2019-07-29,2019-07-29 09:33:55,1.8,0.9375,155,1.78,0.927,113,1.87,0.9739,5,1.79,0.9322,33,0
SPY190731C301,2019-07-29,2019-07-29 09:33:56,1.79,0.9322,11,1.77,0.9218,37,1.87,0.9739,5,1.78,0.927,33,0
SPY190731C301,2019-07-29,2019-07-29 09:33:56,1.8,0.9375,28,1.78,0.927,88,1.87,0.9739,5,1.79,0.9322,33,0
SPY190731C301,2019-07-29,2019-07-29 09:33:57,1.8,0.9375,128,1.78,0.927,129,1.87,0.9739,5,1.79,0.9322,33,0
SPY190731C301,2019-07-29,2019-07-29 09:33:58,1.79,0.9322,28,1.78,0.927,129,1.87,0.9739,5,1.785,0.9296,33,0
SPY190731C301,2019-07-29,2019-07-29 09:33:59,1.8,0.9375,114,1.78,0.927,237,1.87,0.9739,5,1.79,0.9322,33,0
SPY190731C301,2019-07-29,2019-07-29 09:34:00,1.8,0.9375,100,1.79,0.9322,5,1.87,0.9739,5,1.795,0.9348,33,0
SPY190731C301,2019-07-29,2019-07-29 09:34:00,1.81,0.9427,28,1.79,0.9322,157,1.87,0.9739,5,1.8,0.9375,33,0
SPY190731C301,2019-07-29,2019-07-29 09:34:01,1.81,0.9427,32,1.79,0.9322,157,1.87,0.9739,5,1.8,0.9375,33,0
SPY190731C301,2019-07-29,2019-07-29 09:34:02,1.81,0.9427,7,1.8,0.9375,6,1.87,0.9739,5,1.805,0.9401,33,0
SPY190731C301,2019-07-29,2019-07-29 09:34:02,1.81,0.9427,14,1.8,0.9375,128,1.87,0.9739,5,1.805,0.9401,33,0
SPY190731C301,2019-07-29,2019-07-29 09:34:03,1.82,0.9479,28,1.8,0.9375,271,1.87,0.9739,5,1.81,0.9427,33,0
SPY190731C301,2019-07-29,2019-07-29 09:34:04,1.82,0.9479,34,1.8,0.9375,121,1.87,0.9739,5,1.81,0.9427,33,0
SPY190731C301,2019-07-29,2019-07-29 09:34:04,1.82,0.9479,28,1.81,0.9427,6,1.87,0.9739,5,1.815,0.9453,33,0
SPY190731C301,2019-07-29,2019-07-29 09:34:05,1.82,0.9479,34,1.8,0.9375,221,1.87,0.9739,5,1.81,0.9427,33,0
SPY190731C301,2019-07-29,2019-07-29 09:34:05,1.82,0.9479,28,1.81,0.9427,52,1.87,0.9739,5,1.815,0.9453,33,0
SPY190731C301,2019-07-29,2019-07-29 09:34:06,1.83,0.9531,34,1.81,0.9427,89,1.87,0.9739,5,1.82,0.9479,33,0
SPY190731C301,2019-07-29,2019-07-29 09:34:07,1.82,0.9479,28,1.81,0.9427,63,1.87,0.9739,5,1.815,0.9453,33,0
SPY190731C301,2019-07-29,2019-07-29 09:34:07,1.82,0.9479,28,1.81,0.9427,100,1.87,0.9739,5,1.815,0.9453,33,0
SPY190731C301,2019-07-29,2019-07-29 09:34:08,1.84,0.9583,100,1.82,0.9479,130,1.87,0.9739,5,1.83,0.9531,33,0
SPY190731C301,2019-07-29,2019-07-29 09:34:08,1.85,0.9635,134,1.82,0.9479,77,1.83,0.9531,6,1.835,0.9557,39,6
SPY190731C301,2019-07-29,2019-07-29 09:34:09,1.85,0.9635,28,1.83,0.9531,77,1.83,0.9531,6,1.84,0.9583,39,0
SPY190731C301,2019-07-29,2019-07-29 09:34:10,1.85,0.9635,29,1.84,0.9583,7,1.83,0.9531,6,1.845,0.9609,39,0
SPY190731C301,2019-07-29,2019-07-29 09:34:10,1.85,0.9635,38,1.84,0.9583,7,1.83,0.9531,6,1.845,0.9609,39,0
SPY190731C301,2019-07-29,2019-07-29 09:34:11,1.85,0.9635,10,1.84,0.9583,7,1.83,0.9531,6,1.845,0.9609,39,0
SPY190731C301,2019-07-29,2019-07-29 09:34:12,1.85,0.9635,1,1.84,0.9583,6,1.83,0.9531,6,1.845,0.9609,39,0
SPY190731C301,2019-07-29,2019-07-29 09:34:13,1.85,0.9635,29,1.84,0.9583,62,1.83,0.9531,6,1.845,0.9609,39,0
SPY190731C301,2019-07-29,2019-07-29 09:34:13,1.85,0.9635,26,1.84,0.9583,54,1.83,0.9531,6,1.845,0.9609,39,0
SPY190731C301,2019-07-29,2019-07-29 09:34:14,1.85,0.9635,29,1.84,0.9583,68,1.83,0.9531,6,1.845,0.9609,39,0
SPY190731C301,2019-07-29,2019-07-29 09:34:15,1.85,0.9635,29,1.84,0.9583,72,1.83,0.9531,6,1.845,0.9609,39,0
SPY190731C301,2019-07-29,2019-07-29 09:34:15,1.87,0.9739,103,1.85,0.9635,5,1.83,0.9531,6,1.86,0.9687,39,0
SPY190731C301,2019-07-29,2019-07-29 09:34:16,1.86,0.9687,25,1.85,0.9635,157,1.83,0.9531,6,1.855,0.9661,39,0
SPY190731C301,2019-07-29,2019-07-29 09:34:17,1.86,0.9687,23,1.85,0.9635,100,1.83,0.9531,6,1.855,0.9661,39,0
SPY190731C301,2019-07-29,2019-07-29 09:34:17,1.86,0.9687,25,1.85,0.9635,145,1.83,0.9531,6,1.855,0.9661,39,0
SPY190731C301,2019-07-29,2019-07-29 09:34:18,1.87,0.9739,37,1.85,0.9635,145,1.83,0.9531,6,1.86,0.9687,39,0
SPY190731C301,2019-07-29,2019-07-29 09:34:19,1.86,0.9687,10,1.85,0.9635,145,1.83,0.9531,6,1.855,0.9661,39,0
SPY190731C301,2019-07-29,2019-07-29 09:34:20,1.88,0.9791,113,1.87,0.9739,6,1.83,0.9531,6,1.875,0.9765,39,0
SPY190731C301,2019-07-29,2019-07-29 09:34:20,1.87,0.9739,31,1.86,0.9687,6,1.83,0.9531,6,1.865,0.9713,39,0
SPY190731C301,2019-07-29,2019-07-29 09:34:21,1.88,0.9791,113,1.87,0.9739,79,1.83,0.9531,6,1.875,0.9765,39,0
SPY190731C301,2019-07-29,2019-07-29 09:34:22,1.88,0.9791,13,1.87,0.9739,115,1.83,0.9531,6,1.875,0.9765,39,0
SPY190731C301,2019-07-29,2019-07-29 09:34:23,1.88,0.9791,32,1.87,0.9739,25,1.83,0.9531,6,1.875,0.9765,39,0
SPY190731C301,2019-07-29,2019-07-29 09:34:23,1.89,0.9843,98,1.87,0.9739,70,1.83,0.9531,6,1.88,0.9791,39,0
SPY190731C301,2019-07-29,2019-07-29 09:34:24,1.89,0.9843,208,1.87,0.9739,34,1.83,0.9531,6,1.88,0.9791,39,0
SPY190731C301,2019-07-29,2019-07-29 09:34:25,1.88,0.9791,23,1.87,0.9739,65,1.83,0.9531,6,1.875,0.9765,39,0
SPY190731C301,2019-07-29,2019-07-29 09:34:25,1.9,0.9895,100,1.87,0.9739,68,1.83,0.9531,6,1.885,0.9817,39,0
SPY190731C301,2019-07-29,2019-07-29 09:34:26,1.89,0.9843,1,1.89,0.9843,6,1.83,0.9531,6,1.89,0.9843,39,0
SPY190731C301,2019-07-29,2019-07-29 09:34:26,1.9,0.9895,29,1.88,0.9791,109,1.83,0.9531,6,1.89,0.9843,39,0
SPY190731C301,2019-07-29,2019-07-29 09:34:27,1.91,0.9947,253,1.89,0.9843,31,1.83,0.9531,6,1.9,0.9895,39,0
SPY190731C301,2019-07-29,2019-07-29 09:34:28,1.9,0.9895,1,1.9,0.9895,6,1.83,0.9531,6,1.9,0.9895,39,0
SPY190731C301,2019-07-29,2019-07-29 09:34:29,1.91,0.9947,30,1.89,0.9843,81,1.83,0.9531,6,1.9,0.9895,39,0
SPY190731C301,2019-07-29,2019-07-29 09:34:29,1.91,0.9947,252,1.88,0.9791,115,1.83,0.9531,6,1.895,0.9869,39,0
SPY190731C301,2019-07-29,2019-07-29 09:34:30,1.89,0.9843,1,1.88,0.9791,155,1.83,0.9531,6,1.885,0.9817,39,0
SPY190731C301,2019-07-29,2019-07-29 09:34:30,1.9,0.9895,6,1.88,0.9791,170,1.83,0.9531,6,1.89,0.9843,39,0
SPY190731C301,2019-07-29,2019-07-29 09:34:32,1.9,0.9895,5,1.89,0.9843,32,1.83,0.9531,6,1.895,0.9869,39,0
SPY190731C301,2019-07-29,2019-07-29 09:34:33,1.9,0.9895,34,1.88,0.9791,155,1.83,0.9531,6,1.89,0.9843,39,0
SPY190731C301,2019-07-29,2019-07-29 09:34:33,1.91,0.9947,247,1.88,0.9791,170,1.83,0.9531,6,1.895,0.9869,39,0
SPY190731C301,2019-07-29,2019-07-29 09:34:34,1.91,0.9947,257,1.89,0.9843,27,1.83,0.9531,6,1.9,0.9895,39,0
SPY190731C301,2019-07-29,2019-07-29 09:34:35,1.9,0.9895,30,1.88,0.9791,150,1.83,0.9531,6,1.89,0.9843,39,0
SPY190731C301,2019-07-29,2019-07-29 09:34:35,1.9,0.9895,168,1.88,0.9791,150,1.83,0.9531,6,1.89,0.9843,39,0
SPY190731C301,2019-07-29,2019-07-29 09:34:36,1.9,0.9895,54,1.88,0.9791,150,1.83,0.9531,6,1.89,0.9843,39,0
SPY190731C301,2019-07-29,2019-07-29 09:34:37,1.91,0.9947,40,1.88,0.9791,146,1.83,0.9531,6,1.895,0.9869,39,0
SPY190731C301,2019-07-29,2019-07-29 09:34:37,1.91,0.9947,40,1.87,0.9739,100,1.83,0.9531,6,1.89,0.9843,39,0
SPY190731C301,2019-07-29,2019-07-29 09:34:38,1.9,0.9895,1,1.89,0.9843,1,1.83,0.9531,6,1.895,0.9869,39,0
SPY190731C301,2019-07-29,2019-07-29 09:34:40,1.9,0.9895,110,1.88,0.9791,117,1.83,0.9531,6,1.89,0.9843,39,0
SPY190731C301,2019-07-29,2019-07-29 09:34:40,1.9,0.9895,19,1.88,0.9791,115,1.83,0.9531,6,1.89,0.9843,39,0
SPY190731C301,2019-07-29,2019-07-29 09:34:41,1.89,0.9843,110,1.85,0.9635,23,1.83,0.9531,6,1.87,0.9739,39,0
SPY190731C301,2019-07-29,2019-07-29 09:34:42,1.88,0.9791,229,1.85,0.9635,128,1.83,0.9531,6,1.865,0.9713,39,0
SPY190731C301,2019-07-29,2019-07-29 09:34:42,1.87,0.9739,15,1.85,0.9635,128,1.83,0.9531,6,1.86,0.9687,39,0
SPY190731C301,2019-07-29,2019-07-29 09:34:43,1.88,0.9791,229,1.85,0.9635,149,1.83,0.9531,6,1.865,0.9713,39,0
SPY190731C301,2019-07-29,2019-07-29 09:34:44,1.87,0.9739,16,1.86,0.9687,20,1.83,0.9531,6,1.865,0.9713,39,0
SPY190731C301,2019-07-29,2019-07-29 09:34:45,1.87,0.9739,1,1.85,0.9635,164,1.83,0.9531,6,1.86,0.9687,39,0
SPY190731C301,2019-07-29,2019-07-29 09:34:46,1.88,0.9791,9,1.87,0.9739,20,1.83,0.9531,6,1.875,0.9765,39,0
SPY190731C301,2019-07-29,2019-07-29 09:34:46,1.89,0.9843,164,1.87,0.9739,23,1.83,0.9531,6,1.88,0.9791,39,0
SPY190731C301,2019-07-29,2019-07-29 09:34:47,1.88,0.9791,11,1.87,0.9739,46,1.83,0.9531,6,1.875,0.9765,39,0
SPY190731C301,2019-07-29,2019-07-29 09:34:48,1.88,0.9791,88,1.86,0.9687,138,1.83,0.9531,6,1.87,0.9739,39,0
SPY190731C301,2019-07-29,2019-07-29 09:34:48,1.88,0.9791,10,1.87,0.9739,20,1.83,0.9531,6,1.875,0.9765,39,0
SPY190731C301,2019-07-29,2019-07-29 09:34:49,1.87,0.9739,6,1.85,0.9635,154,1.83,0.9531,6,1.86,0.9687,39,0
SPY190731C301,2019-07-29,2019-07-29 09:34:50,1.88,0.9791,193,1.85,0.9635,154,1.83,0.9531,6,1.865,0.9713,39,0
SPY190731C301,2019-07-29,2019-07-29 09:34:50,1.87,0.9739,111,1.85,0.9635,154,1.83,0.9531,6,1.86,0.9687,39,0
SPY190731C301,2019-07-29,2019-07-29 09:34:51,1.88,0.9791,193,1.86,0.9687,24,1.83,0.9531,6,1.87,0.9739,39,0
SPY190731C301,2019-07-29,2019-07-29 09:34:51,1.88,0.9791,193,1.85,0.9635,154,1.83,0.9531,6,1.865,0.9713,39,0
SPY190731C301,2019-07-29,2019-07-29 09:34:52,1.87,0.9739,10,1.86,0.9687,23,1.83,0.9531,6,1.865,0.9713,39,0
SPY190731C301,2019-07-29,2019-07-29 09:34:53,1.88,0.9791,200,1.86,0.9687,52,1.83,0.9531,6,1.87,0.9739,39,0
SPY190731C301,2019-07-29,2019-07-29 09:34:53,1.88,0.9791,194,1.86,0.9687,23,1.83,0.9531,6,1.87,0.9739,39,0
SPY190731C301,2019-07-29,2019-07-29 09:34:54,1.87,0.9739,6,1.86,0.9687,10,1.83,0.9531,6,1.865,0.9713,39,0
SPY190731C301,2019-07-29,2019-07-29 09:34:54,1.87,0.9739,1,1.86,0.9687,70,1.83,0.9531,6,1.865,0.9713,39,0
SPY190731C301,2019-07-29,2019-07-29 09:34:55,1.87,0.9739,15,1.85,0.9635,187,1.83,0.9531,6,1.86,0.9687,39,0
SPY190731C301,2019-07-29,2019-07-29 09:34:56,1.87,0.9739,10,1.85,0.9635,127,1.83,0.9531,6,1.86,0.9687,39,0
SPY190731C301,2019-07-29,2019-07-29 09:34:56,1.87,0.9739,100,1.85,0.9635,120,1.83,0.9531,6,1.86,0.9687,39,0
SPY190731C301,2019-07-29,2019-07-29 09:34:57,1.87,0.9739,7,1.86,0.9687,23,1.83,0.9531,6,1.865,0.9713,39,0
SPY190731C301,2019-07-29,2019-07-29 09:34:58,1.87,0.9739,7,1.86,0.9687,60,1.83,0.9531,6,1.865,0.9713,39,0
SPY190731C301,2019-07-29,2019-07-29 09:34:58,1.87,0.9739,10,1.86,0.9687,60,1.83,0.9531,6,1.865,0.9713,39,0
SPY190731C301,2019-07-29,2019-07-29 09:34:59,1.87,0.9739,10,1.86,0.9687,67,1.83,0.9531,6,1.865,0.9713,39,0
SPY190731C301,2019-07-29,2019-07-29 09:35:00,1.86,0.9687,6,1.85,0.9635,23,1.83,0.9531,6,1.855,0.9661,39,0
SPY190731C301,2019-07-29,2019-07-29 09:35:00,1.86,0.9687,15,1.85,0.9635,23,1.83,0.9531,6,1.855,0.9661,39,0
SPY190731C301,2019-07-29,2019-07-29 09:35:01,1.86,0.9687,16,1.84,0.9583,120,1.83,0.9531,6,1.85,0.9635,39,0
SPY190731C301,2019-07-29,2019-07-29 09:35:01,1.85,0.9635,1,1.84,0.9583,110,1.83,0.9531,6,1.845,0.9609,39,0
SPY190731C301,2019-07-29,2019-07-29 09:35:02,1.85,0.9635,208,1.83,0.9531,109,1.83,0.9531,6,1.84,0.9583,39,0
SPY190731C301,2019-07-29,2019-07-29 09:35:03,1.84,0.9583,10,1.83,0.9531,23,1.83,0.9531,6,1.835,0.9557,39,0
SPY190731C301,2019-07-29,2019-07-29 09:35:03,1.84,0.9583,16,1.83,0.9531,23,1.83,0.9531,6,1.835,0.9557,39,0
SPY190731C301,2019-07-29,2019-07-29 09:35:04,1.84,0.9583,6,1.83,0.9531,23,1.83,0.9531,6,1.835,0.9557,39,0
SPY190731C301,2019-07-29,2019-07-29 09:35:04,1.85,0.9635,94,1.83,0.9531,62,1.83,0.9531,6,1.84,0.9583,39,0
SPY190731C301,2019-07-29,2019-07-29 09:35:05,1.84,0.9583,1,1.83,0.9531,75,1.83,0.9531,6,1.835,0.9557,39,0
SPY190731C301,2019-07-29,2019-07-29 09:35:06,1.85,0.9635,52,1.83,0.9531,130,1.83,0.9531,6,1.84,0.9583,39,0
SPY190731C301,2019-07-29,2019-07-29 09:35:06,1.85,0.9635,10,1.84,0.9583,23,1.83,0.9531,6,1.845,0.9609,39,0
SPY190731C301,2019-07-29,2019-07-29 09:35:07,1.84,0.9583,17,1.84,0.9583,23,1.83,0.9531,6,1.84,0.9583,39,0
SPY190731C301,2019-07-29,2019-07-29 09:35:08,1.84,0.9583,17,1.83,0.9531,6,1.83,0.9531,6,1.835,0.9557,39,0
SPY190731C301,2019-07-29,2019-07-29 09:35:09,1.84,0.9583,17,1.82,0.9479,188,1.83,0.9531,6,1.83,0.9531,39,0
SPY190731C301,2019-07-29,2019-07-29 09:35:09,1.84,0.9583,10,1.83,0.9531,20,1.83,0.9531,6,1.835,0.9557,39,0
SPY190731C301,2019-07-29,2019-07-29 09:35:10,1.84,0.9583,58,1.82,0.9479,103,1.83,0.9531,6,1.83,0.9531,39,0
SPY190731C301,2019-07-29,2019-07-29 09:35:11,1.83,0.9531,1,1.82,0.9479,103,1.83,0.9531,6,1.825,0.9505,39,0
SPY190731C301,2019-07-29,2019-07-29 09:35:11,1.84,0.9583,177,1.81,0.9427,216,1.83,0.9531,6,1.825,0.9505,39,0
SPY190731C301,2019-07-29,2019-07-29 09:35:12,1.83,0.9531,12,1.81,0.9427,216,1.83,0.9531,6,1.82,0.9479,39,0
SPY190731C301,2019-07-29,2019-07-29 09:35:12,1.83,0.9531,13,1.81,0.9427,216,1.83,0.9531,6,1.82,0.9479,39,0
SPY190731C301,2019-07-29,2019-07-29 09:35:13,1.83,0.9531,1,1.82,0.9479,55,1.83,0.9531,6,1.825,0.9505,39,0
SPY190731C301,2019-07-29,2019-07-29 09:35:13,1.83,0.9531,13,1.82,0.9479,20,1.83,0.9531,6,1.825,0.9505,39,0
SPY190731C301,2019-07-29,2019-07-29 09:35:14,1.83,0.9531,1,1.82,0.9479,126,1.83,0.9531,6,1.825,0.9505,39,0
SPY190731C301,2019-07-29,2019-07-29 09:35:15,1.85,0.9635,63,1.83,0.9531,26,1.83,0.9531,1,1.84,0.9583,40,1
SPY190731C301,2019-07-29,2019-07-29 09:35:15,1.85,0.9635,249,1.83,0.9531,20,1.83,0.9531,1,1.84,0.9583,40,0
SPY190731C301,2019-07-29,2019-07-29 09:35:16,1.83,0.9531,10,1.82,0.9479,164,1.83,0.9531,1,1.825,0.9505,40,0
SPY190731C301,2019-07-29,2019-07-29 09:35:16,1.83,0.9531,10,1.81,0.9427,216,1.83,0.9531,1,1.82,0.9479,40,0
SPY190731C301,2019-07-29,2019-07-29 09:35:17,1.83,0.9531,10,1.81,0.9427,216,1.83,0.9531,1,1.82,0.9479,40,0
SPY190731C301,2019-07-29,2019-07-29 09:35:18,1.83,0.9531,16,1.81,0.9427,216,1.83,0.9531,1,1.82,0.9479,40,0
SPY190731C301,2019-07-29,2019-07-29 09:35:18,1.83,0.9531,12,1.82,0.9479,54,1.83,0.9531,1,1.825,0.9505,40,0
SPY190731C301,2019-07-29,2019-07-29 09:35:19,1.84,0.9583,50,1.82,0.9479,100,1.83,0.9531,1,1.83,0.9531,40,0
SPY190731C301,2019-07-29,2019-07-29 09:35:19,1.84,0.9583,93,1.82,0.9479,28,1.83,0.9531,1,1.83,0.9531,40,0
SPY190731C301,2019-07-29,2019-07-29 09:35:20,1.85,0.9635,243,1.83,0.9531,50,1.83,0.9531,1,1.84,0.9583,40,0
SPY190731C301,2019-07-29,2019-07-29 09:35:21,1.86,0.9687,50,1.84,0.9583,109,1.83,0.9531,1,1.85,0.9635,40,0
SPY190731C301,2019-07-29,2019-07-29 09:35:21,1.85,0.9635,61,1.83,0.9531,70,1.83,0.9531,1,1.84,0.9583,40,0
SPY190731C301,2019-07-29,2019-07-29 09:35:22,1.86,0.9687,138,1.83,0.9531,172,1.83,0.9531,1,1.845,0.9609,40,0
SPY190731C301,2019-07-29,2019-07-29 09:35:23,1.86,0.9687,25,1.84,0.9583,72,1.83,0.9531,1,1.85,0.9635,40,0
SPY190731C301,2019-07-29,2019-07-29 09:35:24,1.86,0.9687,6,1.85,0.9635,76,1.83,0.9531,1,1.855,0.9661,40,0
SPY190731C301,2019-07-29,2019-07-29 09:35:24,1.87,0.9739,226,1.85,0.9635,6,1.83,0.9531,1,1.86,0.9687,40,0
SPY190731C301,2019-07-29,2019-07-29 09:35:25,1.86,0.9687,16,1.84,0.9583,160,1.83,0.9531,1,1.85,0.9635,40,0
SPY190731C301,2019-07-29,2019-07-29 09:35:26,1.86,0.9687,17,1.85,0.9635,20,1.83,0.9531,1,1.855,0.9661,40,0
SPY190731C301,2019-07-29,2019-07-29 09:35:26,1.86,0.9687,10,1.85,0.9635,23,1.83,0.9531,1,1.855,0.9661,40,0
SPY190731C301,2019-07-29,2019-07-29 09:35:27,1.86,0.9687,10,1.84,0.9583,214,1.83,0.9531,1,1.85,0.9635,40,0
SPY190731C301,2019-07-29,2019-07-29 09:35:28,1.87,0.9739,48,1.85,0.9635,150,1.83,0.9531,1,1.86,0.9687,40,0
SPY190731C301,2019-07-29,2019-07-29 09:35:29,1.88,0.9791,238,1.86,0.9687,100,1.83,0.9531,1,1.87,0.9739,40,0
SPY190731C301,2019-07-29,2019-07-29 09:35:29,1.88,0.9791,79,1.86,0.9687,30,1.83,0.9531,1,1.87,0.9739,40,0
SPY190731C301,2019-07-29,2019-07-29 09:35:30,1.89,0.9843,43,1.87,0.9739,97,1.83,0.9531,1,1.88,0.9791,40,0
SPY190731C301,2019-07-29,2019-07-29 09:35:31,1.89,0.9843,13,1.87,0.9739,97,1.83,0.9531,1,1.88,0.9791,40,0
SPY190731C301,2019-07-29,2019-07-29 09:35:31,1.9,0.9895,105,1.88,0.9791,20,1.83,0.9531,1,1.89,0.9843,40,0
SPY190731C301,2019-07-29,2019-07-29 09:35:32,1.91,0.9947,9,1.89,0.9843,6,1.83,0.9531,1,1.9,0.9895,40,0
SPY190731C301,2019-07-29,2019-07-29 09:35:32,1.92,1.0,10,1.9,0.9895,72,1.9,0.9895,2,1.91,0.9947,42,2
SPY190731C301,2019-07-29,2019-07-29 09:35:33,1.93,1.0052,115,1.91,0.9947,27,1.9,0.9895,2,1.92,1.0,42,0
SPY190731C301,2019-07-29,2019-07-29 09:35:34,1.92,1.0,13,1.91,0.9947,18,1.9,0.9895,2,1.915,0.9973,42,0
SPY190731C301,2019-07-29,2019-07-29 09:35:34,1.94,1.0104,210,1.9,0.9895,152,1.9,0.9895,2,1.92,1.0,42,0
SPY190731C301,2019-07-29,2019-07-29 09:35:35,1.92,1.0,20,1.91,0.9947,18,1.9,0.9895,2,1.915,0.9973,42,0
SPY190731C301,2019-07-29,2019-07-29 09:35:36,1.92,1.0,1,1.91,0.9947,1,1.91,0.9947,4,1.915,0.9973,46,4
SPY190731C301,2019-07-29,2019-07-29 09:35:36,1.92,1.0,4,1.91,0.9947,23,1.91,0.9947,4,1.915,0.9973,46,0
SPY190731C301,2019-07-29,2019-07-29 09:35:37,1.92,1.0,4,1.9,0.9895,119,1.91,0.9947,4,1.91,0.9947,46,0
SPY190731C301,2019-07-29,2019-07-29 09:35:37,1.92,1.0,10,1.91,0.9947,20,1.91,0.9947,4,1.915,0.9973,46,0
SPY190731C301,2019-07-29,2019-07-29 09:35:38,1.9,0.9895,10,1.89,0.9843,51,1.91,0.9947,4,1.895,0.9869,46,0
SPY190731C301,2019-07-29,2019-07-29 09:35:39,1.9,0.9895,10,1.88,0.9791,137,1.91,0.9947,4,1.89,0.9843,46,0
SPY190731C301,2019-07-29,2019-07-29 09:35:39,1.9,0.9895,10,1.88,0.9791,110,1.91,0.9947,4,1.89,0.9843,46,0
SPY190731C301,2019-07-29,2019-07-29 09:35:40,1.9,0.9895,10,1.89,0.9843,63,1.91,0.9947,4,1.895,0.9869,46,0
SPY190731C301,2019-07-29,2019-07-29 09:35:41,1.9,0.9895,1,1.89,0.9843,23,1.91,0.9947,4,1.895,0.9869,46,0
SPY190731C301,2019-07-29,2019-07-29 09:35:41,1.91,0.9947,202,1.89,0.9843,23,1.91,0.9947,4,1.9,0.9895,46,0
SPY190731C301,2019-07-29,2019-07-29 09:35:42,1.9,0.9895,1,1.89,0.9843,63,1.91,0.9947,4,1.895,0.9869,46,0
SPY190731C301,2019-07-29,2019-07-29 09:35:43,1.9,0.9895,1,1.89,0.9843,63,1.91,0.9947,4,1.895,0.9869,46,0
SPY190731C301,2019-07-29,2019-07-29 09:35:44,1.9,0.9895,1,1.89,0.9843,63,1.91,0.9947,4,1.895,0.9869,46,0
SPY190731C301,2019-07-29,2019-07-29 09:35:45,1.87,0.9739,6,1.86,0.9687,6,1.91,0.9947,4,1.865,0.9713,46,0
SPY190731C301,2019-07-29,2019-07-29 09:35:45,1.9,0.9895,100,1.89,0.9843,63,1.91,0.9947,4,1.895,0.9869,46,0
SPY190731C301,2019-07-29,2019-07-29 09:35:46,1.87,0.9739,15,1.85,0.9635,157,1.91,0.9947,4,1.86,0.9687,46,0
SPY190731C301,2019-07-29,2019-07-29 09:35:47,1.88,0.9791,182,1.86,0.9687,23,1.91,0.9947,4,1.87,0.9739,46,0
SPY190731C301,2019-07-29,2019-07-29 09:35:48,1.88,0.9791,182,1.86,0.9687,20,1.91,0.9947,4,1.87,0.9739,46,0
SPY190731C301,2019-07-29,2019-07-29 09:35:48,1.88,0.9791,197,1.86,0.9687,20,1.91,0.9947,4,1.87,0.9739,46,0
SPY190731C301,2019-07-29,2019-07-29 09:35:49,1.88,0.9791,55,1.85,0.9635,147,1.91,0.9947,4,1.865,0.9713,46,0
SPY190731C301,2019-07-29,2019-07-29 09:35:50,1.88,0.9791,200,1.85,0.9635,157,1.91,0.9947,4,1.865,0.9713,46,0
SPY190731C301,2019-07-29,2019-07-29 09:35:50,1.87,0.9739,21,1.85,0.9635,147,1.91,0.9947,4,1.86,0.9687,46,0
SPY190731C301,2019-07-29,2019-07-29 09:35:51,1.87,0.9739,11,1.85,0.9635,157,1.91,0.9947,4,1.86,0.9687,46,0
SPY190731C301,2019-07-29,2019-07-29 09:35:52,1.87,0.9739,26,1.85,0.9635,76,1.91,0.9947,4,1.86,0.9687,46,0
SPY190731C301,2019-07-29,2019-07-29 09:35:52,1.87,0.9739,1,1.85,0.9635,76,1.91,0.9947,4,1.86,0.9687,46,0
SPY190731C301,2019-07-29,2019-07-29 09:35:53,1.88,0.9791,56,1.86,0.9687,73,1.91,0.9947,4,1.87,0.9739,46,0
SPY190731C301,2019-07-29,2019-07-29 09:35:53,1.88,0.9791,190,1.86,0.9687,63,1.91,0.9947,4,1.87,0.9739,46,0
SPY190731C301,2019-07-29,2019-07-29 09:35:54,1.87,0.9739,46,1.85,0.9635,116,1.91,0.9947,4,1.86,0.9687,46,0
SPY190731C301,2019-07-29,2019-07-29 09:35:55,1.87,0.9739,16,1.86,0.9687,1,1.91,0.9947,4,1.865,0.9713,46,0
SPY190731C301,2019-07-29,2019-07-29 09:35:56,1.89,0.9843,151,1.87,0.9739,23,1.91,0.9947,4,1.88,0.9791,46,0
SPY190731C301,2019-07-29,2019-07-29 09:35:56,1.87,0.9739,16,1.85,0.9635,122,1.91,0.9947,4,1.86,0.9687,46,0
SPY190731C301,2019-07-29,2019-07-29 09:35:57,1.88,0.9791,9,1.86,0.9687,26,1.91,0.9947,4,1.87,0.9739,46,0
SPY190731C301,2019-07-29,2019-07-29 09:35:58,1.89,0.9843,106,1.87,0.9739,64,1.91,0.9947,4,1.88,0.9791,46,0
SPY190731C301,2019-07-29,2019-07-29 09:35:58,1.89,0.9843,182,1.87,0.9739,63,1.91,0.9947,4,1.88,0.9791,46,0
SPY190731C301,2019-07-29,2019-07-29 09:35:59,1.89,0.9843,146,1.87,0.9739,68,1.91,0.9947,4,1.88,0.9791,46,0
SPY190731C301,2019-07-29,2019-07-29 09:36:00,1.91,0.9947,46,1.89,0.9843,30,1.91,0.9947,4,1.9,0.9895,46,0
SPY190731C301,2019-07-29,2019-07-29 09:36:00,1.9,0.9895,1,1.88,0.9791,98,1.91,0.9947,4,1.89,0.9843,46,0
SPY190731C301,2019-07-29,2019-07-29 09:36:02,1.92,1.0,110,1.9,0.9895,6,1.91,0.9947,4,1.91,0.9947,46,0
SPY190731C301,2019-07-29,2019-07-29 09:36:02,1.92,1.0,7,1.91,0.9947,7,1.91,0.9947,4,1.915,0.9973,46,0
SPY190731C301,2019-07-29,2019-07-29 09:36:03,1.92,1.0,7,1.91,0.9947,1,1.91,0.9947,4,1.915,0.9973,46,0
SPY190731C301,2019-07-29,2019-07-29 09:36:04,1.91,0.9947,10,1.9,0.9895,20,1.91,0.9947,4,1.905,0.9921,46,0
SPY190731C301,2019-07-29,2019-07-29 09:36:04,1.92,1.0,64,1.9,0.9895,72,1.91,0.9947,4,1.91,0.9947,46,0
SPY190731C301,2019-07-29,2019-07-29 09:36:06,1.92,1.0,140,1.9,0.9895,72,1.91,0.9947,4,1.91,0.9947,46,0
SPY190731C301,2019-07-29,2019-07-29 09:36:07,1.91,0.9947,73,1.89,0.9843,63,1.91,0.9947,4,1.9,0.9895,46,0
SPY190731C301,2019-07-29,2019-07-29 09:36:08,1.91,0.9947,73,1.89,0.9843,36,1.91,0.9947,4,1.9,0.9895,46,0
SPY190731C301,2019-07-29,2019-07-29 09:36:08,1.91,0.9947,73,1.9,0.9895,1,1.91,0.9947,4,1.905,0.9921,46,0
SPY190731C301,2019-07-29,2019-07-29 09:36:09,1.9,0.9895,50,1.88,0.9791,162,1.91,0.9947,4,1.89,0.9843,46,0
SPY190731C301,2019-07-29,2019-07-29 09:36:09,1.89,0.9843,40,1.87,0.9739,79,1.91,0.9947,4,1.88,0.9791,46,0
SPY190731C301,2019-07-29,2019-07-29 09:36:10,1.89,0.9843,40,1.88,0.9791,23,1.91,0.9947,4,1.885,0.9817,46,0
SPY190731C301,2019-07-29,2019-07-29 09:36:11,1.89,0.9843,46,1.88,0.9791,66,1.91,0.9947,4,1.885,0.9817,46,0
SPY190731C301,2019-07-29,2019-07-29 09:36:11,1.9,0.9895,61,1.88,0.9791,34,1.91,0.9947,4,1.89,0.9843,46,0
SPY190731C301,2019-07-29,2019-07-29 09:36:12,1.9,0.9895,61,1.88,0.9791,34,1.91,0.9947,4,1.89,0.9843,46,0
SPY190731C301,2019-07-29,2019-07-29 09:36:13,1.9,0.9895,61,1.88,0.9791,34,1.91,0.9947,4,1.89,0.9843,46,0
SPY190731C301,2019-07-29,2019-07-29 09:36:14,1.9,0.9895,61,1.88,0.9791,34,1.91,0.9947,4,1.89,0.9843,46,0
SPY190731C301,2019-07-29,2019-07-29 09:36:15,1.89,0.9843,145,1.87,0.9739,23,1.91,0.9947,4,1.88,0.9791,46,0
SPY190731C301,2019-07-29,2019-07-29 09:36:15,1.9,0.9895,167,1.88,0.9791,20,1.91,0.9947,4,1.89,0.9843,46,0
SPY190731C301,2019-07-29,2019-07-29 09:36:16,1.88,0.9791,1,1.87,0.9739,23,1.91,0.9947,4,1.875,0.9765,46,0
SPY190731C301,2019-07-29,2019-07-29 09:36:16,1.88,0.9791,10,1.87,0.9739,63,1.91,0.9947,4,1.875,0.9765,46,0
SPY190731C301,2019-07-29,2019-07-29 09:36:17,1.89,0.9843,67,1.87,0.9739,26,1.91,0.9947,4,1.88,0.9791,46,0
SPY190731C301,2019-07-29,2019-07-29 09:36:18,1.88,0.9791,5,1.87,0.9739,23,1.91,0.9947,4,1.875,0.9765,46,0
SPY190731C301,2019-07-29,2019-07-29 09:36:18,1.89,0.9843,48,1.87,0.9739,26,1.91,0.9947,4,1.88,0.9791,46,0
SPY190731C301,2019-07-29,2019-07-29 09:36:19,1.89,0.9843,40,1.87,0.9739,30,1.91,0.9947,4,1.88,0.9791,46,0
SPY190731C301,2019-07-29,2019-07-29 09:36:19,1.89,0.9843,354,1.86,0.9687,147,1.91,0.9947,4,1.875,0.9765,46,0
SPY190731C301,2019-07-29,2019-07-29 09:36:20,1.89,0.9843,45,1.87,0.9739,25,1.91,0.9947,4,1.88,0.9791,46,0
SPY190731C301,2019-07-29,2019-07-29 09:36:21,1.89,0.9843,62,1.87,0.9739,32,1.91,0.9947,4,1.88,0.9791,46,0
SPY190731C301,2019-07-29,2019-07-29 09:36:21,1.9,0.9895,97,1.88,0.9791,23,1.91,0.9947,4,1.89,0.9843,46,0
SPY190731C301,2019-07-29,2019-07-29 09:36:22,1.9,0.9895,10,1.88,0.9791,109,1.91,0.9947,4,1.89,0.9843,46,0
SPY190731C301,2019-07-29,2019-07-29 09:36:23,1.9,0.9895,11,1.88,0.9791,63,1.91,0.9947,4,1.89,0.9843,46,0
SPY190731C301,2019-07-29,2019-07-29 09:36:23,1.89,0.9843,102,1.87,0.9739,43,1.91,0.9947,4,1.88,0.9791,46,0
SPY190731C301,2019-07-29,2019-07-29 09:36:24,1.88,0.9791,1,1.87,0.9739,45,1.91,0.9947,4,1.875,0.9765,46,0
SPY190731C301,2019-07-29,2019-07-29 09:36:24,1.89,0.9843,10,1.88,0.9791,1,1.91,0.9947,4,1.885,0.9817,46,0
SPY190731C301,2019-07-29,2019-07-29 09:36:25,1.88,0.9791,1,1.87,0.9739,1,1.91,0.9947,4,1.875,0.9765,46,0
SPY190731C301,2019-07-29,2019-07-29 09:36:26,1.88,0.9791,5,1.85,0.9635,123,1.91,0.9947,4,1.865,0.9713,46,0
SPY190731C301,2019-07-29,2019-07-29 09:36:26,1.88,0.9791,5,1.87,0.9739,1,1.91,0.9947,4,1.875,0.9765,46,0
SPY190731C301,2019-07-29,2019-07-29 09:36:27,1.87,0.9739,14,1.86,0.9687,7,1.91,0.9947,4,1.865,0.9713,46,0
SPY190731C301,2019-07-29,2019-07-29 09:36:27,1.87,0.9739,48,1.85,0.9635,55,1.91,0.9947,4,1.86,0.9687,46,0
SPY190731C301,2019-07-29,2019-07-29 09:36:28,1.88,0.9791,245,1.85,0.9635,52,1.91,0.9947,4,1.865,0.9713,46,0
SPY190731C301,2019-07-29,2019-07-29 09:36:29,1.87,0.9739,20,1.85,0.9635,64,1.91,0.9947,4,1.86,0.9687,46,0
SPY190731C301,2019-07-29,2019-07-29 09:36:29,1.87,0.9739,7,1.85,0.9635,64,1.91,0.9947,4,1.86,0.9687,46,0
SPY190731C301,2019-07-29,2019-07-29 09:36:30,1.88,0.9791,245,1.85,0.9635,23,1.91,0.9947,4,1.865,0.9713,46,0
SPY190731C301,2019-07-29,2019-07-29 09:36:31,1.87,0.9739,31,1.85,0.9635,136,1.91,0.9947,4,1.86,0.9687,46,0
SPY190731C301,2019-07-29,2019-07-29 09:36:31,1.87,0.9739,16,1.85,0.9635,136,1.91,0.9947,4,1.86,0.9687,46,0
SPY190731C301,2019-07-29,2019-07-29 09:36:32,1.87,0.9739,31,1.85,0.9635,75,1.91,0.9947,4,1.86,0.9687,46,0
SPY190731C301,2019-07-29,2019-07-29 09:36:33,1.87,0.9739,17,1.85,0.9635,75,1.91,0.9947,4,1.86,0.9687,46,0
SPY190731C301,2019-07-29,2019-07-29 09:36:33,1.87,0.9739,31,1.85,0.9635,75,1.91,0.9947,4,1.86,0.9687,46,0
SPY190731C301,2019-07-29,2019-07-29 09:36:34,1.87,0.9739,26,1.85,0.9635,108,1.91,0.9947,4,1.86,0.9687,46,0
SPY190731C301,2019-07-29,2019-07-29 09:36:34,1.87,0.9739,26,1.85,0.9635,110,1.91,0.9947,4,1.86,0.9687,46,0
SPY190731C301,2019-07-29,2019-07-29 09:36:35,1.87,0.9739,29,1.85,0.9635,90,1.91,0.9947,4,1.86,0.9687,46,0
SPY190731C301,2019-07-29,2019-07-29 09:36:36,1.87,0.9739,56,1.85,0.9635,64,1.91,0.9947,4,1.86,0.9687,46,0
SPY190731C301,2019-07-29,2019-07-29 09:36:36,1.87,0.9739,64,1.85,0.9635,93,1.91,0.9947,4,1.86,0.9687,46,0
SPY190731C301,2019-07-29,2019-07-29 09:36:37,1.87,0.9739,16,1.86,0.9687,63,1.91,0.9947,4,1.865,0.9713,46,0
SPY190731C301,2019-07-29,2019-07-29 09:36:37,1.87,0.9739,34,1.85,0.9635,134,1.91,0.9947,4,1.86,0.9687,46,0
SPY190731C301,2019-07-29,2019-07-29 09:36:38,1.88,0.9791,16,1.86,0.9687,184,1.91,0.9947,4,1.87,0.9739,46,0
SPY190731C301,2019-07-29,2019-07-29 09:36:38,1.88,0.9791,16,1.86,0.9687,93,1.91,0.9947,4,1.87,0.9739,46,0
SPY190731C301,2019-07-29,2019-07-29 09:36:39,1.88,0.9791,30,1.86,0.9687,57,1.91,0.9947,4,1.87,0.9739,46,0
SPY190731C301,2019-07-29,2019-07-29 09:36:40,1.87,0.9739,16,1.85,0.9635,52,1.91,0.9947,4,1.86,0.9687,46,0
SPY190731C301,2019-07-29,2019-07-29 09:36:40,1.87,0.9739,20,1.85,0.9635,67,1.91,0.9947,4,1.86,0.9687,46,0
SPY190731C301,2019-07-29,2019-07-29 09:36:41,1.87,0.9739,20,1.85,0.9635,80,1.91,0.9947,4,1.86,0.9687,46,0
SPY190731C301,2019-07-29,2019-07-29 09:36:42,1.87,0.9739,120,1.84,0.9583,109,1.91,0.9947,4,1.855,0.9661,46,0
SPY190731C301,2019-07-29,2019-07-29 09:36:42,1.87,0.9739,20,1.85,0.9635,67,1.91,0.9947,4,1.86,0.9687,46,0
SPY190731C301,2019-07-29,2019-07-29 09:36:43,1.87,0.9739,114,1.84,0.9583,67,1.91,0.9947,4,1.855,0.9661,46,0
SPY190731C301,2019-07-29,2019-07-29 09:36:44,1.87,0.9739,16,1.85,0.9635,48,1.91,0.9947,4,1.86,0.9687,46,0
SPY190731C301,2019-07-29,2019-07-29 09:36:44,1.87,0.9739,24,1.85,0.9635,34,1.91,0.9947,4,1.86,0.9687,46,0
SPY190731C301,2019-07-29,2019-07-29 09:36:45,1.87,0.9739,24,1.85,0.9635,28,1.91,0.9947,4,1.86,0.9687,46,0
SPY190731C301,2019-07-29,2019-07-29 09:36:46,1.89,0.9843,114,1.84,0.9583,183,1.91,0.9947,4,1.865,0.9713,46,0
SPY190731C301,2019-07-29,2019-07-29 09:36:46,1.87,0.9739,7,1.85,0.9635,119,1.91,0.9947,4,1.86,0.9687,46,0
SPY190731C301,2019-07-29,2019-07-29 09:36:47,1.87,0.9739,17,1.85,0.9635,101,1.91,0.9947,4,1.86,0.9687,46,0
SPY190731C301,2019-07-29,2019-07-29 09:36:47,1.89,0.9843,14,1.84,0.9583,95,1.91,0.9947,4,1.865,0.9713,46,0
SPY190731C301,2019-07-29,2019-07-29 09:36:48,1.86,0.9687,70,1.84,0.9583,98,1.91,0.9947,4,1.85,0.9635,46,0
SPY190731C301,2019-07-29,2019-07-29 09:36:49,1.85,0.9635,1,1.84,0.9583,98,1.91,0.9947,4,1.845,0.9609,46,0
SPY190731C301,2019-07-29,2019-07-29 09:36:49,1.85,0.9635,1,1.84,0.9583,108,1.91,0.9947,4,1.845,0.9609,46,0
SPY190731C301,2019-07-29,2019-07-29 09:36:50,1.86,0.9687,61,1.84,0.9583,108,1.91,0.9947,4,1.85,0.9635,46,0
SPY190731C301,2019-07-29,2019-07-29 09:36:51,1.86,0.9687,60,1.85,0.9635,7,1.91,0.9947,4,1.855,0.9661,46,0
SPY190731C301,2019-07-29,2019-07-29 09:36:51,1.86,0.9687,61,1.85,0.9635,7,1.91,0.9947,4,1.855,0.9661,46,0
SPY190731C301,2019-07-29,2019-07-29 09:36:52,1.86,0.9687,56,1.84,0.9583,155,1.91,0.9947,4,1.85,0.9635,46,0
SPY190731C301,2019-07-29,2019-07-29 09:36:52,1.86,0.9687,7,1.85,0.9635,59,1.91,0.9947,4,1.855,0.9661,46,0
SPY190731C301,2019-07-29,2019-07-29 09:36:53,1.86,0.9687,48,1.84,0.9583,130,1.91,0.9947,4,1.85,0.9635,46,0
SPY190731C301,2019-07-29,2019-07-29 09:36:54,1.85,0.9635,10,1.84,0.9583,130,1.91,0.9947,4,1.845,0.9609,46,0
SPY190731C301,2019-07-29,2019-07-29 09:36:54,1.86,0.9687,56,1.84,0.9583,130,1.91,0.9947,4,1.85,0.9635,46,0
SPY190731C301,2019-07-29,2019-07-29 09:36:55,1.86,0.9687,56,1.84,0.9583,130,1.91,0.9947,4,1.85,0.9635,46,0
SPY190731C301,2019-07-29,2019-07-29 09:36:55,1.85,0.9635,10,1.84,0.9583,70,1.91,0.9947,4,1.845,0.9609,46,0
SPY190731C301,2019-07-29,2019-07-29 09:36:56,1.85,0.9635,17,1.83,0.9531,323,1.91,0.9947,4,1.84,0.9583,46,0
SPY190731C301,2019-07-29,2019-07-29 09:36:57,1.84,0.9583,18,1.83,0.9531,7,1.91,0.9947,4,1.835,0.9557,46,0
SPY190731C301,2019-07-29,2019-07-29 09:36:58,1.84,0.9583,23,1.83,0.9531,6,1.91,0.9947,4,1.835,0.9557,46,0
SPY190731C301,2019-07-29,2019-07-29 09:36:59,1.86,0.9687,24,1.84,0.9583,141,1.91,0.9947,4,1.85,0.9635,46,0
SPY190731C301,2019-07-29,2019-07-29 09:36:59,1.84,0.9583,23,1.83,0.9531,6,1.91,0.9947,4,1.835,0.9557,46,0
SPY190731C301,2019-07-29,2019-07-29 09:37:00,1.86,0.9687,20,1.84,0.9583,66,1.91,0.9947,4,1.85,0.9635,46,0
SPY190731C301,2019-07-29,2019-07-29 09:37:01,1.88,0.9791,12,1.86,0.9687,34,1.91,0.9947,4,1.87,0.9739,46,0
SPY190731C301,2019-07-29,2019-07-29 09:37:01,1.87,0.9739,24,1.85,0.9635,72,1.91,0.9947,4,1.86,0.9687,46,0
SPY190731C301,2019-07-29,2019-07-29 09:37:02,1.88,0.9791,20,1.87,0.9739,6,1.91,0.9947,4,1.875,0.9765,46,0
SPY190731C301,2019-07-29,2019-07-29 09:37:03,1.89,0.9843,150,1.88,0.9791,6,1.91,0.9947,4,1.885,0.9817,46,0
SPY190731C301,2019-07-29,2019-07-29 09:37:03,1.9,0.9895,119,1.88,0.9791,34,1.91,0.9947,4,1.89,0.9843,46,0
SPY190731C301,2019-07-29,2019-07-29 09:37:04,1.9,0.9895,23,1.88,0.9791,149,1.91,0.9947,4,1.89,0.9843,46,0
SPY190731C301,2019-07-29,2019-07-29 09:37:05,1.89,0.9843,110,1.87,0.9739,138,1.91,0.9947,4,1.88,0.9791,46,0
SPY190731C301,2019-07-29,2019-07-29 09:37:05,1.9,0.9895,23,1.89,0.9843,10,1.91,0.9947,4,1.895,0.9869,46,0
SPY190731C301,2019-07-29,2019-07-29 09:37:06,1.89,0.9843,32,1.87,0.9739,138,1.91,0.9947,4,1.88,0.9791,46,0
SPY190731C301,2019-07-29,2019-07-29 09:37:07,1.9,0.9895,66,1.88,0.9791,124,1.91,0.9947,4,1.89,0.9843,46,0
SPY190731C301,2019-07-29,2019-07-29 09:37:08,1.9,0.9895,35,1.88,0.9791,124,1.91,0.9947,4,1.89,0.9843,46,0
SPY190731C301,2019-07-29,2019-07-29 09:37:08,1.9,0.9895,22,1.88,0.9791,124,1.91,0.9947,4,1.89,0.9843,46,0
SPY190731C301,2019-07-29,2019-07-29 09:37:09,1.9,0.9895,20,1.89,0.9843,6,1.91,0.9947,4,1.895,0.9869,46,0
SPY190731C301,2019-07-29,2019-07-29 09:37:09,1.9,0.9895,20,1.88,0.9791,134,1.91,0.9947,4,1.89,0.9843,46,0
SPY190731C301,2019-07-29,2019-07-29 09:37:10,1.9,0.9895,10,1.88,0.9791,124,1.91,0.9947,4,1.89,0.9843,46,0
SPY190731C301,2019-07-29,2019-07-29 09:37:11,1.9,0.9895,32,1.88,0.9791,6,1.91,0.9947,4,1.89,0.9843,46,0
SPY190731C301,2019-07-29,2019-07-29 09:37:11,1.9,0.9895,10,1.88,0.9791,65,1.91,0.9947,4,1.89,0.9843,46,0
SPY190731C301,2019-07-29,2019-07-29 09:37:12,1.9,0.9895,120,1.88,0.9791,81,1.91,0.9947,4,1.89,0.9843,46,0
SPY190731C301,2019-07-29,2019-07-29 09:37:13,1.9,0.9895,31,1.88,0.9791,67,1.91,0.9947,4,1.89,0.9843,46,0
SPY190731C301,2019-07-29,2019-07-29 09:37:14,1.9,0.9895,31,1.88,0.9791,67,1.91,0.9947,4,1.89,0.9843,46,0
SPY190731C301,2019-07-29,2019-07-29 09:37:15,1.89,0.9843,10,1.88,0.9791,67,1.91,0.9947,4,1.885,0.9817,46,0
SPY190731C301,2019-07-29,2019-07-29 09:37:15,1.9,0.9895,13,1.89,0.9843,24,1.91,0.9947,4,1.895,0.9869,46,0
SPY190731C301,2019-07-29,2019-07-29 09:37:16,1.92,1.0,60,1.9,0.9895,76,1.91,0.9947,4,1.91,0.9947,46,0
SPY190731C301,2019-07-29,2019-07-29 09:37:17,1.9,0.9895,110,1.87,0.9739,111,1.91,0.9947,4,1.885,0.9817,46,0
SPY190731C301,2019-07-29,2019-07-29 09:37:17,1.91,0.9947,1,1.9,0.9895,67,1.91,0.9947,4,1.905,0.9921,46,0
SPY190731C301,2019-07-29,2019-07-29 09:37:18,1.89,0.9843,6,1.88,0.9791,6,1.91,0.9947,4,1.885,0.9817,46,0
SPY190731C301,2019-07-29,2019-07-29 09:37:18,1.9,0.9895,6,1.89,0.9843,24,1.91,0.9947,4,1.895,0.9869,46,0
SPY190731C301,2019-07-29,2019-07-29 09:37:19,1.9,0.9895,10,1.89,0.9843,58,1.91,0.9947,4,1.895,0.9869,46,0
SPY190731C301,2019-07-29,2019-07-29 09:37:20,1.91,0.9947,6,1.89,0.9843,105,1.91,0.9947,4,1.9,0.9895,46,0
SPY190731C301,2019-07-29,2019-07-29 09:37:20,1.92,1.0,144,1.9,0.9895,63,1.91,0.9947,4,1.91,0.9947,46,0
SPY190731C301,2019-07-29,2019-07-29 09:37:21,1.91,0.9947,6,1.89,0.9843,63,1.91,0.9947,4,1.9,0.9895,46,0
SPY190731C301,2019-07-29,2019-07-29 09:37:21,1.91,0.9947,146,1.89,0.9843,108,1.91,0.9947,4,1.9,0.9895,46,0
SPY190731C301,2019-07-29,2019-07-29 09:37:22,1.91,0.9947,1,1.9,0.9895,61,1.91,0.9947,4,1.905,0.9921,46,0
SPY190731C301,2019-07-29,2019-07-29 09:37:23,1.92,1.0,81,1.89,0.9843,132,1.91,0.9947,4,1.905,0.9921,46,0
SPY190731C301,2019-07-29,2019-07-29 09:37:23,1.91,0.9947,10,1.9,0.9895,63,1.91,0.9947,4,1.905,0.9921,46,0
SPY190731C301,2019-07-29,2019-07-29 09:37:24,1.9,0.9895,7,1.89,0.9843,59,1.91,0.9947,4,1.895,0.9869,46,0
SPY190731C301,2019-07-29,2019-07-29 09:37:24,1.91,0.9947,7,1.89,0.9843,65,1.91,0.9947,4,1.9,0.9895,46,0
SPY190731C301,2019-07-29,2019-07-29 09:37:25,1.92,1.0,105,1.89,0.9843,20,1.91,0.9947,4,1.905,0.9921,46,0
SPY190731C301,2019-07-29,2019-07-29 09:37:26,1.91,0.9947,23,1.89,0.9843,62,1.91,0.9947,4,1.9,0.9895,46,0
SPY190731C301,2019-07-29,2019-07-29 09:37:26,1.91,0.9947,7,1.89,0.9843,59,1.91,0.9947,5,1.9,0.9895,51,5
SPY190731C301,2019-07-29,2019-07-29 09:37:27,1.9,0.9895,120,1.88,0.9791,88,1.91,0.9947,5,1.89,0.9843,51,0
SPY190731C301,2019-07-29,2019-07-29 09:37:28,1.9,0.9895,22,1.88,0.9791,88,1.91,0.9947,5,1.89,0.9843,51,0
SPY190731C301,2019-07-29,2019-07-29 09:37:28,1.9,0.9895,120,1.88,0.9791,66,1.91,0.9947,5,1.89,0.9843,51,0
SPY190731C301,2019-07-29,2019-07-29 09:37:29,1.91,0.9947,21,1.89,0.9843,66,1.91,0.9947,5,1.9,0.9895,51,0
SPY190731C301,2019-07-29,2019-07-29 09:37:29,1.91,0.9947,20,1.89,0.9843,96,1.91,0.9947,5,1.9,0.9895,51,0
SPY190731C301,2019-07-29,2019-07-29 09:37:30,1.91,0.9947,110,1.89,0.9843,66,1.91,0.9947,5,1.9,0.9895,51,0
SPY190731C301,2019-07-29,2019-07-29 09:37:31,1.92,1.0,24,1.9,0.9895,26,1.91,0.9947,5,1.91,0.9947,51,0
SPY190731C301,2019-07-29,2019-07-29 09:37:32,1.91,0.9947,21,1.89,0.9843,99,1.91,0.9947,5,1.9,0.9895,51,0
SPY190731C301,2019-07-29,2019-07-29 09:37:32,1.91,0.9947,21,1.89,0.9843,72,1.91,0.9947,5,1.9,0.9895,51,0
SPY190731C301,2019-07-29,2019-07-29 09:37:33,1.91,0.9947,20,1.89,0.9843,66,1.91,0.9947,5,1.9,0.9895,51,0
SPY190731C301,2019-07-29,2019-07-29 09:37:34,1.92,1.0,259,1.89,0.9843,26,1.91,0.9947,5,1.905,0.9921,51,0
SPY190731C301,2019-07-29,2019-07-29 09:37:35,1.91,0.9947,20,1.89,0.9843,72,1.91,0.9947,5,1.9,0.9895,51,0
SPY190731C301,2019-07-29,2019-07-29 09:37:35,1.9,0.9895,10,1.89,0.9843,57,1.91,0.9947,5,1.895,0.9869,51,0
SPY190731C301,2019-07-29,2019-07-29 09:37:36,1.9,0.9895,1,1.89,0.9843,57,1.91,0.9947,5,1.895,0.9869,51,0
SPY190731C301,2019-07-29,2019-07-29 09:37:37,1.9,0.9895,7,1.88,0.9791,147,1.9,0.9895,1,1.89,0.9843,53,2
SPY190731C301,2019-07-29,2019-07-29 09:37:38,1.9,0.9895,23,1.88,0.9791,76,1.9,0.9895,8,1.89,0.9843,61,0
SPY190731C301,2019-07-29,2019-07-29 09:37:38,1.9,0.9895,23,1.88,0.9791,76,1.9,0.9895,8,1.89,0.9843,61,8
SPY190731C301,2019-07-29,2019-07-29 09:37:39,1.89,0.9843,6,1.87,0.9739,147,1.9,0.9895,8,1.88,0.9791,61,0
SPY190731C301,2019-07-29,2019-07-29 09:37:40,1.89,0.9843,22,1.87,0.9739,63,1.9,0.9895,8,1.88,0.9791,61,0
SPY190731C301,2019-07-29,2019-07-29 09:37:40,1.89,0.9843,1,1.88,0.9791,23,1.89,0.9843,5,1.885,0.9817,66,5
SPY190731C301,2019-07-29,2019-07-29 09:37:41,1.89,0.9843,7,1.88,0.9791,23,1.89,0.9843,5,1.885,0.9817,66,0
SPY190731C301,2019-07-29,2019-07-29 09:37:42,1.89,0.9843,24,1.87,0.9739,77,1.89,0.9843,5,1.88,0.9791,66,0
SPY190731C301,2019-07-29,2019-07-29 09:37:43,1.89,0.9843,33,1.87,0.9739,76,1.89,0.9843,5,1.88,0.9791,66,0
SPY190731C301,2019-07-29,2019-07-29 09:37:44,1.88,0.9791,22,1.87,0.9739,20,1.89,0.9843,5,1.875,0.9765,66,0
SPY190731C301,2019-07-29,2019-07-29 09:37:45,1.88,0.9791,20,1.87,0.9739,52,1.89,0.9843,5,1.875,0.9765,66,0
SPY190731C301,2019-07-29,2019-07-29 09:37:45,1.88,0.9791,21,1.86,0.9687,66,1.89,0.9843,5,1.87,0.9739,66,0
SPY190731C301,2019-07-29,2019-07-29 09:37:46,1.88,0.9791,20,1.86,0.9687,67,1.89,0.9843,5,1.87,0.9739,66,0
SPY190731C301,2019-07-29,2019-07-29 09:37:47,1.88,0.9791,11,1.87,0.9739,7,1.89,0.9843,5,1.875,0.9765,66,0
SPY190731C301,2019-07-29,2019-07-29 09:37:47,1.88,0.9791,6,1.87,0.9739,6,1.89,0.9843,5,1.875,0.9765,66,0
SPY190731C301,2019-07-29,2019-07-29 09:37:48,1.9,0.9895,317,1.87,0.9739,63,1.89,0.9843,5,1.885,0.9817,66,0
SPY190731C301,2019-07-29,2019-07-29 09:37:49,1.89,0.9843,50,1.87,0.9739,63,1.89,0.9843,5,1.88,0.9791,66,0
SPY190731C301,2019-07-29,2019-07-29 09:37:50,1.89,0.9843,67,1.87,0.9739,52,1.89,0.9843,5,1.88,0.9791,66,0
SPY190731C301,2019-07-29,2019-07-29 09:37:51,1.89,0.9843,28,1.87,0.9739,61,1.89,0.9843,5,1.88,0.9791,66,0
SPY190731C301,2019-07-29,2019-07-29 09:37:52,1.88,0.9791,6,1.87,0.9739,66,1.89,0.9843,5,1.875,0.9765,66,0
SPY190731C301,2019-07-29,2019-07-29 09:37:52,1.89,0.9843,55,1.87,0.9739,67,1.89,0.9843,5,1.88,0.9791,66,0
SPY190731C301,2019-07-29,2019-07-29 09:37:53,1.88,0.9791,10,1.87,0.9739,63,1.89,0.9843,5,1.875,0.9765,66,0
SPY190731C301,2019-07-29,2019-07-29 09:37:53,1.88,0.9791,6,1.87,0.9739,66,1.89,0.9843,5,1.875,0.9765,66,0
SPY190731C301,2019-07-29,2019-07-29 09:37:54,1.88,0.9791,6,1.86,0.9687,6,1.89,0.9843,5,1.87,0.9739,66,0
SPY190731C301,2019-07-29,2019-07-29 09:37:55,1.87,0.9739,6,1.86,0.9687,16,1.89,0.9843,5,1.865,0.9713,66,0
SPY190731C301,2019-07-29,2019-07-29 09:37:56,1.88,0.9791,60,1.86,0.9687,63,1.89,0.9843,5,1.87,0.9739,66,0
SPY190731C301,2019-07-29,2019-07-29 09:37:57,1.88,0.9791,60,1.86,0.9687,63,1.89,0.9843,5,1.87,0.9739,66,0
SPY190731C301,2019-07-29,2019-07-29 09:37:58,1.87,0.9739,10,1.86,0.9687,23,1.89,0.9843,5,1.865,0.9713,66,0
SPY190731C301,2019-07-29,2019-07-29 09:37:58,1.87,0.9739,21,1.86,0.9687,23,1.89,0.9843,5,1.865,0.9713,66,0
SPY190731C301,2019-07-29,2019-07-29 09:37:59,1.87,0.9739,21,1.85,0.9635,95,1.89,0.9843,5,1.86,0.9687,66,0
SPY190731C301,2019-07-29,2019-07-29 09:38:00,1.86,0.9687,20,1.85,0.9635,20,1.86,0.9687,2,1.855,0.9661,68,2
SPY190731C301,2019-07-29,2019-07-29 09:38:00,1.86,0.9687,22,1.84,0.9583,147,1.89,0.9843,5,1.85,0.9635,66,0
SPY190731C301,2019-07-29,2019-07-29 09:38:01,1.86,0.9687,10,1.84,0.9583,147,1.86,0.9687,2,1.85,0.9635,68,0
SPY190731C301,2019-07-29,2019-07-29 09:38:02,1.86,0.9687,27,1.84,0.9583,147,1.86,0.9687,2,1.85,0.9635,68,0
SPY190731C301,2019-07-29,2019-07-29 09:38:02,1.86,0.9687,10,1.84,0.9583,147,1.86,0.9687,2,1.85,0.9635,68,0
SPY190731C301,2019-07-29,2019-07-29 09:38:03,1.86,0.9687,27,1.84,0.9583,147,1.86,0.9687,2,1.85,0.9635,68,0
SPY190731C301,2019-07-29,2019-07-29 09:38:03,1.85,0.9635,1,1.84,0.9583,77,1.86,0.9687,2,1.845,0.9609,68,0
SPY190731C301,2019-07-29,2019-07-29 09:38:04,1.86,0.9687,40,1.84,0.9583,77,1.86,0.9687,2,1.85,0.9635,68,0
SPY190731C301,2019-07-29,2019-07-29 09:38:05,1.86,0.9687,31,1.83,0.9531,6,1.86,0.9687,2,1.845,0.9609,68,0
SPY190731C301,2019-07-29,2019-07-29 09:38:05,1.84,0.9583,6,1.83,0.9531,24,1.86,0.9687,2,1.835,0.9557,68,0
SPY190731C301,2019-07-29,2019-07-29 09:38:06,1.84,0.9583,7,1.83,0.9531,27,1.86,0.9687,2,1.835,0.9557,68,0
SPY190731C301,2019-07-29,2019-07-29 09:38:07,1.86,0.9687,24,1.84,0.9583,64,1.86,0.9687,2,1.85,0.9635,68,0
SPY190731C301,2019-07-29,2019-07-29 09:38:07,1.85,0.9635,73,1.83,0.9531,36,1.86,0.9687,2,1.84,0.9583,68,0
SPY190731C301,2019-07-29,2019-07-29 09:38:08,1.86,0.9687,55,1.84,0.9583,64,1.86,0.9687,2,1.85,0.9635,68,0
SPY190731C301,2019-07-29,2019-07-29 09:38:09,1.86,0.9687,59,1.84,0.9583,64,1.86,0.9687,2,1.85,0.9635,68,0
SPY190731C301,2019-07-29,2019-07-29 09:38:09,1.86,0.9687,19,1.85,0.9635,24,1.86,0.9687,2,1.855,0.9661,68,0
SPY190731C301,2019-07-29,2019-07-29 09:38:10,1.86,0.9687,18,1.84,0.9583,72,1.86,0.9687,2,1.85,0.9635,68,0
SPY190731C301,2019-07-29,2019-07-29 09:38:11,1.86,0.9687,67,1.84,0.9583,130,1.86,0.9687,2,1.85,0.9635,68,0
SPY190731C301,2019-07-29,2019-07-29 09:38:11,1.85,0.9635,15,1.84,0.9583,18,1.86,0.9687,2,1.845,0.9609,68,0
SPY190731C301,2019-07-29,2019-07-29 09:38:12,1.86,0.9687,18,1.84,0.9583,92,1.86,0.9687,2,1.85,0.9635,68,0
SPY190731C301,2019-07-29,2019-07-29 09:38:13,1.86,0.9687,19,1.84,0.9583,92,1.86,0.9687,2,1.85,0.9635,68,0
SPY190731C301,2019-07-29,2019-07-29 09:38:13,1.86,0.9687,10,1.85,0.9635,23,1.86,0.9687,2,1.855,0.9661,68,0
SPY190731C301,2019-07-29,2019-07-29 09:38:14,1.86,0.9687,10,1.85,0.9635,23,1.86,0.9687,2,1.855,0.9661,68,0
SPY190731C301,2019-07-29,2019-07-29 09:38:15,1.87,0.9739,191,1.84,0.9583,203,1.86,0.9687,2,1.855,0.9661,68,0
SPY190731C301,2019-07-29,2019-07-29 09:38:15,1.86,0.9687,15,1.84,0.9583,133,1.86,0.9687,2,1.85,0.9635,68,0
SPY190731C301,2019-07-29,2019-07-29 09:38:16,1.87,0.9739,191,1.84,0.9583,206,1.86,0.9687,2,1.855,0.9661,68,0
SPY190731C301,2019-07-29,2019-07-29 09:38:17,1.87,0.9739,194,1.85,0.9635,23,1.86,0.9687,2,1.86,0.9687,68,0
SPY190731C301,2019-07-29,2019-07-29 09:38:18,1.87,0.9739,174,1.85,0.9635,86,1.86,0.9687,2,1.86,0.9687,68,0
SPY190731C301,2019-07-29,2019-07-29 09:38:18,1.87,0.9739,201,1.85,0.9635,38,1.86,0.9687,2,1.86,0.9687,68,0
SPY190731C301,2019-07-29,2019-07-29 09:38:19,1.86,0.9687,18,1.84,0.9583,166,1.86,0.9687,2,1.85,0.9635,68,0
SPY190731C301,2019-07-29,2019-07-29 09:38:19,1.86,0.9687,19,1.84,0.9583,166,1.86,0.9687,2,1.85,0.9635,68,0
SPY190731C301,2019-07-29,2019-07-29 09:38:20,1.86,0.9687,10,1.85,0.9635,20,1.86,0.9687,2,1.855,0.9661,68,0
SPY190731C301,2019-07-29,2019-07-29 09:38:21,1.86,0.9687,20,1.84,0.9583,159,1.86,0.9687,2,1.85,0.9635,68,0
SPY190731C301,2019-07-29,2019-07-29 09:38:21,1.87,0.9739,48,1.86,0.9687,6,1.86,0.9687,2,1.865,0.9713,68,0
SPY190731C301,2019-07-29,2019-07-29 09:38:22,1.86,0.9687,20,1.84,0.9583,159,1.86,0.9687,2,1.85,0.9635,68,0
SPY190731C301,2019-07-29,2019-07-29 09:38:22,1.86,0.9687,30,1.84,0.9583,196,1.86,0.9687,2,1.85,0.9635,68,0
SPY190731C301,2019-07-29,2019-07-29 09:38:23,1.86,0.9687,65,1.84,0.9583,152,1.86,0.9687,2,1.85,0.9635,68,0
SPY190731C301,2019-07-29,2019-07-29 09:38:24,1.86,0.9687,56,1.84,0.9583,152,1.86,0.9687,2,1.85,0.9635,68,0
SPY190731C301,2019-07-29,2019-07-29 09:38:24,1.86,0.9687,20,1.84,0.9583,152,1.86,0.9687,2,1.85,0.9635,68,0
SPY190731C301,2019-07-29,2019-07-29 09:38:25,1.86,0.9687,19,1.84,0.9583,152,1.86,0.9687,2,1.85,0.9635,68,0
SPY190731C301,2019-07-29,2019-07-29 09:38:26,1.85,0.9635,10,1.84,0.9583,152,1.86,0.9687,2,1.845,0.9609,68,0
SPY190731C301,2019-07-29,2019-07-29 09:38:26,1.86,0.9687,31,1.85,0.9635,6,1.86,0.9687,2,1.855,0.9661,68,0
SPY190731C301,2019-07-29,2019-07-29 09:38:27,1.87,0.9739,242,1.85,0.9635,6,1.86,0.9687,2,1.86,0.9687,68,0
SPY190731C301,2019-07-29,2019-07-29 09:38:27,1.86,0.9687,17,1.84,0.9583,162,1.86,0.9687,2,1.85,0.9635,68,0
SPY190731C301,2019-07-29,2019-07-29 09:38:28,1.86,0.9687,51,1.84,0.9583,152,1.86,0.9687,2,1.85,0.9635,68,0
SPY190731C301,2019-07-29,2019-07-29 09:38:29,1.85,0.9635,100,1.84,0.9583,94,1.86,0.9687,2,1.845,0.9609,68,0
SPY190731C301,2019-07-29,2019-07-29 09:38:29,1.86,0.9687,65,1.84,0.9583,147,1.86,0.9687,2,1.85,0.9635,68,0
SPY190731C301,2019-07-29,2019-07-29 09:38:30,1.86,0.9687,30,1.84,0.9583,124,1.86,0.9687,2,1.85,0.9635,68,0
SPY190731C301,2019-07-29,2019-07-29 09:38:31,1.84,0.9583,15,1.83,0.9531,66,1.86,0.9687,2,1.835,0.9557,68,0
SPY190731C301,2019-07-29,2019-07-29 09:38:31,1.85,0.9635,11,1.83,0.9531,143,1.86,0.9687,2,1.84,0.9583,68,0
SPY190731C301,2019-07-29,2019-07-29 09:38:32,1.84,0.9583,11,1.83,0.9531,102,1.86,0.9687,2,1.835,0.9557,68,0
SPY190731C301,2019-07-29,2019-07-29 09:38:33,1.84,0.9583,11,1.83,0.9531,67,1.86,0.9687,2,1.835,0.9557,68,0
SPY190731C301,2019-07-29,2019-07-29 09:38:33,1.84,0.9583,16,1.83,0.9531,67,1.86,0.9687,2,1.835,0.9557,68,0
SPY190731C301,2019-07-29,2019-07-29 09:38:34,1.85,0.9635,51,1.83,0.9531,111,1.86,0.9687,2,1.84,0.9583,68,0
SPY190731C301,2019-07-29,2019-07-29 09:38:35,1.85,0.9635,25,1.83,0.9531,127,1.86,0.9687,2,1.84,0.9583,68,0
SPY190731C301,2019-07-29,2019-07-29 09:38:36,1.85,0.9635,15,1.83,0.9531,164,1.86,0.9687,2,1.84,0.9583,68,0
SPY190731C301,2019-07-29,2019-07-29 09:38:36,1.85,0.9635,15,1.83,0.9531,153,1.86,0.9687,2,1.84,0.9583,68,0
SPY190731C301,2019-07-29,2019-07-29 09:38:37,1.86,0.9687,10,1.84,0.9583,169,1.86,0.9687,2,1.85,0.9635,68,0
SPY190731C301,2019-07-29,2019-07-29 09:38:37,1.85,0.9635,11,1.84,0.9583,90,1.86,0.9687,2,1.845,0.9609,68,0
SPY190731C301,2019-07-29,2019-07-29 09:38:38,1.85,0.9635,11,1.83,0.9531,164,1.86,0.9687,2,1.84,0.9583,68,0
SPY190731C301,2019-07-29,2019-07-29 09:38:39,1.85,0.9635,26,1.83,0.9531,154,1.86,0.9687,2,1.84,0.9583,68,0
SPY190731C301,2019-07-29,2019-07-29 09:38:39,1.85,0.9635,11,1.84,0.9583,10,1.86,0.9687,2,1.845,0.9609,68,0
SPY190731C301,2019-07-29,2019-07-29 09:38:40,1.85,0.9635,26,1.83,0.9531,154,1.86,0.9687,2,1.84,0.9583,68,0
SPY190731C301,2019-07-29,2019-07-29 09:38:41,1.85,0.9635,16,1.83,0.9531,154,1.86,0.9687,2,1.84,0.9583,68,0
SPY190731C301,2019-07-29,2019-07-29 09:38:42,1.85,0.9635,16,1.83,0.9531,154,1.86,0.9687,2,1.84,0.9583,68,0
SPY190731C301,2019-07-29,2019-07-29 09:38:43,1.86,0.9687,11,1.85,0.9635,67,1.86,0.9687,2,1.855,0.9661,68,0
SPY190731C301,2019-07-29,2019-07-29 09:38:43,1.85,0.9635,16,1.83,0.9531,154,1.86,0.9687,2,1.84,0.9583,68,0
SPY190731C301,2019-07-29,2019-07-29 09:38:44,1.86,0.9687,11,1.85,0.9635,23,1.86,0.9687,2,1.855,0.9661,68,0
SPY190731C301,2019-07-29,2019-07-29 09:38:44,1.86,0.9687,11,1.85,0.9635,63,1.86,0.9687,2,1.855,0.9661,68,0
SPY190731C301,2019-07-29,2019-07-29 09:38:45,1.86,0.9687,106,1.84,0.9583,60,1.86,0.9687,2,1.85,0.9635,68,0
SPY190731C301,2019-07-29,2019-07-29 09:38:46,1.86,0.9687,106,1.84,0.9583,60,1.86,0.9687,2,1.85,0.9635,68,0
SPY190731C301,2019-07-29,2019-07-29 09:38:47,1.85,0.9635,15,1.84,0.9583,54,1.86,0.9687,2,1.845,0.9609,68,0
SPY190731C301,2019-07-29,2019-07-29 09:38:48,1.85,0.9635,25,1.83,0.9531,161,1.86,0.9687,2,1.84,0.9583,68,0
SPY190731C301,2019-07-29,2019-07-29 09:38:48,1.85,0.9635,15,1.84,0.9583,20,1.86,0.9687,2,1.845,0.9609,68,0
SPY190731C301,2019-07-29,2019-07-29 09:38:49,1.85,0.9635,16,1.83,0.9531,170,1.86,0.9687,2,1.84,0.9583,68,0
SPY190731C301,2019-07-29,2019-07-29 09:38:50,1.85,0.9635,111,1.83,0.9531,153,1.86,0.9687,2,1.84,0.9583,68,0
SPY190731C301,2019-07-29,2019-07-29 09:38:50,1.84,0.9583,1,1.83,0.9531,153,1.86,0.9687,2,1.835,0.9557,68,0
SPY190731C301,2019-07-29,2019-07-29 09:38:51,1.85,0.9635,10,1.84,0.9583,23,1.86,0.9687,2,1.845,0.9609,68,0
SPY190731C301,2019-07-29,2019-07-29 09:38:52,1.85,0.9635,10,1.84,0.9583,23,1.86,0.9687,2,1.845,0.9609,68,0
SPY190731C301,2019-07-29,2019-07-29 09:38:52,1.85,0.9635,16,1.84,0.9583,25,1.84,0.9583,5,1.845,0.9609,73,5
SPY190731C301,2019-07-29,2019-07-29 09:38:53,1.85,0.9635,100,1.84,0.9583,23,1.84,0.9583,5,1.845,0.9609,73,0
SPY190731C301,2019-07-29,2019-07-29 09:38:54,1.85,0.9635,100,1.84,0.9583,23,1.84,0.9583,5,1.845,0.9609,73,0
SPY190731C301,2019-07-29,2019-07-29 09:38:54,1.85,0.9635,16,1.84,0.9583,20,1.84,0.9583,5,1.845,0.9609,73,0
SPY190731C301,2019-07-29,2019-07-29 09:38:55,1.86,0.9687,100,1.85,0.9635,23,1.84,0.9583,5,1.855,0.9661,73,0
SPY190731C301,2019-07-29,2019-07-29 09:38:56,1.86,0.9687,106,1.84,0.9583,195,1.84,0.9583,5,1.85,0.9635,73,0
SPY190731C301,2019-07-29,2019-07-29 09:38:56,1.86,0.9687,106,1.84,0.9583,110,1.84,0.9583,5,1.85,0.9635,73,0
SPY190731C301,2019-07-29,2019-07-29 09:38:57,1.85,0.9635,15,1.84,0.9583,16,1.84,0.9583,5,1.845,0.9609,73,0
SPY190731C301,2019-07-29,2019-07-29 09:38:58,1.86,0.9687,146,1.84,0.9583,116,1.84,0.9583,5,1.85,0.9635,73,0
SPY190731C301,2019-07-29,2019-07-29 09:38:59,1.86,0.9687,106,1.84,0.9583,143,1.84,0.9583,5,1.85,0.9635,73,0
SPY190731C301,2019-07-29,2019-07-29 09:39:00,1.86,0.9687,15,1.85,0.9635,23,1.84,0.9583,5,1.855,0.9661,73,0
SPY190731C301,2019-07-29,2019-07-29 09:39:01,1.86,0.9687,17,1.84,0.9583,125,1.84,0.9583,5,1.85,0.9635,73,0
SPY190731C301,2019-07-29,2019-07-29 09:39:01,1.87,0.9739,242,1.84,0.9583,110,1.84,0.9583,5,1.855,0.9661,73,0
SPY190731C301,2019-07-29,2019-07-29 09:39:02,1.85,0.9635,100,1.83,0.9531,154,1.84,0.9583,5,1.84,0.9583,73,0
SPY190731C301,2019-07-29,2019-07-29 09:39:03,1.85,0.9635,100,1.84,0.9583,20,1.84,0.9583,5,1.845,0.9609,73,0
SPY190731C301,2019-07-29,2019-07-29 09:39:04,1.84,0.9583,11,1.83,0.9531,154,1.84,0.9583,5,1.835,0.9557,73,0
SPY190731C301,2019-07-29,2019-07-29 09:39:04,1.84,0.9583,11,1.82,0.9479,154,1.84,0.9583,5,1.83,0.9531,73,0
SPY190731C301,2019-07-29,2019-07-29 09:39:05,1.85,0.9635,100,1.83,0.9531,113,1.84,0.9583,5,1.84,0.9583,73,0
SPY190731C301,2019-07-29,2019-07-29 09:39:06,1.85,0.9635,100,1.83,0.9531,163,1.84,0.9583,5,1.84,0.9583,73,0
SPY190731C301,2019-07-29,2019-07-29 09:39:06,1.85,0.9635,106,1.83,0.9531,153,1.84,0.9583,5,1.84,0.9583,73,0
SPY190731C301,2019-07-29,2019-07-29 09:39:07,1.85,0.9635,17,1.83,0.9531,163,1.84,0.9583,5,1.84,0.9583,73,0
SPY190731C301,2019-07-29,2019-07-29 09:39:08,1.85,0.9635,111,1.83,0.9531,148,1.84,0.9583,5,1.84,0.9583,73,0
SPY190731C301,2019-07-29,2019-07-29 09:39:08,1.85,0.9635,151,1.83,0.9531,148,1.84,0.9583,5,1.84,0.9583,73,0
SPY190731C301,2019-07-29,2019-07-29 09:39:09,1.85,0.9635,10,1.83,0.9531,153,1.84,0.9583,5,1.84,0.9583,73,0
SPY190731C301,2019-07-29,2019-07-29 09:39:10,1.86,0.9687,242,1.84,0.9583,34,1.84,0.9583,5,1.85,0.9635,73,0
SPY190731C301,2019-07-29,2019-07-29 09:39:10,1.85,0.9635,1,1.84,0.9583,35,1.84,0.9583,5,1.845,0.9609,73,0
SPY190731C301,2019-07-29,2019-07-29 09:39:11,1.85,0.9635,1,1.84,0.9583,25,1.84,0.9583,5,1.845,0.9609,73,0
SPY190731C301,2019-07-29,2019-07-29 09:39:12,1.86,0.9687,20,1.84,0.9583,154,1.84,0.9583,5,1.85,0.9635,73,0
SPY190731C301,2019-07-29,2019-07-29 09:39:12,1.87,0.9739,242,1.84,0.9583,154,1.84,0.9583,5,1.855,0.9661,73,0
SPY190731C301,2019-07-29,2019-07-29 09:39:13,1.86,0.9687,6,1.85,0.9635,23,1.84,0.9583,5,1.855,0.9661,73,0
SPY190731C301,2019-07-29,2019-07-29 09:39:14,1.86,0.9687,10,1.85,0.9635,49,1.86,0.9687,1,1.855,0.9661,74,0
SPY190731C301,2019-07-29,2019-07-29 09:39:14,1.86,0.9687,10,1.85,0.9635,25,1.86,0.9687,1,1.855,0.9661,74,1
SPY190731C301,2019-07-29,2019-07-29 09:39:15,1.87,0.9739,188,1.85,0.9635,89,1.86,0.9687,1,1.86,0.9687,74,0
SPY190731C301,2019-07-29,2019-07-29 09:39:16,1.87,0.9739,86,1.85,0.9635,48,1.86,0.9687,1,1.86,0.9687,74,0
SPY190731C301,2019-07-29,2019-07-29 09:39:17,1.86,0.9687,10,1.85,0.9635,20,1.86,0.9687,1,1.855,0.9661,74,0
SPY190731C301,2019-07-29,2019-07-29 09:39:17,1.86,0.9687,1,1.85,0.9635,25,1.86,0.9687,1,1.855,0.9661,74,0
SPY190731C301,2019-07-29,2019-07-29 09:39:18,1.86,0.9687,1,1.85,0.9635,25,1.86,0.9687,1,1.855,0.9661,74,0
SPY190731C301,2019-07-29,2019-07-29 09:39:19,1.86,0.9687,10,1.85,0.9635,23,1.86,0.9687,1,1.855,0.9661,74,0
SPY190731C301,2019-07-29,2019-07-29 09:39:19,1.86,0.9687,1,1.85,0.9635,25,1.86,0.9687,1,1.855,0.9661,74,0
SPY190731C301,2019-07-29,2019-07-29 09:39:20,1.86,0.9687,10,1.85,0.9635,25,1.86,0.9687,1,1.855,0.9661,74,0
SPY190731C301,2019-07-29,2019-07-29 09:39:21,1.87,0.9739,237,1.85,0.9635,24,1.86,0.9687,1,1.86,0.9687,74,0
SPY190731C301,2019-07-29,2019-07-29 09:39:21,1.86,0.9687,6,1.85,0.9635,24,1.86,0.9687,1,1.855,0.9661,74,0
SPY190731C301,2019-07-29,2019-07-29 09:39:22,1.87,0.9739,252,1.85,0.9635,24,1.86,0.9687,1,1.86,0.9687,74,0
SPY190731C301,2019-07-29,2019-07-29 09:39:23,1.87,0.9739,151,1.86,0.9687,6,1.86,0.9687,1,1.865,0.9713,74,0
SPY190731C301,2019-07-29,2019-07-29 09:39:24,1.87,0.9739,177,1.85,0.9635,149,1.86,0.9687,1,1.86,0.9687,74,0
SPY190731C301,2019-07-29,2019-07-29 09:39:24,1.87,0.9739,106,1.86,0.9687,20,1.86,0.9687,1,1.865,0.9713,74,0
SPY190731C301,2019-07-29,2019-07-29 09:39:25,1.86,0.9687,1,1.85,0.9635,23,1.86,0.9687,1,1.855,0.9661,74,0
SPY190731C301,2019-07-29,2019-07-29 09:39:25,1.87,0.9739,218,1.85,0.9635,23,1.86,0.9687,1,1.86,0.9687,74,0
SPY190731C301,2019-07-29,2019-07-29 09:39:27,1.86,0.9687,1,1.85,0.9635,25,1.86,0.9687,1,1.855,0.9661,74,0
SPY190731C301,2019-07-29,2019-07-29 09:39:28,1.87,0.9739,140,1.86,0.9687,6,1.86,0.9687,1,1.865,0.9713,74,0
SPY190731C301,2019-07-29,2019-07-29 09:39:29,1.88,0.9791,135,1.87,0.9739,6,1.86,0.9687,1,1.875,0.9765,74,0
SPY190731C301,2019-07-29,2019-07-29 09:39:30,1.88,0.9791,106,1.87,0.9739,6,1.86,0.9687,1,1.875,0.9765,74,0
SPY190731C301,2019-07-29,2019-07-29 09:39:31,1.9,0.9895,231,1.87,0.9739,153,1.86,0.9687,1,1.885,0.9817,74,0
SPY190731C301,2019-07-29,2019-07-29 09:39:32,1.88,0.9791,100,1.87,0.9739,23,1.86,0.9687,1,1.875,0.9765,74,0
SPY190731C301,2019-07-29,2019-07-29 09:39:34,1.88,0.9791,100,1.86,0.9687,154,1.86,0.9687,1,1.87,0.9739,74,0
SPY190731C301,2019-07-29,2019-07-29 09:39:35,1.89,0.9843,242,1.87,0.9739,24,1.86,0.9687,1,1.88,0.9791,74,0
SPY190731C301,2019-07-29,2019-07-29 09:39:36,1.89,0.9843,237,1.87,0.9739,7,1.86,0.9687,1,1.88,0.9791,74,0
SPY190731C301,2019-07-29,2019-07-29 09:39:36,1.89,0.9843,252,1.87,0.9739,6,1.86,0.9687,1,1.88,0.9791,74,0
SPY190731C301,2019-07-29,2019-07-29 09:39:37,1.89,0.9843,252,1.87,0.9739,6,1.86,0.9687,1,1.88,0.9791,74,0
SPY190731C301,2019-07-29,2019-07-29 09:39:38,1.88,0.9791,175,1.86,0.9687,23,1.86,0.9687,1,1.87,0.9739,74,0
SPY190731C301,2019-07-29,2019-07-29 09:39:38,1.88,0.9791,13,1.87,0.9739,23,1.86,0.9687,1,1.875,0.9765,74,0
SPY190731C301,2019-07-29,2019-07-29 09:39:39,1.87,0.9739,1,1.86,0.9687,25,1.86,0.9687,1,1.865,0.9713,74,0
SPY190731C301,2019-07-29,2019-07-29 09:39:40,1.87,0.9739,1,1.86,0.9687,25,1.86,0.9687,1,1.865,0.9713,74,0
SPY190731C301,2019-07-29,2019-07-29 09:39:41,1.87,0.9739,13,1.86,0.9687,20,1.86,0.9687,1,1.865,0.9713,74,0
SPY190731C301,2019-07-29,2019-07-29 09:39:41,1.87,0.9739,23,1.85,0.9635,164,1.86,0.9687,1,1.86,0.9687,74,0
SPY190731C301,2019-07-29,2019-07-29 09:39:42,1.88,0.9791,225,1.86,0.9687,23,1.86,0.9687,1,1.87,0.9739,74,0
SPY190731C301,2019-07-29,2019-07-29 09:39:43,1.87,0.9739,11,1.86,0.9687,79,1.86,0.9687,1,1.865,0.9713,74,0
SPY190731C301,2019-07-29,2019-07-29 09:39:43,1.87,0.9739,10,1.86,0.9687,79,1.86,0.9687,1,1.865,0.9713,74,0
SPY190731C301,2019-07-29,2019-07-29 09:39:44,1.87,0.9739,10,1.85,0.9635,154,1.86,0.9687,1,1.86,0.9687,74,0
SPY190731C301,2019-07-29,2019-07-29 09:39:45,1.86,0.9687,11,1.85,0.9635,154,1.86,0.9687,1,1.855,0.9661,74,0
SPY190731C301,2019-07-29,2019-07-29 09:39:45,1.86,0.9687,11,1.85,0.9635,63,1.86,0.9687,1,1.855,0.9661,74,0
SPY190731C301,2019-07-29,2019-07-29 09:39:46,1.86,0.9687,22,1.85,0.9635,107,1.86,0.9687,1,1.855,0.9661,74,0
SPY190731C301,2019-07-29,2019-07-29 09:39:47,1.86,0.9687,13,1.85,0.9635,107,1.86,0.9687,1,1.855,0.9661,74,0
SPY190731C301,2019-07-29,2019-07-29 09:39:48,1.86,0.9687,13,1.85,0.9635,107,1.86,0.9687,1,1.855,0.9661,74,0
SPY190731C301,2019-07-29,2019-07-29 09:39:49,1.86,0.9687,13,1.85,0.9635,107,1.86,0.9687,1,1.855,0.9661,74,0
SPY190731C301,2019-07-29,2019-07-29 09:39:51,1.86,0.9687,13,1.85,0.9635,164,1.86,0.9687,1,1.855,0.9661,74,0
SPY190731C301,2019-07-29,2019-07-29 09:39:51,1.86,0.9687,1,1.85,0.9635,112,1.86,0.9687,1,1.855,0.9661,74,0
SPY190731C301,2019-07-29,2019-07-29 09:39:52,1.86,0.9687,11,1.85,0.9635,164,1.86,0.9687,1,1.855,0.9661,74,0
SPY190731C301,2019-07-29,2019-07-29 09:39:53,1.86,0.9687,11,1.85,0.9635,107,1.86,0.9687,1,1.855,0.9661,74,0
SPY190731C301,2019-07-29,2019-07-29 09:39:54,1.86,0.9687,1,1.85,0.9635,107,1.86,0.9687,1,1.855,0.9661,74,0
SPY190731C301,2019-07-29,2019-07-29 09:39:54,1.86,0.9687,11,1.85,0.9635,107,1.86,0.9687,1,1.855,0.9661,74,0
SPY190731C301,2019-07-29,2019-07-29 09:39:55,1.86,0.9687,11,1.85,0.9635,107,1.86,0.9687,1,1.855,0.9661,74,0
SPY190731C301,2019-07-29,2019-07-29 09:39:56,1.86,0.9687,1,1.85,0.9635,160,1.86,0.9687,1,1.855,0.9661,74,0
SPY190731C301,2019-07-29,2019-07-29 09:39:57,1.86,0.9687,1,1.85,0.9635,160,1.86,0.9687,1,1.855,0.9661,74,0
SPY190731C301,2019-07-29,2019-07-29 09:39:58,1.85,0.9635,100,1.84,0.9583,6,1.86,0.9687,1,1.845,0.9609,74,0
SPY190731C301,2019-07-29,2019-07-29 09:39:59,1.85,0.9635,113,1.84,0.9583,128,1.86,0.9687,1,1.845,0.9609,74,0
SPY190731C301,2019-07-29,2019-07-29 09:40:00,1.86,0.9687,113,1.84,0.9583,216,1.86,0.9687,1,1.85,0.9635,74,0
SPY190731C301,2019-07-29,2019-07-29 09:40:01,1.86,0.9687,100,1.85,0.9635,6,1.86,0.9687,1,1.855,0.9661,74,0
SPY190731C301,2019-07-29,2019-07-29 09:40:02,1.86,0.9687,100,1.85,0.9635,27,1.86,0.9687,1,1.855,0.9661,74,0
SPY190731C301,2019-07-29,2019-07-29 09:40:03,1.86,0.9687,7,1.84,0.9583,316,1.86,0.9687,1,1.85,0.9635,74,0
SPY190731C301,2019-07-29,2019-07-29 09:40:04,1.86,0.9687,1,1.85,0.9635,24,1.86,0.9687,1,1.855,0.9661,74,0
SPY190731C301,2019-07-29,2019-07-29 09:40:05,1.85,0.9635,107,1.83,0.9531,164,1.86,0.9687,1,1.84,0.9583,74,0
SPY190731C301,2019-07-29,2019-07-29 09:40:05,1.85,0.9635,107,1.83,0.9531,209,1.86,0.9687,1,1.84,0.9583,74,0
SPY190731C301,2019-07-29,2019-07-29 09:40:06,1.85,0.9635,107,1.83,0.9531,203,1.86,0.9687,1,1.84,0.9583,74,0
SPY190731C301,2019-07-29,2019-07-29 09:40:07,1.85,0.9635,113,1.83,0.9531,120,1.86,0.9687,1,1.84,0.9583,74,0
SPY190731C301,2019-07-29,2019-07-29 09:40:07,1.84,0.9583,1,1.83,0.9531,164,1.86,0.9687,1,1.835,0.9557,74,0
SPY190731C301,2019-07-29,2019-07-29 09:40:08,1.85,0.9635,123,1.83,0.9531,164,1.86,0.9687,1,1.84,0.9583,74,0
SPY190731C301,2019-07-29,2019-07-29 09:40:09,1.84,0.9583,107,1.82,0.9479,177,1.86,0.9687,1,1.83,0.9531,74,0
SPY190731C301,2019-07-29,2019-07-29 09:40:09,1.84,0.9583,107,1.82,0.9479,147,1.86,0.9687,1,1.83,0.9531,74,0
SPY190731C301,2019-07-29,2019-07-29 09:40:10,1.83,0.9531,7,1.82,0.9479,147,1.86,0.9687,1,1.825,0.9505,74,0
SPY190731C301,2019-07-29,2019-07-29 09:40:11,1.83,0.9531,13,1.82,0.9479,147,1.86,0.9687,1,1.825,0.9505,74,0
SPY190731C301,2019-07-29,2019-07-29 09:40:12,1.83,0.9531,107,1.81,0.9427,143,1.86,0.9687,1,1.82,0.9479,74,0
SPY190731C301,2019-07-29,2019-07-29 09:40:12,1.82,0.9479,7,1.81,0.9427,25,1.86,0.9687,1,1.815,0.9453,74,0
SPY190731C301,2019-07-29,2019-07-29 09:40:13,1.82,0.9479,14,1.81,0.9427,25,1.86,0.9687,1,1.815,0.9453,74,0
SPY190731C301,2019-07-29,2019-07-29 09:40:14,1.82,0.9479,14,1.81,0.9427,25,1.86,0.9687,1,1.815,0.9453,74,0
SPY190731C301,2019-07-29,2019-07-29 09:40:14,1.83,0.9531,107,1.82,0.9479,47,1.86,0.9687,1,1.825,0.9505,74,0
SPY190731C301,2019-07-29,2019-07-29 09:40:16,1.82,0.9479,14,1.81,0.9427,120,1.86,0.9687,1,1.815,0.9453,74,0
SPY190731C301,2019-07-29,2019-07-29 09:40:17,1.82,0.9479,14,1.81,0.9427,6,1.86,0.9687,1,1.815,0.9453,74,0
SPY190731C301,2019-07-29,2019-07-29 09:40:18,1.82,0.9479,14,1.81,0.9427,13,1.86,0.9687,1,1.815,0.9453,74,0
SPY190731C301,2019-07-29,2019-07-29 09:40:19,1.82,0.9479,30,1.8,0.9375,170,1.86,0.9687,1,1.81,0.9427,74,0
SPY190731C301,2019-07-29,2019-07-29 09:40:20,1.82,0.9479,29,1.8,0.9375,222,1.8,0.9375,1,1.81,0.9427,77,3
SPY190731C301,2019-07-29,2019-07-29 09:40:20,1.82,0.9479,30,1.8,0.9375,222,1.86,0.9687,1,1.81,0.9427,74,0
SPY190731C301,2019-07-29,2019-07-29 09:40:21,1.82,0.9479,29,1.79,0.9322,266,1.8,0.9375,1,1.805,0.9401,77,0
SPY190731C301,2019-07-29,2019-07-29 09:40:22,1.82,0.9479,29,1.79,0.9322,213,1.8,0.9375,1,1.805,0.9401,77,0
SPY190731C301,2019-07-29,2019-07-29 09:40:23,1.8,0.9375,12,1.79,0.9322,154,1.8,0.9375,1,1.795,0.9348,77,0
SPY190731C301,2019-07-29,2019-07-29 09:40:24,1.8,0.9375,12,1.79,0.9322,154,1.8,0.9375,1,1.795,0.9348,77,0
SPY190731C301,2019-07-29,2019-07-29 09:40:25,1.8,0.9375,12,1.79,0.9322,149,1.8,0.9375,1,1.795,0.9348,77,0
SPY190731C301,2019-07-29,2019-07-29 09:40:26,1.8,0.9375,14,1.79,0.9322,172,1.8,0.9375,1,1.795,0.9348,77,0
SPY190731C301,2019-07-29,2019-07-29 09:40:26,1.8,0.9375,12,1.79,0.9322,154,1.8,0.9375,1,1.795,0.9348,77,0
SPY190731C301,2019-07-29,2019-07-29 09:40:27,1.82,0.9479,90,1.8,0.9375,6,1.8,0.9375,1,1.81,0.9427,77,0
SPY190731C301,2019-07-29,2019-07-29 09:40:28,1.81,0.9427,102,1.79,0.9322,122,1.8,0.9375,1,1.8,0.9375,77,0
SPY190731C301,2019-07-29,2019-07-29 09:40:28,1.81,0.9427,100,1.8,0.9375,43,1.8,0.9375,1,1.805,0.9401,77,0
SPY190731C301,2019-07-29,2019-07-29 09:40:29,1.81,0.9427,60,1.79,0.9322,224,1.8,0.9375,1,1.8,0.9375,77,0
SPY190731C301,2019-07-29,2019-07-29 09:40:30,1.8,0.9375,11,1.79,0.9322,120,1.8,0.9375,1,1.795,0.9348,77,0
SPY190731C301,2019-07-29,2019-07-29 09:40:30,1.8,0.9375,100,1.79,0.9322,83,1.8,0.9375,1,1.795,0.9348,77,0
SPY190731C301,2019-07-29,2019-07-29 09:40:31,1.8,0.9375,147,1.78,0.927,120,1.8,0.9375,1,1.79,0.9322,77,0
SPY190731C301,2019-07-29,2019-07-29 09:40:32,1.79,0.9322,13,1.78,0.927,120,1.8,0.9375,1,1.785,0.9296,77,0
SPY190731C301,2019-07-29,2019-07-29 09:40:33,1.79,0.9322,13,1.78,0.927,80,1.8,0.9375,1,1.785,0.9296,77,0
SPY190731C301,2019-07-29,2019-07-29 09:40:33,1.79,0.9322,13,1.78,0.927,120,1.8,0.9375,1,1.785,0.9296,77,0
SPY190731C301,2019-07-29,2019-07-29 09:40:34,1.79,0.9322,13,1.78,0.927,92,1.8,0.9375,1,1.785,0.9296,77,0
SPY190731C301,2019-07-29,2019-07-29 09:40:35,1.79,0.9322,13,1.78,0.927,92,1.8,0.9375,1,1.785,0.9296,77,0
SPY190731C301,2019-07-29,2019-07-29 09:40:36,1.79,0.9322,13,1.78,0.927,6,1.8,0.9375,1,1.785,0.9296,77,0
SPY190731C301,2019-07-29,2019-07-29 09:40:37,1.79,0.9322,13,1.78,0.927,72,1.8,0.9375,1,1.785,0.9296,77,0
SPY190731C301,2019-07-29,2019-07-29 09:40:38,1.79,0.9322,13,1.78,0.927,92,1.8,0.9375,1,1.785,0.9296,77,0
SPY190731C301,2019-07-29,2019-07-29 09:40:38,1.79,0.9322,17,1.78,0.927,72,1.8,0.9375,1,1.785,0.9296,77,0
SPY190731C301,2019-07-29,2019-07-29 09:40:39,1.79,0.9322,13,1.78,0.927,72,1.8,0.9375,1,1.785,0.9296,77,0
SPY190731C301,2019-07-29,2019-07-29 09:40:40,1.79,0.9322,13,1.78,0.927,92,1.8,0.9375,1,1.785,0.9296,77,0
SPY190731C301,2019-07-29,2019-07-29 09:40:40,1.8,0.9375,11,1.78,0.927,115,1.8,0.9375,1,1.79,0.9322,77,0
SPY190731C301,2019-07-29,2019-07-29 09:40:41,1.79,0.9322,13,1.78,0.927,115,1.8,0.9375,1,1.785,0.9296,77,0
SPY190731C301,2019-07-29,2019-07-29 09:40:42,1.79,0.9322,13,1.78,0.927,110,1.8,0.9375,1,1.785,0.9296,77,0
SPY190731C301,2019-07-29,2019-07-29 09:40:42,1.79,0.9322,100,1.78,0.927,115,1.8,0.9375,1,1.785,0.9296,77,0
SPY190731C301,2019-07-29,2019-07-29 09:40:43,1.79,0.9322,107,1.78,0.927,110,1.8,0.9375,1,1.785,0.9296,77,0
SPY190731C301,2019-07-29,2019-07-29 09:40:44,1.79,0.9322,107,1.78,0.927,88,1.8,0.9375,1,1.785,0.9296,77,0
SPY190731C301,2019-07-29,2019-07-29 09:40:45,1.79,0.9322,159,1.78,0.927,6,1.8,0.9375,1,1.785,0.9296,77,0
SPY190731C301,2019-07-29,2019-07-29 09:40:45,1.79,0.9322,100,1.77,0.9218,336,1.8,0.9375,1,1.78,0.927,77,0
SPY190731C301,2019-07-29,2019-07-29 09:40:47,1.78,0.927,147,1.76,0.9166,220,1.8,0.9375,1,1.77,0.9218,77,0
SPY190731C301,2019-07-29,2019-07-29 09:40:48,1.79,0.9322,106,1.78,0.927,119,1.8,0.9375,1,1.785,0.9296,77,0
SPY190731C301,2019-07-29,2019-07-29 09:40:48,1.8,0.9375,84,1.78,0.927,119,1.8,0.9375,1,1.79,0.9322,77,0
SPY190731C301,2019-07-29,2019-07-29 09:40:49,1.8,0.9375,111,1.78,0.927,93,1.8,0.9375,1,1.79,0.9322,77,0
SPY190731C301,2019-07-29,2019-07-29 09:40:50,1.8,0.9375,111,1.78,0.927,60,1.8,0.9375,1,1.79,0.9322,77,0
SPY190731C301,2019-07-29,2019-07-29 09:40:51,1.8,0.9375,6,1.79,0.9322,70,1.8,0.9375,1,1.795,0.9348,77,0
SPY190731C301,2019-07-29,2019-07-29 09:40:51,1.8,0.9375,151,1.78,0.927,64,1.8,0.9375,1,1.79,0.9322,77,0
SPY190731C301,2019-07-29,2019-07-29 09:40:52,1.81,0.9427,121,1.79,0.9322,110,1.8,0.9375,1,1.8,0.9375,77,0
SPY190731C301,2019-07-29,2019-07-29 09:40:53,1.8,0.9375,6,1.79,0.9322,27,1.8,0.9375,1,1.795,0.9348,77,0
SPY190731C301,2019-07-29,2019-07-29 09:40:53,1.8,0.9375,10,1.79,0.9322,65,1.8,0.9375,1,1.795,0.9348,77,0
SPY190731C301,2019-07-29,2019-07-29 09:40:54,1.8,0.9375,51,1.78,0.927,166,1.8,0.9375,1,1.79,0.9322,77,0
SPY190731C301,2019-07-29,2019-07-29 09:40:55,1.8,0.9375,11,1.79,0.9322,10,1.8,0.9375,1,1.795,0.9348,77,0
SPY190731C301,2019-07-29,2019-07-29 09:40:56,1.8,0.9375,11,1.78,0.927,264,1.8,0.9375,1,1.79,0.9322,77,0
SPY190731C301,2019-07-29,2019-07-29 09:40:56,1.8,0.9375,66,1.78,0.927,177,1.8,0.9375,1,1.79,0.9322,77,0
