symbol,Date,quote_time,ask_price,norm_ask_price,ask_size,bid_price,norm_bid_price,bid_size,last_trade_price,norm_last_trade_price,last_trade_size,mark_price,norm_mark_price,volume,Volume
IWM191025C154,2019-10-23,2019-10-23 09:30:00,1.06,1.0,115,1.03,0.9716,121,1.06,1.0,15,1.045,0.9858,6429,0
IWM191025C154,2019-10-23,2019-10-23 09:30:00,1.06,1.0,115,1.03,0.9716,121,1.06,1.0,15,1.045,0.9858,6429,6429
IWM191025C154,2019-10-23,2019-10-23 09:30:01,1.06,1.0,115,1.03,0.9716,121,1.06,1.0,15,1.045,0.9858,6429,0
IWM191025C154,2019-10-23,2019-10-23 09:30:02,1.06,1.0,115,1.03,0.9716,121,1.06,1.0,15,1.045,0.9858,6429,0
IWM191025C154,2019-10-23,2019-10-23 09:30:03,1.06,1.0,115,1.03,0.9716,121,1.06,1.0,15,1.045,0.9858,6429,0
IWM191025C154,2019-10-23,2019-10-23 09:30:04,1.16,1.0943,27,1.02,0.9622,27,1.06,1.0,15,1.09,1.0283,0,-6429
IWM191025C154,2019-10-23,2019-10-23 09:30:04,1.16,1.0943,27,1.0,0.9433,27,1.06,1.0,15,1.08,1.0188,0,0
IWM191025C154,2019-10-23,2019-10-23 09:30:05,1.15,1.0849,250,0.97,0.915,27,1.06,1.0,15,1.06,1.0,0,0
IWM191025C154,2019-10-23,2019-10-23 09:30:05,1.15,1.0849,250,0.98,0.9245,27,1.06,1.0,15,1.065,1.0047,0,0
IWM191025C154,2019-10-23,2019-10-23 09:30:06,1.11,1.0471,14,0.97,0.915,27,1.06,1.0,15,1.04,0.9811,0,0
IWM191025C154,2019-10-23,2019-10-23 09:30:06,1.11,1.0471,221,0.97,0.915,27,1.06,1.0,15,1.04,0.9811,0,0
IWM191025C154,2019-10-23,2019-10-23 09:30:07,1.11,1.0471,236,0.99,0.9339,27,1.06,1.0,15,1.05,0.9905,0,0
IWM191025C154,2019-10-23,2019-10-23 09:30:07,1.11,1.0471,165,0.99,0.9339,27,1.06,1.0,15,1.05,0.9905,0,0
IWM191025C154,2019-10-23,2019-10-23 09:30:08,1.11,1.0471,214,0.99,0.9339,27,1.06,1.0,15,1.05,0.9905,0,0
IWM191025C154,2019-10-23,2019-10-23 09:30:09,1.11,1.0471,10,0.97,0.915,43,1.06,1.0,15,1.04,0.9811,0,0
IWM191025C154,2019-10-23,2019-10-23 09:30:09,1.11,1.0471,50,0.98,0.9245,250,1.06,1.0,15,1.045,0.9858,0,0
IWM191025C154,2019-10-23,2019-10-23 09:30:10,1.11,1.0471,23,0.97,0.915,43,1.06,1.0,15,1.04,0.9811,0,0
IWM191025C154,2019-10-23,2019-10-23 09:30:10,1.11,1.0471,10,0.97,0.915,43,1.06,1.0,15,1.04,0.9811,0,0
IWM191025C154,2019-10-23,2019-10-23 09:30:11,1.11,1.0471,84,0.98,0.9245,27,1.06,1.0,15,1.045,0.9858,0,0
IWM191025C154,2019-10-23,2019-10-23 09:30:11,1.11,1.0471,84,0.97,0.915,43,1.06,1.0,15,1.04,0.9811,0,0
IWM191025C154,2019-10-23,2019-10-23 09:30:12,1.1,1.0377,41,0.97,0.915,10,1.06,1.0,15,1.035,0.9764,0,0
IWM191025C154,2019-10-23,2019-10-23 09:30:12,1.1,1.0377,41,0.98,0.9245,41,1.06,1.0,15,1.04,0.9811,0,0
IWM191025C154,2019-10-23,2019-10-23 09:30:13,1.08,1.0188,41,0.96,0.9056,41,1.06,1.0,15,1.02,0.9622,0,0
IWM191025C154,2019-10-23,2019-10-23 09:30:14,1.08,1.0188,41,0.96,0.9056,41,1.06,1.0,15,1.02,0.9622,0,0
IWM191025C154,2019-10-23,2019-10-23 09:30:14,1.08,1.0188,41,0.96,0.9056,61,1.06,1.0,15,1.02,0.9622,0,0
IWM191025C154,2019-10-23,2019-10-23 09:30:15,1.08,1.0188,41,0.95,0.8962,41,1.06,1.0,15,1.015,0.9575,0,0
IWM191025C154,2019-10-23,2019-10-23 09:30:15,1.08,1.0188,41,0.96,0.9056,61,1.06,1.0,15,1.02,0.9622,0,0
IWM191025C154,2019-10-23,2019-10-23 09:30:16,1.06,1.0,202,0.95,0.8962,41,1.06,1.0,15,1.005,0.9481,0,0
IWM191025C154,2019-10-23,2019-10-23 09:30:16,1.08,1.0188,41,0.95,0.8962,41,1.06,1.0,15,1.015,0.9575,0,0
IWM191025C154,2019-10-23,2019-10-23 09:30:17,1.06,1.0,202,0.95,0.8962,41,1.06,1.0,15,1.005,0.9481,0,0
IWM191025C154,2019-10-23,2019-10-23 09:30:17,1.06,1.0,223,0.95,0.8962,41,1.06,1.0,15,1.005,0.9481,0,0
IWM191025C154,2019-10-23,2019-10-23 09:30:18,1.04,0.9811,223,0.93,0.8773,41,1.06,1.0,15,0.985,0.9292,0,0
IWM191025C154,2019-10-23,2019-10-23 09:30:18,1.04,0.9811,178,0.93,0.8773,61,1.06,1.0,15,0.985,0.9292,0,0
IWM191025C154,2019-10-23,2019-10-23 09:30:19,1.04,0.9811,304,0.93,0.8773,69,1.06,1.0,15,0.985,0.9292,0,0
IWM191025C154,2019-10-23,2019-10-23 09:30:19,1.04,0.9811,304,0.93,0.8773,41,1.06,1.0,15,0.985,0.9292,0,0
IWM191025C154,2019-10-23,2019-10-23 09:30:20,1.04,0.9811,214,0.93,0.8773,34,1.06,1.0,15,0.985,0.9292,0,0
IWM191025C154,2019-10-23,2019-10-23 09:30:20,1.04,0.9811,304,0.93,0.8773,64,1.06,1.0,15,0.985,0.9292,0,0
IWM191025C154,2019-10-23,2019-10-23 09:30:21,1.04,0.9811,34,0.96,0.9056,89,1.06,1.0,15,1.0,0.9433,0,0
IWM191025C154,2019-10-23,2019-10-23 09:30:21,1.02,0.9622,195,0.93,0.8773,34,1.06,1.0,15,0.975,0.9198,0,0
IWM191025C154,2019-10-23,2019-10-23 09:30:22,1.03,0.9716,41,0.96,0.9056,90,1.06,1.0,15,0.995,0.9386,0,0
IWM191025C154,2019-10-23,2019-10-23 09:30:22,1.03,0.9716,273,0.92,0.8679,48,0.97,0.915,2,0.975,0.9198,2,2
IWM191025C154,2019-10-23,2019-10-23 09:30:23,1.02,0.9622,234,0.92,0.8679,464,0.97,0.915,2,0.97,0.915,2,0
IWM191025C154,2019-10-23,2019-10-23 09:30:24,1.05,0.9905,158,0.96,0.9056,301,0.97,0.915,2,1.005,0.9481,2,0
IWM191025C154,2019-10-23,2019-10-23 09:30:24,1.02,0.9622,150,0.95,0.8962,41,0.97,0.915,2,0.985,0.9292,2,0
IWM191025C154,2019-10-23,2019-10-23 09:30:25,1.05,0.9905,174,0.96,0.9056,417,0.97,0.915,2,1.005,0.9481,2,0
IWM191025C154,2019-10-23,2019-10-23 09:30:26,1.05,0.9905,115,0.97,0.915,281,0.97,0.915,2,1.01,0.9528,2,0
IWM191025C154,2019-10-23,2019-10-23 09:30:26,1.05,0.9905,49,0.97,0.915,534,0.97,0.915,2,1.01,0.9528,2,0
IWM191025C154,2019-10-23,2019-10-23 09:30:27,1.05,0.9905,23,0.97,0.915,411,0.97,0.915,2,1.01,0.9528,2,0
IWM191025C154,2019-10-23,2019-10-23 09:30:27,1.05,0.9905,49,0.97,0.915,500,0.97,0.915,2,1.01,0.9528,2,0
IWM191025C154,2019-10-23,2019-10-23 09:30:28,1.05,0.9905,195,0.97,0.915,119,0.97,0.915,2,1.01,0.9528,2,0
IWM191025C154,2019-10-23,2019-10-23 09:30:28,1.05,0.9905,194,0.97,0.915,63,0.97,0.915,2,1.01,0.9528,2,0
IWM191025C154,2019-10-23,2019-10-23 09:30:29,1.05,0.9905,93,0.97,0.915,312,0.97,0.915,2,1.01,0.9528,2,0
IWM191025C154,2019-10-23,2019-10-23 09:30:29,1.05,0.9905,197,0.97,0.915,120,0.97,0.915,2,1.01,0.9528,2,0
IWM191025C154,2019-10-23,2019-10-23 09:30:30,1.05,0.9905,234,0.97,0.915,108,0.97,0.915,2,1.01,0.9528,2,0
IWM191025C154,2019-10-23,2019-10-23 09:30:30,1.05,0.9905,162,0.97,0.915,146,0.97,0.915,2,1.01,0.9528,2,0
IWM191025C154,2019-10-23,2019-10-23 09:30:31,1.04,0.9811,31,0.97,0.915,99,0.97,0.915,2,1.005,0.9481,2,0
IWM191025C154,2019-10-23,2019-10-23 09:30:31,1.05,0.9905,145,0.97,0.915,239,0.97,0.915,2,1.01,0.9528,2,0
IWM191025C154,2019-10-23,2019-10-23 09:30:32,1.04,0.9811,109,0.97,0.915,139,0.97,0.915,2,1.005,0.9481,2,0
IWM191025C154,2019-10-23,2019-10-23 09:30:32,1.04,0.9811,109,0.97,0.915,329,0.97,0.915,2,1.005,0.9481,2,0
IWM191025C154,2019-10-23,2019-10-23 09:30:33,1.04,0.9811,84,0.97,0.915,280,0.97,0.915,2,1.005,0.9481,2,0
IWM191025C154,2019-10-23,2019-10-23 09:30:34,1.02,0.9622,115,0.97,0.915,119,0.97,0.915,2,0.995,0.9386,2,0
IWM191025C154,2019-10-23,2019-10-23 09:30:34,1.04,0.9811,139,0.97,0.915,88,0.97,0.915,2,1.005,0.9481,2,0
IWM191025C154,2019-10-23,2019-10-23 09:30:35,1.03,0.9716,18,0.98,0.9245,90,0.97,0.915,2,1.005,0.9481,2,0
IWM191025C154,2019-10-23,2019-10-23 09:30:35,1.04,0.9811,144,0.98,0.9245,90,0.97,0.915,2,1.01,0.9528,2,0
IWM191025C154,2019-10-23,2019-10-23 09:30:36,1.03,0.9716,18,0.98,0.9245,121,0.97,0.915,2,1.005,0.9481,2,0
IWM191025C154,2019-10-23,2019-10-23 09:30:36,1.03,0.9716,88,0.99,0.9339,75,0.97,0.915,2,1.01,0.9528,2,0
IWM191025C154,2019-10-23,2019-10-23 09:30:37,1.06,1.0,43,1.0,0.9433,115,0.97,0.915,2,1.03,0.9716,2,0
IWM191025C154,2019-10-23,2019-10-23 09:30:37,1.06,1.0,121,1.02,0.9622,89,0.97,0.915,2,1.04,0.9811,2,0
IWM191025C154,2019-10-23,2019-10-23 09:30:38,1.05,0.9905,18,1.0,0.9433,308,0.97,0.915,2,1.025,0.9669,2,0
IWM191025C154,2019-10-23,2019-10-23 09:30:38,1.05,0.9905,18,1.0,0.9433,95,0.97,0.915,2,1.025,0.9669,2,0
IWM191025C154,2019-10-23,2019-10-23 09:30:39,1.05,0.9905,18,1.0,0.9433,346,0.97,0.915,2,1.025,0.9669,2,0
IWM191025C154,2019-10-23,2019-10-23 09:30:39,1.05,0.9905,25,1.0,0.9433,346,0.97,0.915,2,1.025,0.9669,2,0
IWM191025C154,2019-10-23,2019-10-23 09:30:40,1.05,0.9905,46,1.0,0.9433,346,0.97,0.915,2,1.025,0.9669,2,0
IWM191025C154,2019-10-23,2019-10-23 09:30:40,1.05,0.9905,63,1.0,0.9433,346,0.97,0.915,2,1.025,0.9669,2,0
IWM191025C154,2019-10-23,2019-10-23 09:30:41,1.05,0.9905,142,0.99,0.9339,148,0.97,0.915,2,1.02,0.9622,2,0
IWM191025C154,2019-10-23,2019-10-23 09:30:41,1.05,0.9905,46,1.0,0.9433,63,0.97,0.915,2,1.025,0.9669,2,0
IWM191025C154,2019-10-23,2019-10-23 09:30:42,1.04,0.9811,18,1.0,0.9433,75,0.97,0.915,2,1.02,0.9622,2,0
IWM191025C154,2019-10-23,2019-10-23 09:30:43,1.04,0.9811,7,1.01,0.9528,92,0.97,0.915,2,1.025,0.9669,2,0
IWM191025C154,2019-10-23,2019-10-23 09:30:43,1.06,1.0,28,1.02,0.9622,75,0.97,0.915,2,1.04,0.9811,2,0
IWM191025C154,2019-10-23,2019-10-23 09:30:44,1.07,1.0094,132,1.02,0.9622,75,0.97,0.915,2,1.045,0.9858,2,0
IWM191025C154,2019-10-23,2019-10-23 09:30:45,1.05,0.9905,18,1.0,0.9433,136,0.97,0.915,2,1.025,0.9669,2,0
IWM191025C154,2019-10-23,2019-10-23 09:30:45,1.06,1.0,44,1.02,0.9622,75,0.97,0.915,2,1.04,0.9811,2,0
IWM191025C154,2019-10-23,2019-10-23 09:30:46,1.04,0.9811,20,1.0,0.9433,93,0.97,0.915,2,1.02,0.9622,2,0
IWM191025C154,2019-10-23,2019-10-23 09:30:47,1.05,0.9905,2,1.0,0.9433,117,0.97,0.915,2,1.025,0.9669,2,0
IWM191025C154,2019-10-23,2019-10-23 09:30:47,1.06,1.0,20,1.0,0.9433,117,0.97,0.915,2,1.03,0.9716,2,0
IWM191025C154,2019-10-23,2019-10-23 09:30:48,1.05,0.9905,1,1.0,0.9433,117,1.05,0.9905,15,1.025,0.9669,32,30
IWM191025C154,2019-10-23,2019-10-23 09:30:48,1.06,1.0,43,1.0,0.9433,117,1.05,0.9905,15,1.03,0.9716,32,0
IWM191025C154,2019-10-23,2019-10-23 09:30:49,1.06,1.0,43,1.02,0.9622,102,1.05,0.9905,15,1.04,0.9811,32,0
IWM191025C154,2019-10-23,2019-10-23 09:30:49,1.06,1.0,20,1.02,0.9622,143,1.05,0.9905,15,1.04,0.9811,32,0
IWM191025C154,2019-10-23,2019-10-23 09:30:50,1.07,1.0094,121,1.02,0.9622,125,1.05,0.9905,15,1.045,0.9858,32,0
IWM191025C154,2019-10-23,2019-10-23 09:30:50,1.06,1.0,20,1.02,0.9622,102,1.05,0.9905,15,1.04,0.9811,32,0
IWM191025C154,2019-10-23,2019-10-23 09:30:51,1.07,1.0094,26,1.03,0.9716,75,1.05,0.9905,15,1.05,0.9905,32,0
IWM191025C154,2019-10-23,2019-10-23 09:30:51,1.07,1.0094,119,1.02,0.9622,125,1.05,0.9905,15,1.045,0.9858,32,0
IWM191025C154,2019-10-23,2019-10-23 09:30:52,1.07,1.0094,53,1.02,0.9622,136,1.05,0.9905,15,1.045,0.9858,32,0
IWM191025C154,2019-10-23,2019-10-23 09:30:52,1.07,1.0094,75,1.02,0.9622,75,1.05,0.9905,15,1.045,0.9858,32,0
IWM191025C154,2019-10-23,2019-10-23 09:30:53,1.07,1.0094,126,1.02,0.9622,75,1.05,0.9905,15,1.045,0.9858,32,0
IWM191025C154,2019-10-23,2019-10-23 09:30:53,1.07,1.0094,63,1.02,0.9622,126,1.05,0.9905,15,1.045,0.9858,32,0
IWM191025C154,2019-10-23,2019-10-23 09:30:54,1.07,1.0094,116,1.02,0.9622,103,1.05,0.9905,15,1.045,0.9858,32,0
IWM191025C154,2019-10-23,2019-10-23 09:30:55,1.08,1.0188,16,1.04,0.9811,109,1.05,0.9905,15,1.06,1.0,32,0
IWM191025C154,2019-10-23,2019-10-23 09:30:55,1.08,1.0188,21,1.04,0.9811,149,1.05,0.9905,15,1.06,1.0,32,0
IWM191025C154,2019-10-23,2019-10-23 09:30:56,1.08,1.0188,78,1.03,0.9716,115,1.05,0.9905,15,1.055,0.9952,32,0
IWM191025C154,2019-10-23,2019-10-23 09:30:56,1.08,1.0188,31,1.04,0.9811,125,1.05,0.9905,15,1.06,1.0,32,0
IWM191025C154,2019-10-23,2019-10-23 09:30:57,1.08,1.0188,155,1.03,0.9716,140,1.05,0.9905,15,1.055,0.9952,32,0
IWM191025C154,2019-10-23,2019-10-23 09:30:57,1.08,1.0188,138,1.03,0.9716,115,1.05,0.9905,15,1.055,0.9952,32,0
IWM191025C154,2019-10-23,2019-10-23 09:30:58,1.08,1.0188,130,1.03,0.9716,140,1.05,0.9905,15,1.055,0.9952,32,0
IWM191025C154,2019-10-23,2019-10-23 09:30:58,1.08,1.0188,155,1.03,0.9716,140,1.05,0.9905,15,1.055,0.9952,32,0
IWM191025C154,2019-10-23,2019-10-23 09:30:59,1.08,1.0188,130,1.03,0.9716,21,1.05,0.9905,15,1.055,0.9952,32,0
IWM191025C154,2019-10-23,2019-10-23 09:30:59,1.08,1.0188,130,1.03,0.9716,140,1.05,0.9905,15,1.055,0.9952,32,0
IWM191025C154,2019-10-23,2019-10-23 09:31:00,1.07,1.0094,207,1.02,0.9622,160,1.05,0.9905,15,1.045,0.9858,32,0
IWM191025C154,2019-10-23,2019-10-23 09:31:01,1.08,1.0188,69,1.03,0.9716,118,1.05,0.9905,15,1.055,0.9952,32,0
IWM191025C154,2019-10-23,2019-10-23 09:31:01,1.07,1.0094,235,1.02,0.9622,209,1.05,0.9905,15,1.045,0.9858,32,0
IWM191025C154,2019-10-23,2019-10-23 09:31:02,1.08,1.0188,91,1.03,0.9716,139,1.05,0.9905,15,1.055,0.9952,32,0
IWM191025C154,2019-10-23,2019-10-23 09:31:02,1.08,1.0188,150,1.03,0.9716,139,1.05,0.9905,15,1.055,0.9952,32,0
IWM191025C154,2019-10-23,2019-10-23 09:31:03,1.05,0.9905,163,1.0,0.9433,153,1.05,0.9905,15,1.025,0.9669,32,0
IWM191025C154,2019-10-23,2019-10-23 09:31:03,1.07,1.0094,75,1.0,0.9433,58,1.05,0.9905,15,1.035,0.9764,32,0
IWM191025C154,2019-10-23,2019-10-23 09:31:04,1.06,1.0,63,1.01,0.9528,10,1.05,0.9905,15,1.035,0.9764,32,0
IWM191025C154,2019-10-23,2019-10-23 09:31:04,1.05,0.9905,18,1.01,0.9528,11,1.05,0.9905,15,1.03,0.9716,32,0
IWM191025C154,2019-10-23,2019-10-23 09:31:05,1.05,0.9905,44,1.0,0.9433,114,1.05,0.9905,15,1.025,0.9669,32,0
IWM191025C154,2019-10-23,2019-10-23 09:31:05,1.05,0.9905,45,1.0,0.9433,113,1.05,0.9905,15,1.025,0.9669,32,0
IWM191025C154,2019-10-23,2019-10-23 09:31:06,1.05,0.9905,91,0.99,0.9339,343,1.05,0.9905,15,1.02,0.9622,32,0
IWM191025C154,2019-10-23,2019-10-23 09:31:06,1.04,0.9811,65,0.99,0.9339,54,1.05,0.9905,15,1.015,0.9575,32,0
IWM191025C154,2019-10-23,2019-10-23 09:31:07,1.05,0.9905,187,0.99,0.9339,5,1.05,0.9905,15,1.02,0.9622,32,0
IWM191025C154,2019-10-23,2019-10-23 09:31:07,1.05,0.9905,187,0.99,0.9339,310,1.05,0.9905,15,1.02,0.9622,32,0
IWM191025C154,2019-10-23,2019-10-23 09:31:08,1.03,0.9716,193,0.98,0.9245,25,1.05,0.9905,15,1.005,0.9481,32,0
IWM191025C154,2019-10-23,2019-10-23 09:31:08,1.02,0.9622,20,0.96,0.9056,62,1.05,0.9905,15,0.99,0.9339,32,0
IWM191025C154,2019-10-23,2019-10-23 09:31:09,1.02,0.9622,32,0.96,0.9056,199,1.05,0.9905,15,0.99,0.9339,32,0
IWM191025C154,2019-10-23,2019-10-23 09:31:09,1.03,0.9716,29,0.99,0.9339,18,1.05,0.9905,15,1.01,0.9528,32,0
IWM191025C154,2019-10-23,2019-10-23 09:31:10,1.02,0.9622,70,0.97,0.915,96,1.05,0.9905,15,0.995,0.9386,32,0
IWM191025C154,2019-10-23,2019-10-23 09:31:10,1.04,0.9811,62,0.99,0.9339,37,1.05,0.9905,15,1.015,0.9575,32,0
IWM191025C154,2019-10-23,2019-10-23 09:31:11,1.02,0.9622,20,0.97,0.915,313,1.05,0.9905,15,0.995,0.9386,32,0
IWM191025C154,2019-10-23,2019-10-23 09:31:11,1.02,0.9622,148,0.97,0.915,150,1.05,0.9905,15,0.995,0.9386,32,0
IWM191025C154,2019-10-23,2019-10-23 09:31:12,1.03,0.9716,58,0.98,0.9245,131,1.05,0.9905,15,1.005,0.9481,32,0
IWM191025C154,2019-10-23,2019-10-23 09:31:12,1.03,0.9716,39,0.98,0.9245,103,1.05,0.9905,15,1.005,0.9481,32,0
IWM191025C154,2019-10-23,2019-10-23 09:31:13,1.03,0.9716,20,0.98,0.9245,260,1.05,0.9905,15,1.005,0.9481,32,0
IWM191025C154,2019-10-23,2019-10-23 09:31:13,1.03,0.9716,40,0.98,0.9245,146,1.05,0.9905,15,1.005,0.9481,32,0
IWM191025C154,2019-10-23,2019-10-23 09:31:14,1.03,0.9716,74,0.98,0.9245,215,1.05,0.9905,15,1.005,0.9481,32,0
IWM191025C154,2019-10-23,2019-10-23 09:31:14,1.03,0.9716,20,0.98,0.9245,150,1.05,0.9905,15,1.005,0.9481,32,0
IWM191025C154,2019-10-23,2019-10-23 09:31:15,1.03,0.9716,51,0.98,0.9245,240,1.05,0.9905,15,1.005,0.9481,32,0
IWM191025C154,2019-10-23,2019-10-23 09:31:15,1.03,0.9716,61,0.98,0.9245,240,1.05,0.9905,15,1.005,0.9481,32,0
IWM191025C154,2019-10-23,2019-10-23 09:31:16,1.03,0.9716,51,0.98,0.9245,274,1.05,0.9905,15,1.005,0.9481,32,0
IWM191025C154,2019-10-23,2019-10-23 09:31:17,1.04,0.9811,91,0.99,0.9339,102,1.05,0.9905,15,1.015,0.9575,32,0
IWM191025C154,2019-10-23,2019-10-23 09:31:17,1.04,0.9811,30,0.98,0.9245,212,1.05,0.9905,15,1.01,0.9528,32,0
IWM191025C154,2019-10-23,2019-10-23 09:31:18,1.04,0.9811,91,0.99,0.9339,119,1.05,0.9905,15,1.015,0.9575,32,0
IWM191025C154,2019-10-23,2019-10-23 09:31:18,1.04,0.9811,101,0.99,0.9339,102,1.05,0.9905,15,1.015,0.9575,32,0
IWM191025C154,2019-10-23,2019-10-23 09:31:19,1.04,0.9811,91,0.99,0.9339,102,1.05,0.9905,15,1.015,0.9575,32,0
IWM191025C154,2019-10-23,2019-10-23 09:31:20,1.04,0.9811,91,0.99,0.9339,33,1.05,0.9905,15,1.015,0.9575,32,0
IWM191025C154,2019-10-23,2019-10-23 09:31:20,1.03,0.9716,128,0.99,0.9339,33,1.05,0.9905,15,1.01,0.9528,32,0
IWM191025C154,2019-10-23,2019-10-23 09:31:21,1.03,0.9716,137,0.98,0.9245,164,1.05,0.9905,15,1.005,0.9481,32,0
IWM191025C154,2019-10-23,2019-10-23 09:31:21,1.03,0.9716,108,0.98,0.9245,27,1.05,0.9905,15,1.005,0.9481,32,0
IWM191025C154,2019-10-23,2019-10-23 09:31:22,1.03,0.9716,137,0.98,0.9245,12,1.05,0.9905,15,1.005,0.9481,32,0
IWM191025C154,2019-10-23,2019-10-23 09:31:22,1.05,0.9905,54,1.0,0.9433,55,1.05,0.9905,15,1.025,0.9669,32,0
IWM191025C154,2019-10-23,2019-10-23 09:31:23,1.05,0.9905,158,1.0,0.9433,40,1.05,0.9905,15,1.025,0.9669,32,0
IWM191025C154,2019-10-23,2019-10-23 09:31:23,1.06,1.0,127,1.0,0.9433,244,1.05,0.9905,15,1.03,0.9716,32,0
IWM191025C154,2019-10-23,2019-10-23 09:31:24,1.05,0.9905,124,1.0,0.9433,56,1.05,0.9905,15,1.025,0.9669,32,0
IWM191025C154,2019-10-23,2019-10-23 09:31:25,1.04,0.9811,119,1.0,0.9433,56,1.05,0.9905,15,1.02,0.9622,32,0
IWM191025C154,2019-10-23,2019-10-23 09:31:26,1.04,0.9811,93,1.0,0.9433,39,1.05,0.9905,15,1.02,0.9622,32,0
IWM191025C154,2019-10-23,2019-10-23 09:31:26,1.04,0.9811,93,1.0,0.9433,56,1.05,0.9905,15,1.02,0.9622,32,0
IWM191025C154,2019-10-23,2019-10-23 09:31:27,1.04,0.9811,78,1.0,0.9433,39,1.05,0.9905,15,1.02,0.9622,32,0
IWM191025C154,2019-10-23,2019-10-23 09:31:27,1.04,0.9811,131,1.0,0.9433,52,1.05,0.9905,15,1.02,0.9622,32,0
IWM191025C154,2019-10-23,2019-10-23 09:31:28,1.03,0.9716,40,0.99,0.9339,50,1.05,0.9905,15,1.01,0.9528,32,0
IWM191025C154,2019-10-23,2019-10-23 09:31:28,1.04,0.9811,131,1.0,0.9433,52,1.05,0.9905,15,1.02,0.9622,32,0
IWM191025C154,2019-10-23,2019-10-23 09:31:29,1.04,0.9811,31,0.99,0.9339,255,1.05,0.9905,15,1.015,0.9575,32,0
IWM191025C154,2019-10-23,2019-10-23 09:31:29,1.04,0.9811,73,0.99,0.9339,195,1.05,0.9905,15,1.015,0.9575,32,0
IWM191025C154,2019-10-23,2019-10-23 09:31:30,1.03,0.9716,18,0.99,0.9339,156,1.05,0.9905,15,1.01,0.9528,32,0
IWM191025C154,2019-10-23,2019-10-23 09:31:30,1.03,0.9716,118,0.99,0.9339,23,1.05,0.9905,15,1.01,0.9528,32,0
IWM191025C154,2019-10-23,2019-10-23 09:31:31,1.03,0.9716,215,0.98,0.9245,139,1.05,0.9905,15,1.005,0.9481,32,0
IWM191025C154,2019-10-23,2019-10-23 09:31:31,1.03,0.9716,216,0.98,0.9245,139,1.05,0.9905,15,1.005,0.9481,32,0
IWM191025C154,2019-10-23,2019-10-23 09:31:32,1.03,0.9716,190,0.99,0.9339,108,1.05,0.9905,15,1.01,0.9528,32,0
IWM191025C154,2019-10-23,2019-10-23 09:31:32,1.04,0.9811,115,1.0,0.9433,94,1.05,0.9905,15,1.02,0.9622,32,0
IWM191025C154,2019-10-23,2019-10-23 09:31:33,1.02,0.9622,18,0.98,0.9245,121,1.05,0.9905,15,1.0,0.9433,32,0
IWM191025C154,2019-10-23,2019-10-23 09:31:33,1.04,0.9811,142,0.99,0.9339,14,1.05,0.9905,15,1.015,0.9575,32,0
IWM191025C154,2019-10-23,2019-10-23 09:31:34,1.02,0.9622,64,0.98,0.9245,121,1.05,0.9905,15,1.0,0.9433,32,0
IWM191025C154,2019-10-23,2019-10-23 09:31:34,1.02,0.9622,166,0.97,0.915,176,1.05,0.9905,15,0.995,0.9386,32,0
IWM191025C154,2019-10-23,2019-10-23 09:31:35,1.02,0.9622,118,0.97,0.915,176,1.05,0.9905,15,0.995,0.9386,32,0
IWM191025C154,2019-10-23,2019-10-23 09:31:36,1.01,0.9528,102,0.97,0.915,121,1.05,0.9905,15,0.99,0.9339,32,0
IWM191025C154,2019-10-23,2019-10-23 09:31:36,1.01,0.9528,188,0.97,0.915,121,1.05,0.9905,15,0.99,0.9339,32,0
IWM191025C154,2019-10-23,2019-10-23 09:31:37,1.0,0.9433,66,0.96,0.9056,240,1.05,0.9905,15,0.98,0.9245,32,0
IWM191025C154,2019-10-23,2019-10-23 09:31:37,1.0,0.9433,101,0.96,0.9056,121,1.05,0.9905,15,0.98,0.9245,32,0
IWM191025C154,2019-10-23,2019-10-23 09:31:38,1.0,0.9433,172,0.96,0.9056,121,1.05,0.9905,15,0.98,0.9245,32,0
IWM191025C154,2019-10-23,2019-10-23 09:31:39,0.99,0.9339,177,0.95,0.8962,45,1.05,0.9905,15,0.97,0.915,32,0
IWM191025C154,2019-10-23,2019-10-23 09:31:39,1.0,0.9433,239,0.96,0.9056,121,1.05,0.9905,15,0.98,0.9245,32,0
IWM191025C154,2019-10-23,2019-10-23 09:31:40,0.98,0.9245,162,0.94,0.8867,136,1.05,0.9905,15,0.96,0.9056,32,0
IWM191025C154,2019-10-23,2019-10-23 09:31:40,0.98,0.9245,31,0.95,0.8962,75,1.05,0.9905,15,0.965,0.9103,32,0
IWM191025C154,2019-10-23,2019-10-23 09:31:41,0.98,0.9245,164,0.94,0.8867,121,1.05,0.9905,15,0.96,0.9056,32,0
IWM191025C154,2019-10-23,2019-10-23 09:31:42,0.98,0.9245,10,0.94,0.8867,150,1.05,0.9905,15,0.96,0.9056,32,0
IWM191025C154,2019-10-23,2019-10-23 09:31:42,0.99,0.9339,161,0.94,0.8867,136,1.05,0.9905,15,0.965,0.9103,32,0
IWM191025C154,2019-10-23,2019-10-23 09:31:43,0.99,0.9339,193,0.94,0.8867,136,1.05,0.9905,15,0.965,0.9103,32,0
IWM191025C154,2019-10-23,2019-10-23 09:31:43,0.98,0.9245,33,0.94,0.8867,170,1.05,0.9905,15,0.96,0.9056,32,0
IWM191025C154,2019-10-23,2019-10-23 09:31:44,0.99,0.9339,66,0.95,0.8962,106,1.05,0.9905,15,0.97,0.915,32,0
IWM191025C154,2019-10-23,2019-10-23 09:31:44,0.99,0.9339,20,0.96,0.9056,87,1.05,0.9905,15,0.975,0.9198,32,0
IWM191025C154,2019-10-23,2019-10-23 09:31:45,0.99,0.9339,20,0.96,0.9056,13,1.05,0.9905,15,0.975,0.9198,32,0
IWM191025C154,2019-10-23,2019-10-23 09:31:45,0.99,0.9339,20,0.96,0.9056,208,1.05,0.9905,15,0.975,0.9198,32,0
IWM191025C154,2019-10-23,2019-10-23 09:31:46,0.99,0.9339,20,0.96,0.9056,124,1.05,0.9905,15,0.975,0.9198,32,0
IWM191025C154,2019-10-23,2019-10-23 09:31:47,1.01,0.9528,101,0.97,0.915,136,1.05,0.9905,15,0.99,0.9339,32,0
IWM191025C154,2019-10-23,2019-10-23 09:31:48,1.02,0.9622,139,0.99,0.9339,18,1.05,0.9905,15,1.005,0.9481,32,0
IWM191025C154,2019-10-23,2019-10-23 09:31:48,1.02,0.9622,127,0.99,0.9339,7,1.05,0.9905,15,1.005,0.9481,32,0
IWM191025C154,2019-10-23,2019-10-23 09:31:49,1.02,0.9622,139,0.99,0.9339,18,1.05,0.9905,15,1.005,0.9481,32,0
IWM191025C154,2019-10-23,2019-10-23 09:31:49,1.02,0.9622,130,0.99,0.9339,18,1.05,0.9905,15,1.005,0.9481,32,0
IWM191025C154,2019-10-23,2019-10-23 09:31:50,1.02,0.9622,77,0.97,0.915,90,1.05,0.9905,15,0.995,0.9386,32,0
IWM191025C154,2019-10-23,2019-10-23 09:31:50,1.01,0.9528,144,0.98,0.9245,7,1.05,0.9905,15,0.995,0.9386,32,0
IWM191025C154,2019-10-23,2019-10-23 09:31:51,1.0,0.9433,118,0.96,0.9056,137,1.05,0.9905,15,0.98,0.9245,32,0
IWM191025C154,2019-10-23,2019-10-23 09:31:51,1.0,0.9433,174,0.95,0.8962,136,1.05,0.9905,15,0.975,0.9198,32,0
IWM191025C154,2019-10-23,2019-10-23 09:31:52,0.99,0.9339,30,0.95,0.8962,136,1.05,0.9905,15,0.97,0.915,32,0
IWM191025C154,2019-10-23,2019-10-23 09:31:52,0.99,0.9339,49,0.95,0.8962,161,1.05,0.9905,15,0.97,0.915,32,0
IWM191025C154,2019-10-23,2019-10-23 09:31:53,0.99,0.9339,155,0.95,0.8962,128,1.05,0.9905,15,0.97,0.915,32,0
IWM191025C154,2019-10-23,2019-10-23 09:31:54,0.99,0.9339,178,0.95,0.8962,137,1.05,0.9905,15,0.97,0.915,32,0
IWM191025C154,2019-10-23,2019-10-23 09:31:54,0.98,0.9245,88,0.94,0.8867,99,1.05,0.9905,15,0.96,0.9056,32,0
IWM191025C154,2019-10-23,2019-10-23 09:31:55,0.98,0.9245,88,0.94,0.8867,99,1.05,0.9905,15,0.96,0.9056,32,0
IWM191025C154,2019-10-23,2019-10-23 09:31:55,0.98,0.9245,148,0.95,0.8962,7,1.05,0.9905,15,0.965,0.9103,32,0
IWM191025C154,2019-10-23,2019-10-23 09:31:56,0.98,0.9245,203,0.95,0.8962,7,1.05,0.9905,15,0.965,0.9103,32,0
IWM191025C154,2019-10-23,2019-10-23 09:31:56,0.98,0.9245,191,0.95,0.8962,18,1.05,0.9905,15,0.965,0.9103,32,0
IWM191025C154,2019-10-23,2019-10-23 09:31:57,0.98,0.9245,102,0.94,0.8867,93,1.05,0.9905,15,0.96,0.9056,32,0
IWM191025C154,2019-10-23,2019-10-23 09:31:57,0.98,0.9245,175,0.95,0.8962,18,1.05,0.9905,15,0.965,0.9103,32,0
IWM191025C154,2019-10-23,2019-10-23 09:31:58,0.98,0.9245,139,0.95,0.8962,18,1.05,0.9905,15,0.965,0.9103,32,0
IWM191025C154,2019-10-23,2019-10-23 09:31:58,0.98,0.9245,178,0.95,0.8962,7,1.05,0.9905,15,0.965,0.9103,32,0
IWM191025C154,2019-10-23,2019-10-23 09:31:59,0.98,0.9245,139,0.95,0.8962,7,1.05,0.9905,15,0.965,0.9103,32,0
IWM191025C154,2019-10-23,2019-10-23 09:31:59,0.98,0.9245,181,0.95,0.8962,18,1.05,0.9905,15,0.965,0.9103,32,0
IWM191025C154,2019-10-23,2019-10-23 09:32:00,0.98,0.9245,146,0.95,0.8962,18,1.05,0.9905,15,0.965,0.9103,32,0
IWM191025C154,2019-10-23,2019-10-23 09:32:00,0.98,0.9245,175,0.95,0.8962,18,1.05,0.9905,15,0.965,0.9103,32,0
IWM191025C154,2019-10-23,2019-10-23 09:32:01,0.98,0.9245,67,0.95,0.8962,82,1.05,0.9905,15,0.965,0.9103,32,0
IWM191025C154,2019-10-23,2019-10-23 09:32:01,0.98,0.9245,128,0.95,0.8962,18,1.05,0.9905,15,0.965,0.9103,32,0
IWM191025C154,2019-10-23,2019-10-23 09:32:02,0.99,0.9339,80,0.95,0.8962,142,1.05,0.9905,15,0.97,0.915,32,0
IWM191025C154,2019-10-23,2019-10-23 09:32:02,0.99,0.9339,133,0.95,0.8962,124,1.05,0.9905,15,0.97,0.915,32,0
IWM191025C154,2019-10-23,2019-10-23 09:32:03,0.99,0.9339,68,0.95,0.8962,142,1.05,0.9905,15,0.97,0.915,32,0
IWM191025C154,2019-10-23,2019-10-23 09:32:03,0.99,0.9339,99,0.96,0.9056,101,1.05,0.9905,15,0.975,0.9198,32,0
IWM191025C154,2019-10-23,2019-10-23 09:32:04,0.99,0.9339,115,0.95,0.8962,121,1.05,0.9905,15,0.97,0.915,32,0
IWM191025C154,2019-10-23,2019-10-23 09:32:04,1.0,0.9433,125,0.96,0.9056,145,1.05,0.9905,15,0.98,0.9245,32,0
IWM191025C154,2019-10-23,2019-10-23 09:32:05,0.98,0.9245,62,0.94,0.8867,61,1.05,0.9905,15,0.96,0.9056,32,0
IWM191025C154,2019-10-23,2019-10-23 09:32:05,0.98,0.9245,62,0.92,0.8679,28,1.05,0.9905,15,0.95,0.8962,32,0
IWM191025C154,2019-10-23,2019-10-23 09:32:06,0.97,0.915,22,0.93,0.8773,35,1.05,0.9905,15,0.95,0.8962,32,0
IWM191025C154,2019-10-23,2019-10-23 09:32:06,0.97,0.915,224,0.93,0.8773,18,1.05,0.9905,15,0.95,0.8962,32,0
IWM191025C154,2019-10-23,2019-10-23 09:32:07,0.97,0.915,293,0.93,0.8773,20,1.05,0.9905,15,0.95,0.8962,32,0
IWM191025C154,2019-10-23,2019-10-23 09:32:07,0.97,0.915,293,0.92,0.8679,137,1.05,0.9905,15,0.945,0.8915,32,0
IWM191025C154,2019-10-23,2019-10-23 09:32:08,0.95,0.8962,20,0.92,0.8679,22,1.05,0.9905,15,0.935,0.882,32,0
IWM191025C154,2019-10-23,2019-10-23 09:32:08,0.96,0.9056,169,0.92,0.8679,121,1.05,0.9905,15,0.94,0.8867,32,0
IWM191025C154,2019-10-23,2019-10-23 09:32:09,0.94,0.8867,103,0.9,0.849,145,1.05,0.9905,15,0.92,0.8679,32,0
IWM191025C154,2019-10-23,2019-10-23 09:32:09,0.94,0.8867,33,0.9,0.849,136,1.05,0.9905,15,0.92,0.8679,32,0
IWM191025C154,2019-10-23,2019-10-23 09:32:10,0.94,0.8867,103,0.9,0.849,121,1.05,0.9905,15,0.92,0.8679,32,0
IWM191025C154,2019-10-23,2019-10-23 09:32:10,0.94,0.8867,226,0.9,0.849,93,1.05,0.9905,15,0.92,0.8679,32,0
IWM191025C154,2019-10-23,2019-10-23 09:32:11,0.94,0.8867,226,0.9,0.849,93,1.05,0.9905,15,0.92,0.8679,32,0
IWM191025C154,2019-10-23,2019-10-23 09:32:11,0.96,0.9056,133,0.92,0.8679,92,1.05,0.9905,15,0.94,0.8867,32,0
IWM191025C154,2019-10-23,2019-10-23 09:32:12,0.96,0.9056,180,0.92,0.8679,41,1.05,0.9905,15,0.94,0.8867,32,0
IWM191025C154,2019-10-23,2019-10-23 09:32:13,0.96,0.9056,244,0.92,0.8679,41,1.05,0.9905,15,0.94,0.8867,32,0
IWM191025C154,2019-10-23,2019-10-23 09:32:13,0.96,0.9056,181,0.92,0.8679,125,1.05,0.9905,15,0.94,0.8867,32,0
IWM191025C154,2019-10-23,2019-10-23 09:32:14,0.95,0.8962,191,0.92,0.8679,12,1.05,0.9905,15,0.935,0.882,32,0
IWM191025C154,2019-10-23,2019-10-23 09:32:14,0.95,0.8962,91,0.92,0.8679,12,1.05,0.9905,15,0.935,0.882,32,0
IWM191025C154,2019-10-23,2019-10-23 09:32:15,0.94,0.8867,111,0.91,0.8584,10,1.05,0.9905,15,0.925,0.8726,32,0
IWM191025C154,2019-10-23,2019-10-23 09:32:15,0.95,0.8962,150,0.91,0.8584,135,1.05,0.9905,15,0.93,0.8773,32,0
IWM191025C154,2019-10-23,2019-10-23 09:32:16,0.93,0.8773,36,0.9,0.849,20,1.05,0.9905,15,0.915,0.8632,32,0
IWM191025C154,2019-10-23,2019-10-23 09:32:16,0.93,0.8773,30,0.9,0.849,20,1.05,0.9905,15,0.915,0.8632,32,0
IWM191025C154,2019-10-23,2019-10-23 09:32:17,0.93,0.8773,36,0.91,0.8584,2,1.05,0.9905,15,0.92,0.8679,32,0
IWM191025C154,2019-10-23,2019-10-23 09:32:17,0.94,0.8867,20,0.91,0.8584,10,1.05,0.9905,15,0.925,0.8726,32,0
IWM191025C154,2019-10-23,2019-10-23 09:32:18,0.95,0.8962,197,0.91,0.8584,138,1.05,0.9905,15,0.93,0.8773,32,0
IWM191025C154,2019-10-23,2019-10-23 09:32:18,0.95,0.8962,131,0.91,0.8584,47,1.05,0.9905,15,0.93,0.8773,32,0
IWM191025C154,2019-10-23,2019-10-23 09:32:19,0.94,0.8867,44,0.91,0.8584,129,1.05,0.9905,15,0.925,0.8726,32,0
IWM191025C154,2019-10-23,2019-10-23 09:32:19,0.96,0.9056,151,0.92,0.8679,33,1.05,0.9905,15,0.94,0.8867,32,0
IWM191025C154,2019-10-23,2019-10-23 09:32:20,0.96,0.9056,137,0.92,0.8679,121,1.05,0.9905,15,0.94,0.8867,32,0
IWM191025C154,2019-10-23,2019-10-23 09:32:21,0.96,0.9056,52,0.94,0.8867,14,1.05,0.9905,15,0.95,0.8962,32,0
IWM191025C154,2019-10-23,2019-10-23 09:32:21,0.97,0.915,126,0.94,0.8867,18,1.05,0.9905,15,0.955,0.9009,32,0
IWM191025C154,2019-10-23,2019-10-23 09:32:22,0.97,0.915,240,0.94,0.8867,18,1.05,0.9905,15,0.955,0.9009,32,0
IWM191025C154,2019-10-23,2019-10-23 09:32:22,0.96,0.9056,86,0.93,0.8773,18,1.05,0.9905,15,0.945,0.8915,32,0
IWM191025C154,2019-10-23,2019-10-23 09:32:23,0.95,0.8962,103,0.91,0.8584,14,1.05,0.9905,15,0.93,0.8773,32,0
IWM191025C154,2019-10-23,2019-10-23 09:32:23,0.96,0.9056,208,0.92,0.8679,103,1.05,0.9905,15,0.94,0.8867,32,0
IWM191025C154,2019-10-23,2019-10-23 09:32:24,0.94,0.8867,130,0.91,0.8584,18,1.05,0.9905,15,0.925,0.8726,32,0
IWM191025C154,2019-10-23,2019-10-23 09:32:25,0.94,0.8867,130,0.91,0.8584,18,1.05,0.9905,15,0.925,0.8726,32,0
IWM191025C154,2019-10-23,2019-10-23 09:32:25,0.93,0.8773,30,0.9,0.849,18,1.05,0.9905,15,0.915,0.8632,32,0
IWM191025C154,2019-10-23,2019-10-23 09:32:26,0.93,0.8773,30,0.9,0.849,17,1.05,0.9905,15,0.915,0.8632,32,0
IWM191025C154,2019-10-23,2019-10-23 09:32:26,0.93,0.8773,30,0.9,0.849,18,1.05,0.9905,15,0.915,0.8632,32,0
IWM191025C154,2019-10-23,2019-10-23 09:32:27,0.93,0.8773,139,0.89,0.8396,188,1.05,0.9905,15,0.91,0.8584,32,0
IWM191025C154,2019-10-23,2019-10-23 09:32:27,0.93,0.8773,208,0.89,0.8396,188,1.05,0.9905,15,0.91,0.8584,32,0
IWM191025C154,2019-10-23,2019-10-23 09:32:28,0.94,0.8867,109,0.9,0.849,282,1.05,0.9905,15,0.92,0.8679,32,0
IWM191025C154,2019-10-23,2019-10-23 09:32:28,0.94,0.8867,16,0.9,0.849,107,1.05,0.9905,15,0.92,0.8679,32,0
IWM191025C154,2019-10-23,2019-10-23 09:32:29,0.94,0.8867,217,0.91,0.8584,18,1.05,0.9905,15,0.925,0.8726,32,0
IWM191025C154,2019-10-23,2019-10-23 09:32:29,0.94,0.8867,168,0.91,0.8584,18,1.05,0.9905,15,0.925,0.8726,32,0
IWM191025C154,2019-10-23,2019-10-23 09:32:30,0.94,0.8867,217,0.9,0.849,28,1.05,0.9905,15,0.92,0.8679,32,0
IWM191025C154,2019-10-23,2019-10-23 09:32:30,0.94,0.8867,217,0.91,0.8584,3,1.05,0.9905,15,0.925,0.8726,32,0
IWM191025C154,2019-10-23,2019-10-23 09:32:31,0.93,0.8773,130,0.89,0.8396,165,1.05,0.9905,15,0.91,0.8584,32,0
IWM191025C154,2019-10-23,2019-10-23 09:32:31,0.94,0.8867,20,0.91,0.8584,95,1.05,0.9905,15,0.925,0.8726,32,0
IWM191025C154,2019-10-23,2019-10-23 09:32:32,0.92,0.8679,20,0.89,0.8396,30,1.05,0.9905,15,0.905,0.8537,32,0
IWM191025C154,2019-10-23,2019-10-23 09:32:32,0.92,0.8679,115,0.89,0.8396,7,1.05,0.9905,15,0.905,0.8537,32,0
IWM191025C154,2019-10-23,2019-10-23 09:32:33,0.91,0.8584,10,0.89,0.8396,4,1.05,0.9905,15,0.9,0.849,32,0
IWM191025C154,2019-10-23,2019-10-23 09:32:34,0.93,0.8773,10,0.88,0.8301,147,1.05,0.9905,15,0.905,0.8537,32,0
IWM191025C154,2019-10-23,2019-10-23 09:32:34,0.92,0.8679,230,0.88,0.8301,142,1.05,0.9905,15,0.9,0.849,32,0
IWM191025C154,2019-10-23,2019-10-23 09:32:35,0.92,0.8679,30,0.89,0.8396,18,1.05,0.9905,15,0.905,0.8537,32,0
IWM191025C154,2019-10-23,2019-10-23 09:32:35,0.93,0.8773,31,0.89,0.8396,92,1.05,0.9905,15,0.91,0.8584,32,0
IWM191025C154,2019-10-23,2019-10-23 09:32:36,0.92,0.8679,49,0.88,0.8301,115,1.05,0.9905,15,0.9,0.849,32,0
IWM191025C154,2019-10-23,2019-10-23 09:32:36,0.92,0.8679,20,0.88,0.8301,115,1.05,0.9905,15,0.9,0.849,32,0
IWM191025C154,2019-10-23,2019-10-23 09:32:37,0.92,0.8679,29,0.89,0.8396,137,1.05,0.9905,15,0.905,0.8537,32,0
IWM191025C154,2019-10-23,2019-10-23 09:32:37,0.93,0.8773,10,0.9,0.849,29,1.05,0.9905,15,0.915,0.8632,32,0
IWM191025C154,2019-10-23,2019-10-23 09:32:38,0.94,0.8867,164,0.9,0.849,52,1.05,0.9905,15,0.92,0.8679,32,0
IWM191025C154,2019-10-23,2019-10-23 09:32:38,0.93,0.8773,21,0.89,0.8396,215,1.05,0.9905,15,0.91,0.8584,32,0
IWM191025C154,2019-10-23,2019-10-23 09:32:39,0.96,0.9056,146,0.91,0.8584,149,1.05,0.9905,15,0.935,0.882,32,0
IWM191025C154,2019-10-23,2019-10-23 09:32:40,0.98,0.9245,101,0.94,0.8867,12,1.05,0.9905,15,0.96,0.9056,32,0
IWM191025C154,2019-10-23,2019-10-23 09:32:40,0.98,0.9245,101,0.94,0.8867,28,1.05,0.9905,15,0.96,0.9056,32,0
IWM191025C154,2019-10-23,2019-10-23 09:32:41,0.97,0.915,18,0.95,0.8962,18,1.05,0.9905,15,0.96,0.9056,32,0
IWM191025C154,2019-10-23,2019-10-23 09:32:41,0.96,0.9056,18,0.93,0.8773,105,1.05,0.9905,15,0.945,0.8915,32,0
IWM191025C154,2019-10-23,2019-10-23 09:32:42,0.96,0.9056,25,0.94,0.8867,18,1.05,0.9905,15,0.95,0.8962,32,0
IWM191025C154,2019-10-23,2019-10-23 09:32:42,0.95,0.8962,18,0.91,0.8584,142,1.05,0.9905,15,0.93,0.8773,32,0
IWM191025C154,2019-10-23,2019-10-23 09:32:43,0.95,0.8962,118,0.91,0.8584,121,1.05,0.9905,15,0.93,0.8773,32,0
IWM191025C154,2019-10-23,2019-10-23 09:32:43,0.95,0.8962,105,0.91,0.8584,121,1.05,0.9905,15,0.93,0.8773,32,0
IWM191025C154,2019-10-23,2019-10-23 09:32:44,0.96,0.9056,18,0.92,0.8679,128,1.05,0.9905,15,0.94,0.8867,32,0
IWM191025C154,2019-10-23,2019-10-23 09:32:44,1.02,0.9622,86,0.95,0.8962,142,0.96,0.9056,10,0.985,0.9292,42,10
IWM191025C154,2019-10-23,2019-10-23 09:32:45,0.99,0.9339,110,0.96,0.9056,7,0.96,0.9056,10,0.975,0.9198,42,0
IWM191025C154,2019-10-23,2019-10-23 09:32:45,0.99,0.9339,134,0.94,0.8867,35,0.96,0.9056,10,0.965,0.9103,42,0
IWM191025C154,2019-10-23,2019-10-23 09:32:46,0.97,0.915,75,0.94,0.8867,32,0.96,0.9056,10,0.955,0.9009,42,0
IWM191025C154,2019-10-23,2019-10-23 09:32:46,0.98,0.9245,144,0.94,0.8867,205,0.96,0.9056,10,0.96,0.9056,42,0
IWM191025C154,2019-10-23,2019-10-23 09:32:47,0.97,0.915,75,0.95,0.8962,7,0.96,0.9056,10,0.96,0.9056,42,0
IWM191025C154,2019-10-23,2019-10-23 09:32:47,0.97,0.915,75,0.94,0.8867,32,0.96,0.9056,10,0.955,0.9009,42,0
IWM191025C154,2019-10-23,2019-10-23 09:32:48,0.97,0.915,180,0.94,0.8867,38,0.96,0.9056,10,0.955,0.9009,42,0
IWM191025C154,2019-10-23,2019-10-23 09:32:48,0.97,0.915,105,0.94,0.8867,32,0.96,0.9056,10,0.955,0.9009,42,0
IWM191025C154,2019-10-23,2019-10-23 09:32:49,0.97,0.915,117,0.94,0.8867,41,0.96,0.9056,10,0.955,0.9009,42,0
IWM191025C154,2019-10-23,2019-10-23 09:32:50,0.97,0.915,130,0.94,0.8867,41,0.96,0.9056,10,0.955,0.9009,42,0
IWM191025C154,2019-10-23,2019-10-23 09:32:50,0.97,0.915,140,0.94,0.8867,41,0.96,0.9056,10,0.955,0.9009,42,0
IWM191025C154,2019-10-23,2019-10-23 09:32:51,0.97,0.915,116,0.94,0.8867,41,0.96,0.9056,10,0.955,0.9009,42,0
IWM191025C154,2019-10-23,2019-10-23 09:32:51,0.97,0.915,122,0.94,0.8867,41,0.96,0.9056,10,0.955,0.9009,42,0
IWM191025C154,2019-10-23,2019-10-23 09:32:52,0.97,0.915,103,0.94,0.8867,39,0.96,0.9056,10,0.955,0.9009,42,0
IWM191025C154,2019-10-23,2019-10-23 09:32:52,0.97,0.915,103,0.94,0.8867,81,0.96,0.9056,10,0.955,0.9009,42,0
IWM191025C154,2019-10-23,2019-10-23 09:32:53,0.97,0.915,170,0.94,0.8867,15,0.96,0.9056,10,0.955,0.9009,42,0
IWM191025C154,2019-10-23,2019-10-23 09:32:53,0.97,0.915,103,0.94,0.8867,23,0.96,0.9056,10,0.955,0.9009,42,0
IWM191025C154,2019-10-23,2019-10-23 09:32:54,0.97,0.915,170,0.94,0.8867,15,0.96,0.9056,10,0.955,0.9009,42,0
IWM191025C154,2019-10-23,2019-10-23 09:32:54,0.96,0.9056,136,0.92,0.8679,214,0.96,0.9056,10,0.94,0.8867,42,0
IWM191025C154,2019-10-23,2019-10-23 09:32:55,0.96,0.9056,111,0.92,0.8679,214,0.96,0.9056,10,0.94,0.8867,42,0
IWM191025C154,2019-10-23,2019-10-23 09:32:55,0.96,0.9056,136,0.92,0.8679,214,0.96,0.9056,10,0.94,0.8867,42,0
IWM191025C154,2019-10-23,2019-10-23 09:32:56,0.95,0.8962,85,0.92,0.8679,13,0.96,0.9056,10,0.935,0.882,42,0
IWM191025C154,2019-10-23,2019-10-23 09:32:56,0.95,0.8962,34,0.93,0.8773,10,0.96,0.9056,10,0.94,0.8867,42,0
IWM191025C154,2019-10-23,2019-10-23 09:32:57,0.95,0.8962,34,0.92,0.8679,9,0.96,0.9056,10,0.935,0.882,42,0
IWM191025C154,2019-10-23,2019-10-23 09:32:57,0.96,0.9056,71,0.92,0.8679,276,0.96,0.9056,10,0.94,0.8867,42,0
IWM191025C154,2019-10-23,2019-10-23 09:32:58,0.96,0.9056,125,0.92,0.8679,267,0.96,0.9056,10,0.94,0.8867,42,0
IWM191025C154,2019-10-23,2019-10-23 09:32:58,0.96,0.9056,150,0.92,0.8679,252,0.96,0.9056,10,0.94,0.8867,42,0
IWM191025C154,2019-10-23,2019-10-23 09:32:59,0.95,0.8962,136,0.9,0.849,107,0.96,0.9056,10,0.925,0.8726,42,0
IWM191025C154,2019-10-23,2019-10-23 09:32:59,0.94,0.8867,102,0.91,0.8584,18,0.96,0.9056,10,0.925,0.8726,42,0
IWM191025C154,2019-10-23,2019-10-23 09:33:00,0.95,0.8962,109,0.91,0.8584,90,0.96,0.9056,10,0.93,0.8773,42,0
IWM191025C154,2019-10-23,2019-10-23 09:33:00,0.95,0.8962,224,0.91,0.8584,28,0.96,0.9056,10,0.93,0.8773,42,0
IWM191025C154,2019-10-23,2019-10-23 09:33:01,0.94,0.8867,136,0.9,0.849,25,0.96,0.9056,10,0.92,0.8679,42,0
IWM191025C154,2019-10-23,2019-10-23 09:33:01,0.93,0.8773,10,0.9,0.849,25,0.96,0.9056,10,0.915,0.8632,42,0
IWM191025C154,2019-10-23,2019-10-23 09:33:02,0.93,0.8773,162,0.9,0.849,14,0.96,0.9056,10,0.915,0.8632,42,0
IWM191025C154,2019-10-23,2019-10-23 09:33:02,0.93,0.8773,30,0.9,0.849,41,0.96,0.9056,10,0.915,0.8632,42,0
IWM191025C154,2019-10-23,2019-10-23 09:33:03,0.92,0.8679,84,0.9,0.849,5,0.96,0.9056,10,0.91,0.8584,42,0
IWM191025C154,2019-10-23,2019-10-23 09:33:03,0.93,0.8773,220,0.89,0.8396,21,0.96,0.9056,10,0.91,0.8584,42,0
IWM191025C154,2019-10-23,2019-10-23 09:33:04,0.92,0.8679,127,0.89,0.8396,28,0.96,0.9056,10,0.905,0.8537,42,0
IWM191025C154,2019-10-23,2019-10-23 09:33:04,0.92,0.8679,98,0.89,0.8396,30,0.96,0.9056,10,0.905,0.8537,42,0
IWM191025C154,2019-10-23,2019-10-23 09:33:05,0.92,0.8679,148,0.89,0.8396,28,0.96,0.9056,10,0.905,0.8537,42,0
IWM191025C154,2019-10-23,2019-10-23 09:33:05,0.92,0.8679,232,0.88,0.8301,54,0.96,0.9056,10,0.9,0.849,42,0
IWM191025C154,2019-10-23,2019-10-23 09:33:06,0.91,0.8584,127,0.88,0.8301,30,0.96,0.9056,10,0.895,0.8443,42,0
IWM191025C154,2019-10-23,2019-10-23 09:33:07,0.9,0.849,75,0.87,0.8207,22,0.96,0.9056,10,0.885,0.8349,42,0
IWM191025C154,2019-10-23,2019-10-23 09:33:07,0.9,0.849,10,0.87,0.8207,202,0.96,0.9056,10,0.885,0.8349,42,0
IWM191025C154,2019-10-23,2019-10-23 09:33:08,0.91,0.8584,153,0.87,0.8207,53,0.96,0.9056,10,0.89,0.8396,42,0
IWM191025C154,2019-10-23,2019-10-23 09:33:08,0.91,0.8584,144,0.87,0.8207,57,0.96,0.9056,10,0.89,0.8396,42,0
IWM191025C154,2019-10-23,2019-10-23 09:33:09,0.91,0.8584,268,0.87,0.8207,169,0.96,0.9056,10,0.89,0.8396,42,0
IWM191025C154,2019-10-23,2019-10-23 09:33:09,0.91,0.8584,207,0.89,0.8396,84,0.91,0.8584,10,0.9,0.849,52,10
IWM191025C154,2019-10-23,2019-10-23 09:33:10,0.93,0.8773,77,0.89,0.8396,278,0.91,0.8584,10,0.91,0.8584,52,0
IWM191025C154,2019-10-23,2019-10-23 09:33:10,0.93,0.8773,127,0.89,0.8396,159,0.91,0.8584,10,0.91,0.8584,52,0
IWM191025C154,2019-10-23,2019-10-23 09:33:11,0.94,0.8867,29,0.91,0.8584,12,0.91,0.8584,10,0.925,0.8726,52,0
IWM191025C154,2019-10-23,2019-10-23 09:33:11,0.93,0.8773,19,0.89,0.8396,199,0.91,0.8584,10,0.91,0.8584,52,0
IWM191025C154,2019-10-23,2019-10-23 09:33:12,0.93,0.8773,199,0.89,0.8396,10,0.91,0.8584,10,0.91,0.8584,52,0
IWM191025C154,2019-10-23,2019-10-23 09:33:12,0.94,0.8867,135,0.9,0.849,76,0.91,0.8584,10,0.92,0.8679,52,0
IWM191025C154,2019-10-23,2019-10-23 09:33:13,0.95,0.8962,17,0.89,0.8396,75,0.93,0.8773,38,0.92,0.8679,90,38
IWM191025C154,2019-10-23,2019-10-23 09:33:13,0.93,0.8773,40,0.88,0.8301,169,0.93,0.8773,38,0.905,0.8537,90,0
IWM191025C154,2019-10-23,2019-10-23 09:33:14,0.92,0.8679,131,0.88,0.8301,83,0.93,0.8773,38,0.9,0.849,90,0
IWM191025C154,2019-10-23,2019-10-23 09:33:14,0.92,0.8679,102,0.88,0.8301,187,0.93,0.8773,38,0.9,0.849,90,0
IWM191025C154,2019-10-23,2019-10-23 09:33:15,0.91,0.8584,84,0.88,0.8301,42,0.93,0.8773,38,0.895,0.8443,90,0
IWM191025C154,2019-10-23,2019-10-23 09:33:15,0.91,0.8584,84,0.88,0.8301,11,0.93,0.8773,38,0.895,0.8443,90,0
IWM191025C154,2019-10-23,2019-10-23 09:33:16,0.91,0.8584,75,0.88,0.8301,13,0.93,0.8773,38,0.895,0.8443,90,0
IWM191025C154,2019-10-23,2019-10-23 09:33:16,0.93,0.8773,136,0.87,0.8207,59,0.93,0.8773,38,0.9,0.849,90,0
IWM191025C154,2019-10-23,2019-10-23 09:33:17,0.94,0.8867,91,0.89,0.8396,35,0.93,0.8773,38,0.915,0.8632,90,0
IWM191025C154,2019-10-23,2019-10-23 09:33:17,0.95,0.8962,74,0.91,0.8584,81,0.93,0.8773,38,0.93,0.8773,90,0
IWM191025C154,2019-10-23,2019-10-23 09:33:18,0.95,0.8962,84,0.92,0.8679,18,0.93,0.8773,38,0.935,0.882,90,0
IWM191025C154,2019-10-23,2019-10-23 09:33:18,0.95,0.8962,166,0.91,0.8584,42,0.93,0.8773,38,0.93,0.8773,90,0
IWM191025C154,2019-10-23,2019-10-23 09:33:19,0.95,0.8962,212,0.92,0.8679,5,0.93,0.8773,38,0.935,0.882,90,0
IWM191025C154,2019-10-23,2019-10-23 09:33:19,0.95,0.8962,279,0.9,0.849,72,0.93,0.8773,38,0.925,0.8726,90,0
IWM191025C154,2019-10-23,2019-10-23 09:33:20,0.93,0.8773,40,0.9,0.849,43,0.93,0.8773,38,0.915,0.8632,90,0
IWM191025C154,2019-10-23,2019-10-23 09:33:20,0.92,0.8679,75,0.89,0.8396,27,0.93,0.8773,38,0.905,0.8537,90,0
IWM191025C154,2019-10-23,2019-10-23 09:33:21,0.92,0.8679,75,0.9,0.849,5,0.93,0.8773,38,0.91,0.8584,90,0
IWM191025C154,2019-10-23,2019-10-23 09:33:22,0.92,0.8679,125,0.89,0.8396,3,0.93,0.8773,38,0.905,0.8537,90,0
IWM191025C154,2019-10-23,2019-10-23 09:33:22,0.93,0.8773,18,0.89,0.8396,31,0.93,0.8773,38,0.91,0.8584,90,0
IWM191025C154,2019-10-23,2019-10-23 09:33:23,0.91,0.8584,75,0.88,0.8301,32,0.93,0.8773,38,0.895,0.8443,90,0
IWM191025C154,2019-10-23,2019-10-23 09:33:23,0.91,0.8584,41,0.88,0.8301,32,0.93,0.8773,38,0.895,0.8443,90,0
IWM191025C154,2019-10-23,2019-10-23 09:33:24,0.91,0.8584,155,0.88,0.8301,18,0.93,0.8773,38,0.895,0.8443,90,0
IWM191025C154,2019-10-23,2019-10-23 09:33:24,0.91,0.8584,155,0.88,0.8301,87,0.93,0.8773,38,0.895,0.8443,90,0
IWM191025C154,2019-10-23,2019-10-23 09:33:25,0.91,0.8584,10,0.88,0.8301,87,0.93,0.8773,38,0.895,0.8443,90,0
IWM191025C154,2019-10-23,2019-10-23 09:33:25,0.92,0.8679,75,0.88,0.8301,87,0.93,0.8773,38,0.9,0.849,90,0
IWM191025C154,2019-10-23,2019-10-23 09:33:26,0.94,0.8867,11,0.9,0.849,76,0.93,0.8773,38,0.92,0.8679,90,0
IWM191025C154,2019-10-23,2019-10-23 09:33:26,0.93,0.8773,35,0.89,0.8396,123,0.93,0.8773,38,0.91,0.8584,90,0
IWM191025C154,2019-10-23,2019-10-23 09:33:27,0.93,0.8773,233,0.89,0.8396,20,0.93,0.8773,38,0.91,0.8584,90,0
IWM191025C154,2019-10-23,2019-10-23 09:33:27,0.93,0.8773,171,0.9,0.849,2,0.93,0.8773,38,0.915,0.8632,90,0
IWM191025C154,2019-10-23,2019-10-23 09:33:28,0.93,0.8773,233,0.89,0.8396,20,0.93,0.8773,38,0.91,0.8584,90,0
IWM191025C154,2019-10-23,2019-10-23 09:33:28,0.92,0.8679,151,0.88,0.8301,103,0.93,0.8773,38,0.9,0.849,90,0
IWM191025C154,2019-10-23,2019-10-23 09:33:29,0.91,0.8584,36,0.88,0.8301,234,0.93,0.8773,38,0.895,0.8443,90,0
IWM191025C154,2019-10-23,2019-10-23 09:33:29,0.92,0.8679,151,0.88,0.8301,103,0.93,0.8773,38,0.9,0.849,90,0
IWM191025C154,2019-10-23,2019-10-23 09:33:30,0.92,0.8679,129,0.88,0.8301,184,0.93,0.8773,38,0.9,0.849,90,0
IWM191025C154,2019-10-23,2019-10-23 09:33:30,0.92,0.8679,99,0.88,0.8301,326,0.93,0.8773,38,0.9,0.849,90,0
IWM191025C154,2019-10-23,2019-10-23 09:33:31,0.91,0.8584,10,0.88,0.8301,228,0.91,0.8584,8,0.895,0.8443,98,8
IWM191025C154,2019-10-23,2019-10-23 09:33:31,0.92,0.8679,105,0.88,0.8301,381,0.91,0.8584,8,0.9,0.849,98,0
IWM191025C154,2019-10-23,2019-10-23 09:33:32,0.93,0.8773,248,0.89,0.8396,225,0.91,0.8584,8,0.91,0.8584,98,0
IWM191025C154,2019-10-23,2019-10-23 09:33:32,0.93,0.8773,134,0.89,0.8396,75,0.91,0.8584,8,0.91,0.8584,98,0
IWM191025C154,2019-10-23,2019-10-23 09:33:33,0.93,0.8773,182,0.89,0.8396,225,0.91,0.8584,8,0.91,0.8584,98,0
IWM191025C154,2019-10-23,2019-10-23 09:33:34,0.93,0.8773,159,0.89,0.8396,247,0.91,0.8584,8,0.91,0.8584,98,0
IWM191025C154,2019-10-23,2019-10-23 09:33:34,0.92,0.8679,31,0.89,0.8396,100,0.91,0.8584,8,0.905,0.8537,98,0
IWM191025C154,2019-10-23,2019-10-23 09:33:35,0.93,0.8773,44,0.9,0.849,215,0.91,0.8584,8,0.915,0.8632,98,0
IWM191025C154,2019-10-23,2019-10-23 09:33:35,0.94,0.8867,20,0.9,0.849,260,0.91,0.8584,8,0.92,0.8679,98,0
IWM191025C154,2019-10-23,2019-10-23 09:33:36,0.94,0.8867,129,0.91,0.8584,14,0.91,0.8584,8,0.925,0.8726,98,0
IWM191025C154,2019-10-23,2019-10-23 09:33:36,0.94,0.8867,99,0.91,0.8584,18,0.91,0.8584,8,0.925,0.8726,98,0
IWM191025C154,2019-10-23,2019-10-23 09:33:37,0.94,0.8867,99,0.91,0.8584,18,0.91,0.8584,8,0.925,0.8726,98,0
IWM191025C154,2019-10-23,2019-10-23 09:33:37,0.93,0.8773,5,0.9,0.849,82,0.91,0.8584,8,0.915,0.8632,98,0
IWM191025C154,2019-10-23,2019-10-23 09:33:38,0.94,0.8867,198,0.91,0.8584,7,0.91,0.8584,8,0.925,0.8726,98,0
IWM191025C154,2019-10-23,2019-10-23 09:33:38,0.94,0.8867,127,0.9,0.849,68,0.91,0.8584,8,0.92,0.8679,98,0
IWM191025C154,2019-10-23,2019-10-23 09:33:39,0.94,0.8867,205,0.91,0.8584,7,0.91,0.8584,8,0.925,0.8726,98,0
IWM191025C154,2019-10-23,2019-10-23 09:33:40,0.94,0.8867,223,0.91,0.8584,7,0.91,0.8584,8,0.925,0.8726,98,0
IWM191025C154,2019-10-23,2019-10-23 09:33:40,0.93,0.8773,28,0.9,0.849,72,0.91,0.8584,8,0.915,0.8632,98,0
IWM191025C154,2019-10-23,2019-10-23 09:33:41,0.93,0.8773,104,0.9,0.849,69,0.91,0.8584,8,0.915,0.8632,98,0
IWM191025C154,2019-10-23,2019-10-23 09:33:41,0.93,0.8773,28,0.9,0.849,69,0.91,0.8584,8,0.915,0.8632,98,0
IWM191025C154,2019-10-23,2019-10-23 09:33:42,0.92,0.8679,50,0.89,0.8396,56,0.91,0.8584,8,0.905,0.8537,98,0
IWM191025C154,2019-10-23,2019-10-23 09:33:42,0.92,0.8679,57,0.89,0.8396,49,0.91,0.8584,8,0.905,0.8537,98,0
IWM191025C154,2019-10-23,2019-10-23 09:33:43,0.92,0.8679,123,0.89,0.8396,35,0.91,0.8584,8,0.905,0.8537,98,0
IWM191025C154,2019-10-23,2019-10-23 09:33:44,0.92,0.8679,103,0.89,0.8396,46,0.91,0.8584,8,0.905,0.8537,98,0
IWM191025C154,2019-10-23,2019-10-23 09:33:44,0.92,0.8679,82,0.89,0.8396,46,0.91,0.8584,8,0.905,0.8537,98,0
IWM191025C154,2019-10-23,2019-10-23 09:33:45,0.92,0.8679,75,0.89,0.8396,81,0.91,0.8584,8,0.905,0.8537,98,0
IWM191025C154,2019-10-23,2019-10-23 09:33:45,0.92,0.8679,82,0.89,0.8396,36,0.91,0.8584,8,0.905,0.8537,98,0
IWM191025C154,2019-10-23,2019-10-23 09:33:46,0.93,0.8773,127,0.89,0.8396,199,0.91,0.8584,8,0.91,0.8584,98,0
IWM191025C154,2019-10-23,2019-10-23 09:33:46,0.93,0.8773,127,0.89,0.8396,236,0.91,0.8584,8,0.91,0.8584,98,0
IWM191025C154,2019-10-23,2019-10-23 09:33:47,0.93,0.8773,109,0.89,0.8396,178,0.91,0.8584,8,0.91,0.8584,98,0
IWM191025C154,2019-10-23,2019-10-23 09:33:47,0.92,0.8679,115,0.89,0.8396,74,0.91,0.8584,8,0.905,0.8537,98,0
IWM191025C154,2019-10-23,2019-10-23 09:33:48,0.92,0.8679,29,0.89,0.8396,75,0.91,0.8584,8,0.905,0.8537,98,0
IWM191025C154,2019-10-23,2019-10-23 09:33:48,0.92,0.8679,109,0.89,0.8396,75,0.91,0.8584,8,0.905,0.8537,98,0
IWM191025C154,2019-10-23,2019-10-23 09:33:49,0.92,0.8679,29,0.89,0.8396,75,0.91,0.8584,8,0.905,0.8537,98,0
IWM191025C154,2019-10-23,2019-10-23 09:33:49,0.93,0.8773,106,0.9,0.849,74,0.91,0.8584,8,0.915,0.8632,98,0
IWM191025C154,2019-10-23,2019-10-23 09:33:50,0.93,0.8773,204,0.91,0.8584,7,0.91,0.8584,8,0.92,0.8679,98,0
IWM191025C154,2019-10-23,2019-10-23 09:33:50,0.93,0.8773,228,0.9,0.849,40,0.91,0.8584,8,0.915,0.8632,98,0
IWM191025C154,2019-10-23,2019-10-23 09:33:51,0.92,0.8679,75,0.89,0.8396,39,0.91,0.8584,8,0.905,0.8537,98,0
IWM191025C154,2019-10-23,2019-10-23 09:33:51,0.92,0.8679,49,0.9,0.849,1,0.91,0.8584,8,0.91,0.8584,98,0
IWM191025C154,2019-10-23,2019-10-23 09:33:52,0.94,0.8867,150,0.9,0.849,14,0.91,0.8584,8,0.92,0.8679,98,0
IWM191025C154,2019-10-23,2019-10-23 09:33:52,0.94,0.8867,44,0.91,0.8584,1,0.91,0.8584,8,0.925,0.8726,98,0
IWM191025C154,2019-10-23,2019-10-23 09:33:53,0.94,0.8867,114,0.91,0.8584,10,0.91,0.8584,8,0.925,0.8726,98,0
IWM191025C154,2019-10-23,2019-10-23 09:33:53,0.94,0.8867,75,0.91,0.8584,104,0.91,0.8584,8,0.925,0.8726,98,0
IWM191025C154,2019-10-23,2019-10-23 09:33:54,0.94,0.8867,138,0.91,0.8584,10,0.91,0.8584,8,0.925,0.8726,98,0
IWM191025C154,2019-10-23,2019-10-23 09:33:54,0.94,0.8867,137,0.91,0.8584,10,0.91,0.8584,8,0.925,0.8726,98,0
IWM191025C154,2019-10-23,2019-10-23 09:33:55,0.94,0.8867,127,0.91,0.8584,46,0.91,0.8584,8,0.925,0.8726,98,0
IWM191025C154,2019-10-23,2019-10-23 09:33:55,0.94,0.8867,127,0.91,0.8584,45,0.91,0.8584,8,0.925,0.8726,98,0
IWM191025C154,2019-10-23,2019-10-23 09:33:56,0.93,0.8773,118,0.89,0.8396,140,0.91,0.8584,8,0.91,0.8584,98,0
IWM191025C154,2019-10-23,2019-10-23 09:33:56,0.93,0.8773,170,0.9,0.849,81,0.91,0.8584,8,0.915,0.8632,98,0
IWM191025C154,2019-10-23,2019-10-23 09:33:57,0.92,0.8679,141,0.9,0.849,7,0.91,0.8584,8,0.91,0.8584,98,0
IWM191025C154,2019-10-23,2019-10-23 09:33:58,0.91,0.8584,75,0.89,0.8396,7,0.91,0.8584,8,0.9,0.849,98,0
IWM191025C154,2019-10-23,2019-10-23 09:33:59,0.91,0.8584,123,0.88,0.8301,161,0.91,0.8584,8,0.895,0.8443,98,0
IWM191025C154,2019-10-23,2019-10-23 09:33:59,0.91,0.8584,160,0.88,0.8301,161,0.91,0.8584,8,0.895,0.8443,98,0
IWM191025C154,2019-10-23,2019-10-23 09:34:00,0.91,0.8584,244,0.88,0.8301,33,0.91,0.8584,8,0.895,0.8443,98,0
IWM191025C154,2019-10-23,2019-10-23 09:34:00,0.91,0.8584,160,0.89,0.8396,14,0.91,0.8584,8,0.9,0.849,98,0
IWM191025C154,2019-10-23,2019-10-23 09:34:01,0.9,0.849,84,0.88,0.8301,18,0.91,0.8584,8,0.89,0.8396,98,0
IWM191025C154,2019-10-23,2019-10-23 09:34:01,0.9,0.849,13,0.89,0.8396,1,0.89,0.8396,5,0.895,0.8443,103,5
IWM191025C154,2019-10-23,2019-10-23 09:34:02,0.91,0.8584,233,0.89,0.8396,18,0.89,0.8396,5,0.9,0.849,103,0
IWM191025C154,2019-10-23,2019-10-23 09:34:02,0.91,0.8584,233,0.88,0.8301,81,0.89,0.8396,5,0.895,0.8443,103,0
IWM191025C154,2019-10-23,2019-10-23 09:34:03,0.91,0.8584,75,0.9,0.849,130,0.89,0.8396,5,0.905,0.8537,103,0
IWM191025C154,2019-10-23,2019-10-23 09:34:03,0.91,0.8584,88,0.88,0.8301,81,0.89,0.8396,5,0.895,0.8443,103,0
IWM191025C154,2019-10-23,2019-10-23 09:34:04,0.92,0.8679,121,0.89,0.8396,81,0.89,0.8396,5,0.905,0.8537,103,0
IWM191025C154,2019-10-23,2019-10-23 09:34:04,0.93,0.8773,88,0.9,0.849,170,0.89,0.8396,5,0.915,0.8632,103,0
IWM191025C154,2019-10-23,2019-10-23 09:34:05,0.92,0.8679,75,0.89,0.8396,116,0.89,0.8396,5,0.905,0.8537,103,0
IWM191025C154,2019-10-23,2019-10-23 09:34:05,0.92,0.8679,114,0.89,0.8396,92,0.89,0.8396,5,0.905,0.8537,103,0
IWM191025C154,2019-10-23,2019-10-23 09:34:06,0.92,0.8679,110,0.9,0.849,14,0.89,0.8396,5,0.91,0.8584,103,0
IWM191025C154,2019-10-23,2019-10-23 09:34:06,0.92,0.8679,140,0.9,0.849,14,0.89,0.8396,5,0.91,0.8584,103,0
IWM191025C154,2019-10-23,2019-10-23 09:34:07,0.92,0.8679,120,0.9,0.849,14,0.89,0.8396,5,0.91,0.8584,103,0
IWM191025C154,2019-10-23,2019-10-23 09:34:07,0.92,0.8679,134,0.9,0.849,18,0.89,0.8396,5,0.91,0.8584,103,0
IWM191025C154,2019-10-23,2019-10-23 09:34:08,0.92,0.8679,111,0.9,0.849,14,0.89,0.8396,5,0.91,0.8584,103,0
IWM191025C154,2019-10-23,2019-10-23 09:34:08,0.92,0.8679,142,0.9,0.849,14,0.89,0.8396,5,0.91,0.8584,103,0
IWM191025C154,2019-10-23,2019-10-23 09:34:09,0.92,0.8679,116,0.9,0.849,14,0.89,0.8396,5,0.91,0.8584,103,0
IWM191025C154,2019-10-23,2019-10-23 09:34:09,0.92,0.8679,116,0.88,0.8301,23,0.89,0.8396,5,0.9,0.849,103,0
IWM191025C154,2019-10-23,2019-10-23 09:34:10,0.89,0.8396,10,0.88,0.8301,1,0.89,0.8396,5,0.885,0.8349,103,0
IWM191025C154,2019-10-23,2019-10-23 09:34:10,0.9,0.849,107,0.88,0.8301,13,0.89,0.8396,5,0.89,0.8396,103,0
IWM191025C154,2019-10-23,2019-10-23 09:34:11,0.9,0.849,236,0.88,0.8301,3,0.89,0.8396,5,0.89,0.8396,103,0
IWM191025C154,2019-10-23,2019-10-23 09:34:11,0.89,0.8396,10,0.88,0.8301,3,0.89,0.8396,5,0.885,0.8349,103,0
IWM191025C154,2019-10-23,2019-10-23 09:34:12,0.89,0.8396,108,0.86,0.8113,95,0.89,0.8396,5,0.875,0.8254,103,0
IWM191025C154,2019-10-23,2019-10-23 09:34:12,0.9,0.849,169,0.86,0.8113,75,0.89,0.8396,5,0.88,0.8301,103,0
IWM191025C154,2019-10-23,2019-10-23 09:34:13,0.89,0.8396,75,0.86,0.8113,95,0.89,0.8396,5,0.875,0.8254,103,0
IWM191025C154,2019-10-23,2019-10-23 09:34:13,0.89,0.8396,9,0.87,0.8207,94,0.89,0.8396,5,0.88,0.8301,103,0
IWM191025C154,2019-10-23,2019-10-23 09:34:14,0.91,0.8584,121,0.87,0.8207,130,0.89,0.8396,5,0.89,0.8396,103,0
IWM191025C154,2019-10-23,2019-10-23 09:34:14,0.91,0.8584,10,0.88,0.8301,3,0.89,0.8396,5,0.895,0.8443,103,0
IWM191025C154,2019-10-23,2019-10-23 09:34:15,0.92,0.8679,121,0.88,0.8301,137,0.89,0.8396,5,0.9,0.849,103,0
IWM191025C154,2019-10-23,2019-10-23 09:34:16,0.91,0.8584,172,0.88,0.8301,29,0.89,0.8396,5,0.895,0.8443,103,0
IWM191025C154,2019-10-23,2019-10-23 09:34:16,0.91,0.8584,172,0.88,0.8301,13,0.89,0.8396,5,0.895,0.8443,103,0
IWM191025C154,2019-10-23,2019-10-23 09:34:17,0.91,0.8584,172,0.88,0.8301,10,0.89,0.8396,5,0.895,0.8443,103,0
IWM191025C154,2019-10-23,2019-10-23 09:34:17,0.91,0.8584,172,0.88,0.8301,13,0.89,0.8396,5,0.895,0.8443,103,0
IWM191025C154,2019-10-23,2019-10-23 09:34:18,0.9,0.849,108,0.88,0.8301,13,0.89,0.8396,5,0.89,0.8396,103,0
IWM191025C154,2019-10-23,2019-10-23 09:34:19,0.9,0.849,167,0.88,0.8301,10,0.89,0.8396,5,0.89,0.8396,103,0
IWM191025C154,2019-10-23,2019-10-23 09:34:19,0.9,0.849,88,0.88,0.8301,10,0.89,0.8396,5,0.89,0.8396,103,0
IWM191025C154,2019-10-23,2019-10-23 09:34:20,0.9,0.849,257,0.87,0.8207,77,0.89,0.8396,5,0.885,0.8349,103,0
IWM191025C154,2019-10-23,2019-10-23 09:34:20,0.9,0.849,257,0.88,0.8301,5,0.89,0.8396,5,0.89,0.8396,103,0
IWM191025C154,2019-10-23,2019-10-23 09:34:21,0.9,0.849,163,0.88,0.8301,4,0.89,0.8396,5,0.89,0.8396,103,0
IWM191025C154,2019-10-23,2019-10-23 09:34:21,0.9,0.849,224,0.88,0.8301,4,0.89,0.8396,5,0.89,0.8396,103,0
IWM191025C154,2019-10-23,2019-10-23 09:34:22,0.9,0.849,230,0.88,0.8301,3,0.89,0.8396,5,0.89,0.8396,103,0
IWM191025C154,2019-10-23,2019-10-23 09:34:23,0.91,0.8584,61,0.88,0.8301,101,0.9,0.849,30,0.895,0.8443,133,30
IWM191025C154,2019-10-23,2019-10-23 09:34:23,0.9,0.849,158,0.88,0.8301,3,0.89,0.8396,5,0.89,0.8396,103,0
IWM191025C154,2019-10-23,2019-10-23 09:34:24,0.91,0.8584,61,0.88,0.8301,114,0.9,0.849,30,0.895,0.8443,133,0
IWM191025C154,2019-10-23,2019-10-23 09:34:25,0.9,0.849,109,0.88,0.8301,18,0.9,0.849,30,0.89,0.8396,133,0
IWM191025C154,2019-10-23,2019-10-23 09:34:25,0.9,0.849,156,0.86,0.8113,124,0.9,0.849,30,0.88,0.8301,133,0
IWM191025C154,2019-10-23,2019-10-23 09:34:26,0.9,0.849,127,0.88,0.8301,3,0.9,0.849,30,0.89,0.8396,133,0
IWM191025C154,2019-10-23,2019-10-23 09:34:26,0.9,0.849,127,0.88,0.8301,18,0.9,0.849,30,0.89,0.8396,133,0
IWM191025C154,2019-10-23,2019-10-23 09:34:27,0.9,0.849,134,0.88,0.8301,10,0.9,0.849,30,0.89,0.8396,133,0
IWM191025C154,2019-10-23,2019-10-23 09:34:27,0.9,0.849,127,0.88,0.8301,3,0.9,0.849,30,0.89,0.8396,133,0
IWM191025C154,2019-10-23,2019-10-23 09:34:28,0.9,0.849,127,0.88,0.8301,3,0.9,0.849,30,0.89,0.8396,133,0
IWM191025C154,2019-10-23,2019-10-23 09:34:29,0.92,0.8679,1,0.9,0.849,117,0.9,0.849,30,0.91,0.8584,133,0
IWM191025C154,2019-10-23,2019-10-23 09:34:30,0.92,0.8679,1,0.91,0.8584,7,0.9,0.849,30,0.915,0.8632,133,0
IWM191025C154,2019-10-23,2019-10-23 09:34:30,0.92,0.8679,51,0.89,0.8396,143,0.9,0.849,30,0.905,0.8537,133,0
IWM191025C154,2019-10-23,2019-10-23 09:34:31,0.92,0.8679,89,0.89,0.8396,81,0.9,0.849,30,0.905,0.8537,133,0
IWM191025C154,2019-10-23,2019-10-23 09:34:31,0.92,0.8679,61,0.89,0.8396,76,0.9,0.849,30,0.905,0.8537,133,0
IWM191025C154,2019-10-23,2019-10-23 09:34:32,0.92,0.8679,10,0.89,0.8396,121,0.9,0.849,30,0.905,0.8537,133,0
IWM191025C154,2019-10-23,2019-10-23 09:34:32,0.92,0.8679,94,0.89,0.8396,96,0.9,0.849,30,0.905,0.8537,133,0
IWM191025C154,2019-10-23,2019-10-23 09:34:33,0.91,0.8584,44,0.88,0.8301,93,0.9,0.849,30,0.895,0.8443,133,0
IWM191025C154,2019-10-23,2019-10-23 09:34:33,0.92,0.8679,10,0.89,0.8396,75,0.9,0.849,30,0.905,0.8537,133,0
IWM191025C154,2019-10-23,2019-10-23 09:34:34,0.92,0.8679,74,0.89,0.8396,108,0.9,0.849,30,0.905,0.8537,133,0
IWM191025C154,2019-10-23,2019-10-23 09:34:34,0.91,0.8584,36,0.88,0.8301,93,0.9,0.849,30,0.895,0.8443,133,0
IWM191025C154,2019-10-23,2019-10-23 09:34:35,0.92,0.8679,74,0.89,0.8396,108,0.9,0.849,30,0.905,0.8537,133,0
IWM191025C154,2019-10-23,2019-10-23 09:34:35,0.92,0.8679,190,0.89,0.8396,108,0.9,0.849,30,0.905,0.8537,133,0
IWM191025C154,2019-10-23,2019-10-23 09:34:36,0.92,0.8679,196,0.89,0.8396,93,0.9,0.849,30,0.905,0.8537,133,0
IWM191025C154,2019-10-23,2019-10-23 09:34:36,0.92,0.8679,196,0.89,0.8396,108,0.9,0.849,30,0.905,0.8537,133,0
IWM191025C154,2019-10-23,2019-10-23 09:34:37,0.92,0.8679,187,0.89,0.8396,93,0.9,0.849,30,0.905,0.8537,133,0
IWM191025C154,2019-10-23,2019-10-23 09:34:37,0.92,0.8679,190,0.89,0.8396,93,0.9,0.849,30,0.905,0.8537,133,0
IWM191025C154,2019-10-23,2019-10-23 09:34:38,0.92,0.8679,205,0.89,0.8396,93,0.9,0.849,30,0.905,0.8537,133,0
IWM191025C154,2019-10-23,2019-10-23 09:34:38,0.92,0.8679,212,0.89,0.8396,93,0.9,0.849,30,0.905,0.8537,133,0
IWM191025C154,2019-10-23,2019-10-23 09:34:39,0.92,0.8679,132,0.9,0.849,7,0.9,0.849,30,0.91,0.8584,133,0
IWM191025C154,2019-10-23,2019-10-23 09:34:39,0.92,0.8679,181,0.89,0.8396,93,0.9,0.849,30,0.905,0.8537,133,0
IWM191025C154,2019-10-23,2019-10-23 09:34:40,0.92,0.8679,141,0.9,0.849,14,0.9,0.849,30,0.91,0.8584,133,0
IWM191025C154,2019-10-23,2019-10-23 09:34:40,0.92,0.8679,215,0.89,0.8396,93,0.9,0.849,30,0.905,0.8537,133,0
IWM191025C154,2019-10-23,2019-10-23 09:34:41,0.92,0.8679,155,0.9,0.849,14,0.9,0.849,30,0.91,0.8584,133,0
IWM191025C154,2019-10-23,2019-10-23 09:34:41,0.92,0.8679,140,0.9,0.849,14,0.9,0.849,30,0.91,0.8584,133,0
IWM191025C154,2019-10-23,2019-10-23 09:34:42,0.91,0.8584,13,0.89,0.8396,4,0.9,0.849,30,0.9,0.849,133,0
IWM191025C154,2019-10-23,2019-10-23 09:34:43,0.91,0.8584,97,0.88,0.8301,125,0.9,0.849,30,0.895,0.8443,133,0
IWM191025C154,2019-10-23,2019-10-23 09:34:43,0.91,0.8584,58,0.89,0.8396,4,0.9,0.849,30,0.9,0.849,133,0
IWM191025C154,2019-10-23,2019-10-23 09:34:44,0.91,0.8584,90,0.89,0.8396,7,0.9,0.849,30,0.9,0.849,133,0
IWM191025C154,2019-10-23,2019-10-23 09:34:44,0.91,0.8584,78,0.89,0.8396,7,0.9,0.849,30,0.9,0.849,133,0
IWM191025C154,2019-10-23,2019-10-23 09:34:45,0.91,0.8584,158,0.88,0.8301,89,0.9,0.849,30,0.895,0.8443,133,0
IWM191025C154,2019-10-23,2019-10-23 09:34:45,0.91,0.8584,154,0.88,0.8301,89,0.9,0.849,30,0.895,0.8443,133,0
IWM191025C154,2019-10-23,2019-10-23 09:34:46,0.9,0.849,30,0.88,0.8301,89,0.9,0.849,30,0.89,0.8396,133,0
IWM191025C154,2019-10-23,2019-10-23 09:34:47,0.9,0.849,83,0.87,0.8207,120,0.9,0.849,30,0.885,0.8349,133,0
IWM191025C154,2019-10-23,2019-10-23 09:34:47,0.9,0.849,43,0.88,0.8301,18,0.9,0.849,30,0.89,0.8396,133,0
IWM191025C154,2019-10-23,2019-10-23 09:34:48,0.9,0.849,25,0.88,0.8301,18,0.9,0.849,30,0.89,0.8396,133,0
IWM191025C154,2019-10-23,2019-10-23 09:34:49,0.89,0.8396,187,0.87,0.8207,8,0.9,0.849,30,0.88,0.8301,133,0
IWM191025C154,2019-10-23,2019-10-23 09:34:49,0.89,0.8396,114,0.87,0.8207,13,0.9,0.849,30,0.88,0.8301,133,0
IWM191025C154,2019-10-23,2019-10-23 09:34:50,0.89,0.8396,187,0.87,0.8207,11,0.9,0.849,30,0.88,0.8301,133,0
IWM191025C154,2019-10-23,2019-10-23 09:34:50,0.88,0.8301,47,0.86,0.8113,49,0.9,0.849,30,0.87,0.8207,133,0
IWM191025C154,2019-10-23,2019-10-23 09:34:51,0.88,0.8301,47,0.86,0.8113,37,0.9,0.849,30,0.87,0.8207,133,0
IWM191025C154,2019-10-23,2019-10-23 09:34:51,0.9,0.849,141,0.86,0.8113,182,0.9,0.849,30,0.88,0.8301,133,0
IWM191025C154,2019-10-23,2019-10-23 09:34:52,0.89,0.8396,90,0.87,0.8207,10,0.9,0.849,30,0.88,0.8301,133,0
IWM191025C154,2019-10-23,2019-10-23 09:34:52,0.89,0.8396,90,0.87,0.8207,18,0.9,0.849,30,0.88,0.8301,133,0
IWM191025C154,2019-10-23,2019-10-23 09:34:53,0.88,0.8301,123,0.85,0.8018,75,0.9,0.849,30,0.865,0.816,133,0
IWM191025C154,2019-10-23,2019-10-23 09:34:53,0.88,0.8301,10,0.86,0.8113,84,0.9,0.849,30,0.87,0.8207,133,0
IWM191025C154,2019-10-23,2019-10-23 09:34:54,0.88,0.8301,218,0.86,0.8113,8,0.9,0.849,30,0.87,0.8207,133,0
IWM191025C154,2019-10-23,2019-10-23 09:34:54,0.88,0.8301,221,0.85,0.8018,70,0.9,0.849,30,0.865,0.816,133,0
IWM191025C154,2019-10-23,2019-10-23 09:34:55,0.86,0.8113,40,0.84,0.7924,23,0.9,0.849,30,0.85,0.8018,133,0
IWM191025C154,2019-10-23,2019-10-23 09:34:55,0.87,0.8207,184,0.84,0.7924,20,0.9,0.849,30,0.855,0.8066,133,0
IWM191025C154,2019-10-23,2019-10-23 09:34:56,0.86,0.8113,20,0.84,0.7924,26,0.9,0.849,30,0.85,0.8018,133,0
IWM191025C154,2019-10-23,2019-10-23 09:34:56,0.86,0.8113,20,0.84,0.7924,23,0.9,0.849,30,0.85,0.8018,133,0
IWM191025C154,2019-10-23,2019-10-23 09:34:57,0.86,0.8113,20,0.84,0.7924,82,0.9,0.849,30,0.85,0.8018,133,0
IWM191025C154,2019-10-23,2019-10-23 09:34:57,0.86,0.8113,20,0.85,0.8018,15,0.9,0.849,30,0.855,0.8066,133,0
IWM191025C154,2019-10-23,2019-10-23 09:34:58,0.86,0.8113,20,0.84,0.7924,86,0.9,0.849,30,0.85,0.8018,133,0
IWM191025C154,2019-10-23,2019-10-23 09:34:59,0.87,0.8207,98,0.84,0.7924,82,0.9,0.849,30,0.855,0.8066,133,0
IWM191025C154,2019-10-23,2019-10-23 09:34:59,0.87,0.8207,143,0.84,0.7924,172,0.9,0.849,30,0.855,0.8066,133,0
IWM191025C154,2019-10-23,2019-10-23 09:35:00,0.87,0.8207,143,0.84,0.7924,218,0.9,0.849,30,0.855,0.8066,133,0
IWM191025C154,2019-10-23,2019-10-23 09:35:00,0.88,0.8301,285,0.84,0.7924,350,0.9,0.849,30,0.86,0.8113,133,0
IWM191025C154,2019-10-23,2019-10-23 09:35:01,0.88,0.8301,314,0.84,0.7924,310,0.9,0.849,30,0.86,0.8113,133,0
IWM191025C154,2019-10-23,2019-10-23 09:35:01,0.88,0.8301,304,0.84,0.7924,417,0.9,0.849,30,0.86,0.8113,133,0
IWM191025C154,2019-10-23,2019-10-23 09:35:02,0.88,0.8301,329,0.84,0.7924,360,0.9,0.849,30,0.86,0.8113,133,0
IWM191025C154,2019-10-23,2019-10-23 09:35:02,0.87,0.8207,276,0.84,0.7924,142,0.9,0.849,30,0.855,0.8066,133,0
IWM191025C154,2019-10-23,2019-10-23 09:35:03,0.87,0.8207,343,0.84,0.7924,142,0.9,0.849,30,0.855,0.8066,133,0
IWM191025C154,2019-10-23,2019-10-23 09:35:03,0.86,0.8113,75,0.84,0.7924,75,0.9,0.849,30,0.85,0.8018,133,0
IWM191025C154,2019-10-23,2019-10-23 09:35:04,0.85,0.8018,165,0.83,0.783,76,0.9,0.849,30,0.84,0.7924,133,0
IWM191025C154,2019-10-23,2019-10-23 09:35:04,0.85,0.8018,13,0.83,0.783,108,0.9,0.849,30,0.84,0.7924,133,0
IWM191025C154,2019-10-23,2019-10-23 09:35:05,0.85,0.8018,131,0.82,0.7735,159,0.9,0.849,30,0.835,0.7877,133,0
IWM191025C154,2019-10-23,2019-10-23 09:35:05,0.85,0.8018,295,0.82,0.7735,159,0.9,0.849,30,0.835,0.7877,133,0
IWM191025C154,2019-10-23,2019-10-23 09:35:06,0.85,0.8018,187,0.8,0.7547,45,0.9,0.849,30,0.825,0.7783,133,0
IWM191025C154,2019-10-23,2019-10-23 09:35:06,0.85,0.8018,152,0.83,0.783,81,0.9,0.849,30,0.84,0.7924,133,0
IWM191025C154,2019-10-23,2019-10-23 09:35:07,0.83,0.783,32,0.8,0.7547,20,0.9,0.849,30,0.815,0.7688,133,0
IWM191025C154,2019-10-23,2019-10-23 09:35:07,0.83,0.783,48,0.81,0.7641,84,0.9,0.849,30,0.82,0.7735,133,0
IWM191025C154,2019-10-23,2019-10-23 09:35:08,0.83,0.783,10,0.81,0.7641,84,0.9,0.849,30,0.82,0.7735,133,0
IWM191025C154,2019-10-23,2019-10-23 09:35:08,0.84,0.7924,399,0.81,0.7641,84,0.9,0.849,30,0.825,0.7783,133,0
IWM191025C154,2019-10-23,2019-10-23 09:35:09,0.83,0.783,112,0.81,0.7641,54,0.9,0.849,30,0.82,0.7735,133,0
IWM191025C154,2019-10-23,2019-10-23 09:35:09,0.83,0.783,105,0.81,0.7641,8,0.9,0.849,30,0.82,0.7735,133,0
IWM191025C154,2019-10-23,2019-10-23 09:35:10,0.86,0.8113,139,0.82,0.7735,308,0.9,0.849,30,0.84,0.7924,133,0
IWM191025C154,2019-10-23,2019-10-23 09:35:10,0.85,0.8018,85,0.82,0.7735,113,0.9,0.849,30,0.835,0.7877,133,0
IWM191025C154,2019-10-23,2019-10-23 09:35:11,0.86,0.8113,31,0.83,0.783,126,0.9,0.849,30,0.845,0.7971,133,0
IWM191025C154,2019-10-23,2019-10-23 09:35:12,0.86,0.8113,113,0.84,0.7924,76,0.9,0.849,30,0.85,0.8018,133,0
IWM191025C154,2019-10-23,2019-10-23 09:35:12,0.87,0.8207,247,0.84,0.7924,109,0.9,0.849,30,0.855,0.8066,133,0
IWM191025C154,2019-10-23,2019-10-23 09:35:13,0.86,0.8113,228,0.84,0.7924,76,0.9,0.849,30,0.85,0.8018,133,0
IWM191025C154,2019-10-23,2019-10-23 09:35:13,0.86,0.8113,113,0.84,0.7924,76,0.9,0.849,30,0.85,0.8018,133,0
IWM191025C154,2019-10-23,2019-10-23 09:35:14,0.85,0.8018,198,0.83,0.783,79,0.9,0.849,30,0.84,0.7924,133,0
IWM191025C154,2019-10-23,2019-10-23 09:35:15,0.84,0.7924,75,0.81,0.7641,80,0.9,0.849,30,0.825,0.7783,133,0
IWM191025C154,2019-10-23,2019-10-23 09:35:15,0.83,0.783,15,0.82,0.7735,8,0.9,0.849,30,0.825,0.7783,133,0
IWM191025C154,2019-10-23,2019-10-23 09:35:16,0.83,0.783,153,0.79,0.7452,170,0.9,0.849,30,0.81,0.7641,133,0
IWM191025C154,2019-10-23,2019-10-23 09:35:16,0.83,0.783,439,0.79,0.7452,170,0.9,0.849,30,0.81,0.7641,133,0
IWM191025C154,2019-10-23,2019-10-23 09:35:17,0.83,0.783,439,0.8,0.7547,105,0.9,0.849,30,0.815,0.7688,133,0
IWM191025C154,2019-10-23,2019-10-23 09:35:17,0.83,0.783,339,0.81,0.7641,29,0.9,0.849,30,0.82,0.7735,133,0
IWM191025C154,2019-10-23,2019-10-23 09:35:18,0.83,0.783,168,0.8,0.7547,182,0.9,0.849,30,0.815,0.7688,133,0
IWM191025C154,2019-10-23,2019-10-23 09:35:18,0.83,0.783,379,0.81,0.7641,29,0.9,0.849,30,0.82,0.7735,133,0
IWM191025C154,2019-10-23,2019-10-23 09:35:19,0.83,0.783,199,0.8,0.7547,141,0.9,0.849,30,0.815,0.7688,133,0
IWM191025C154,2019-10-23,2019-10-23 09:35:19,0.82,0.7735,117,0.8,0.7547,69,0.9,0.849,30,0.81,0.7641,133,0
IWM191025C154,2019-10-23,2019-10-23 09:35:20,0.82,0.7735,176,0.8,0.7547,69,0.9,0.849,30,0.81,0.7641,133,0
IWM191025C154,2019-10-23,2019-10-23 09:35:20,0.82,0.7735,256,0.8,0.7547,69,0.9,0.849,30,0.81,0.7641,133,0
IWM191025C154,2019-10-23,2019-10-23 09:35:21,0.82,0.7735,188,0.8,0.7547,77,0.8,0.7547,1,0.81,0.7641,134,1
IWM191025C154,2019-10-23,2019-10-23 09:35:21,0.82,0.7735,114,0.8,0.7547,69,0.9,0.849,30,0.81,0.7641,133,0
IWM191025C154,2019-10-23,2019-10-23 09:35:22,0.82,0.7735,188,0.8,0.7547,77,0.8,0.7547,1,0.81,0.7641,134,0
IWM191025C154,2019-10-23,2019-10-23 09:35:23,0.82,0.7735,83,0.8,0.7547,77,0.8,0.7547,1,0.81,0.7641,134,0
IWM191025C154,2019-10-23,2019-10-23 09:35:24,0.82,0.7735,100,0.8,0.7547,69,0.8,0.7547,1,0.81,0.7641,134,0
IWM191025C154,2019-10-23,2019-10-23 09:35:24,0.83,0.783,259,0.8,0.7547,99,0.8,0.7547,1,0.815,0.7688,134,0
IWM191025C154,2019-10-23,2019-10-23 09:35:25,0.82,0.7735,243,0.8,0.7547,77,0.8,0.7547,1,0.81,0.7641,134,0
IWM191025C154,2019-10-23,2019-10-23 09:35:25,0.82,0.7735,279,0.8,0.7547,77,0.8,0.7547,1,0.81,0.7641,134,0
IWM191025C154,2019-10-23,2019-10-23 09:35:26,0.82,0.7735,256,0.8,0.7547,77,0.8,0.7547,1,0.81,0.7641,134,0
IWM191025C154,2019-10-23,2019-10-23 09:35:27,0.82,0.7735,163,0.8,0.7547,77,0.8,0.7547,1,0.81,0.7641,134,0
IWM191025C154,2019-10-23,2019-10-23 09:35:27,0.82,0.7735,193,0.8,0.7547,86,0.8,0.7547,1,0.81,0.7641,134,0
IWM191025C154,2019-10-23,2019-10-23 09:35:28,0.82,0.7735,168,0.8,0.7547,86,0.8,0.7547,1,0.81,0.7641,134,0
IWM191025C154,2019-10-23,2019-10-23 09:35:29,0.82,0.7735,265,0.8,0.7547,86,0.8,0.7547,1,0.81,0.7641,134,0
IWM191025C154,2019-10-23,2019-10-23 09:35:30,0.82,0.7735,249,0.8,0.7547,86,0.8,0.7547,1,0.81,0.7641,134,0
IWM191025C154,2019-10-23,2019-10-23 09:35:31,0.82,0.7735,249,0.8,0.7547,86,0.8,0.7547,1,0.81,0.7641,134,0
IWM191025C154,2019-10-23,2019-10-23 09:35:32,0.81,0.7641,186,0.79,0.7452,22,0.8,0.7547,1,0.8,0.7547,134,0
IWM191025C154,2019-10-23,2019-10-23 09:35:32,0.81,0.7641,212,0.79,0.7452,36,0.8,0.7547,1,0.8,0.7547,134,0
IWM191025C154,2019-10-23,2019-10-23 09:35:33,0.81,0.7641,114,0.79,0.7452,87,0.8,0.7547,1,0.8,0.7547,134,0
IWM191025C154,2019-10-23,2019-10-23 09:35:33,0.81,0.7641,126,0.79,0.7452,87,0.8,0.7547,1,0.8,0.7547,134,0
IWM191025C154,2019-10-23,2019-10-23 09:35:34,0.81,0.7641,382,0.78,0.7358,87,0.8,0.7547,1,0.795,0.75,134,0
IWM191025C154,2019-10-23,2019-10-23 09:35:34,0.81,0.7641,103,0.79,0.7452,87,0.8,0.7547,1,0.8,0.7547,134,0
IWM191025C154,2019-10-23,2019-10-23 09:35:35,0.81,0.7641,315,0.78,0.7358,108,0.8,0.7547,1,0.795,0.75,134,0
IWM191025C154,2019-10-23,2019-10-23 09:35:35,0.81,0.7641,382,0.78,0.7358,87,0.8,0.7547,1,0.795,0.75,134,0
IWM191025C154,2019-10-23,2019-10-23 09:35:36,0.81,0.7641,20,0.79,0.7452,20,0.8,0.7547,1,0.8,0.7547,134,0
IWM191025C154,2019-10-23,2019-10-23 09:35:36,0.81,0.7641,20,0.79,0.7452,80,0.8,0.7547,1,0.8,0.7547,134,0
IWM191025C154,2019-10-23,2019-10-23 09:35:37,0.82,0.7735,168,0.8,0.7547,83,0.8,0.7547,10,0.81,0.7641,144,10
IWM191025C154,2019-10-23,2019-10-23 09:35:37,0.81,0.7641,20,0.79,0.7452,95,0.8,0.7547,1,0.8,0.7547,134,0
IWM191025C154,2019-10-23,2019-10-23 09:35:38,0.82,0.7735,192,0.8,0.7547,83,0.8,0.7547,10,0.81,0.7641,144,0
IWM191025C154,2019-10-23,2019-10-23 09:35:38,0.82,0.7735,206,0.8,0.7547,83,0.8,0.7547,10,0.81,0.7641,144,0
IWM191025C154,2019-10-23,2019-10-23 09:35:39,0.82,0.7735,272,0.8,0.7547,83,0.8,0.7547,10,0.81,0.7641,144,0
IWM191025C154,2019-10-23,2019-10-23 09:35:39,0.82,0.7735,312,0.8,0.7547,83,0.8,0.7547,10,0.81,0.7641,144,0
IWM191025C154,2019-10-23,2019-10-23 09:35:40,0.82,0.7735,293,0.8,0.7547,83,0.8,0.7547,10,0.81,0.7641,144,0
IWM191025C154,2019-10-23,2019-10-23 09:35:41,0.82,0.7735,293,0.8,0.7547,83,0.8,0.7547,10,0.81,0.7641,144,0
IWM191025C154,2019-10-23,2019-10-23 09:35:41,0.82,0.7735,204,0.8,0.7547,83,0.8,0.7547,10,0.81,0.7641,144,0
IWM191025C154,2019-10-23,2019-10-23 09:35:42,0.82,0.7735,293,0.8,0.7547,83,0.8,0.7547,10,0.81,0.7641,144,0
IWM191025C154,2019-10-23,2019-10-23 09:35:42,0.82,0.7735,214,0.8,0.7547,83,0.8,0.7547,10,0.81,0.7641,144,0
IWM191025C154,2019-10-23,2019-10-23 09:35:43,0.81,0.7641,75,0.79,0.7452,88,0.8,0.7547,10,0.8,0.7547,144,0
IWM191025C154,2019-10-23,2019-10-23 09:35:43,0.82,0.7735,377,0.8,0.7547,83,0.8,0.7547,10,0.81,0.7641,144,0
IWM191025C154,2019-10-23,2019-10-23 09:35:44,0.81,0.7641,373,0.78,0.7358,163,0.8,0.7547,10,0.795,0.75,144,0
IWM191025C154,2019-10-23,2019-10-23 09:35:44,0.81,0.7641,220,0.79,0.7452,72,0.8,0.7547,10,0.8,0.7547,144,0
IWM191025C154,2019-10-23,2019-10-23 09:35:45,0.8,0.7547,10,0.78,0.7358,72,0.8,0.7547,10,0.79,0.7452,144,0
IWM191025C154,2019-10-23,2019-10-23 09:35:45,0.81,0.7641,240,0.78,0.7358,88,0.8,0.7547,10,0.795,0.75,144,0
IWM191025C154,2019-10-23,2019-10-23 09:35:46,0.82,0.7735,94,0.8,0.7547,89,0.8,0.7547,10,0.81,0.7641,144,0
IWM191025C154,2019-10-23,2019-10-23 09:35:46,0.81,0.7641,146,0.78,0.7358,163,0.8,0.7547,10,0.795,0.75,144,0
IWM191025C154,2019-10-23,2019-10-23 09:35:47,0.82,0.7735,77,0.8,0.7547,89,0.8,0.7547,10,0.81,0.7641,144,0
IWM191025C154,2019-10-23,2019-10-23 09:35:48,0.82,0.7735,77,0.81,0.7641,8,0.8,0.7547,10,0.815,0.7688,144,0
IWM191025C154,2019-10-23,2019-10-23 09:35:48,0.82,0.7735,47,0.8,0.7547,173,0.8,0.7547,10,0.81,0.7641,144,0
IWM191025C154,2019-10-23,2019-10-23 09:35:49,0.82,0.7735,47,0.8,0.7547,188,0.8,0.7547,10,0.81,0.7641,144,0
IWM191025C154,2019-10-23,2019-10-23 09:35:49,0.82,0.7735,47,0.8,0.7547,163,0.8,0.7547,10,0.81,0.7641,144,0
IWM191025C154,2019-10-23,2019-10-23 09:35:50,0.84,0.7924,127,0.81,0.7641,208,0.8,0.7547,10,0.825,0.7783,144,0
IWM191025C154,2019-10-23,2019-10-23 09:35:50,0.84,0.7924,286,0.81,0.7641,208,0.8,0.7547,10,0.825,0.7783,144,0
IWM191025C154,2019-10-23,2019-10-23 09:35:51,0.84,0.7924,318,0.81,0.7641,208,0.8,0.7547,10,0.825,0.7783,144,0
IWM191025C154,2019-10-23,2019-10-23 09:35:51,0.83,0.783,351,0.81,0.7641,81,0.8,0.7547,10,0.82,0.7735,144,0
IWM191025C154,2019-10-23,2019-10-23 09:35:52,0.83,0.783,351,0.81,0.7641,8,0.8,0.7547,10,0.82,0.7735,144,0
IWM191025C154,2019-10-23,2019-10-23 09:35:52,0.83,0.783,196,0.81,0.7641,59,0.8,0.7547,10,0.82,0.7735,144,0
IWM191025C154,2019-10-23,2019-10-23 09:35:53,0.83,0.783,185,0.81,0.7641,59,0.8,0.7547,10,0.82,0.7735,144,0
IWM191025C154,2019-10-23,2019-10-23 09:35:53,0.83,0.783,197,0.81,0.7641,59,0.8,0.7547,10,0.82,0.7735,144,0
IWM191025C154,2019-10-23,2019-10-23 09:35:54,0.83,0.783,230,0.81,0.7641,59,0.8,0.7547,10,0.82,0.7735,144,0
IWM191025C154,2019-10-23,2019-10-23 09:35:54,0.83,0.783,314,0.81,0.7641,47,0.8,0.7547,10,0.82,0.7735,144,0
IWM191025C154,2019-10-23,2019-10-23 09:35:55,0.83,0.783,205,0.81,0.7641,59,0.8,0.7547,10,0.82,0.7735,144,0
IWM191025C154,2019-10-23,2019-10-23 09:35:56,0.82,0.7735,183,0.81,0.7641,59,0.8,0.7547,10,0.815,0.7688,144,0
IWM191025C154,2019-10-23,2019-10-23 09:35:57,0.82,0.7735,255,0.79,0.7452,70,0.8,0.7547,10,0.805,0.7594,144,0
IWM191025C154,2019-10-23,2019-10-23 09:35:57,0.82,0.7735,267,0.8,0.7547,82,0.8,0.7547,10,0.81,0.7641,144,0
IWM191025C154,2019-10-23,2019-10-23 09:35:58,0.82,0.7735,375,0.79,0.7452,70,0.8,0.7547,10,0.805,0.7594,144,0
IWM191025C154,2019-10-23,2019-10-23 09:35:59,0.83,0.783,86,0.8,0.7547,108,0.8,0.7547,10,0.815,0.7688,144,0
IWM191025C154,2019-10-23,2019-10-23 09:35:59,0.81,0.7641,82,0.79,0.7452,70,0.8,0.7547,10,0.8,0.7547,144,0
IWM191025C154,2019-10-23,2019-10-23 09:36:00,0.83,0.783,138,0.81,0.7641,29,0.8,0.7547,10,0.82,0.7735,144,0
IWM191025C154,2019-10-23,2019-10-23 09:36:00,0.83,0.783,109,0.81,0.7641,8,0.8,0.7547,10,0.82,0.7735,144,0
IWM191025C154,2019-10-23,2019-10-23 09:36:01,0.83,0.783,177,0.81,0.7641,29,0.8,0.7547,10,0.82,0.7735,144,0
IWM191025C154,2019-10-23,2019-10-23 09:36:01,0.83,0.783,168,0.81,0.7641,29,0.8,0.7547,10,0.82,0.7735,144,0
IWM191025C154,2019-10-23,2019-10-23 09:36:02,0.83,0.783,160,0.81,0.7641,29,0.8,0.7547,10,0.82,0.7735,144,0
IWM191025C154,2019-10-23,2019-10-23 09:36:03,0.83,0.783,162,0.81,0.7641,29,0.8,0.7547,10,0.82,0.7735,144,0
IWM191025C154,2019-10-23,2019-10-23 09:36:03,0.83,0.783,160,0.81,0.7641,29,0.8,0.7547,10,0.82,0.7735,144,0
IWM191025C154,2019-10-23,2019-10-23 09:36:04,0.83,0.783,162,0.81,0.7641,29,0.8,0.7547,10,0.82,0.7735,144,0
IWM191025C154,2019-10-23,2019-10-23 09:36:04,0.82,0.7735,114,0.8,0.7547,16,0.8,0.7547,10,0.81,0.7641,144,0
IWM191025C154,2019-10-23,2019-10-23 09:36:05,0.82,0.7735,114,0.8,0.7547,37,0.8,0.7547,10,0.81,0.7641,144,0
IWM191025C154,2019-10-23,2019-10-23 09:36:05,0.81,0.7641,101,0.79,0.7452,81,0.8,0.7547,10,0.8,0.7547,144,0
IWM191025C154,2019-10-23,2019-10-23 09:36:06,0.81,0.7641,289,0.78,0.7358,54,0.8,0.7547,10,0.795,0.75,144,0
IWM191025C154,2019-10-23,2019-10-23 09:36:06,0.81,0.7641,137,0.79,0.7452,89,0.8,0.7547,10,0.8,0.7547,144,0
IWM191025C154,2019-10-23,2019-10-23 09:36:07,0.8,0.7547,169,0.78,0.7358,20,0.8,0.7547,10,0.79,0.7452,144,0
IWM191025C154,2019-10-23,2019-10-23 09:36:07,0.81,0.7641,374,0.78,0.7358,1,0.8,0.7547,10,0.795,0.75,144,0
IWM191025C154,2019-10-23,2019-10-23 09:36:08,0.78,0.7358,20,0.76,0.7169,80,0.8,0.7547,10,0.77,0.7264,144,0
IWM191025C154,2019-10-23,2019-10-23 09:36:08,0.79,0.7452,223,0.76,0.7169,80,0.8,0.7547,10,0.775,0.7311,144,0
IWM191025C154,2019-10-23,2019-10-23 09:36:09,0.78,0.7358,100,0.76,0.7169,50,0.8,0.7547,10,0.77,0.7264,144,0
IWM191025C154,2019-10-23,2019-10-23 09:36:10,0.79,0.7452,130,0.77,0.7264,30,0.8,0.7547,10,0.78,0.7358,144,0
IWM191025C154,2019-10-23,2019-10-23 09:36:10,0.78,0.7358,179,0.77,0.7264,12,0.8,0.7547,10,0.775,0.7311,144,0
IWM191025C154,2019-10-23,2019-10-23 09:36:11,0.79,0.7452,194,0.77,0.7264,30,0.8,0.7547,10,0.78,0.7358,144,0
IWM191025C154,2019-10-23,2019-10-23 09:36:11,0.78,0.7358,1,0.77,0.7264,30,0.8,0.7547,10,0.775,0.7311,144,0
IWM191025C154,2019-10-23,2019-10-23 09:36:12,0.79,0.7452,234,0.77,0.7264,8,0.8,0.7547,10,0.78,0.7358,144,0
IWM191025C154,2019-10-23,2019-10-23 09:36:12,0.78,0.7358,41,0.77,0.7264,8,0.8,0.7547,10,0.775,0.7311,144,0
IWM191025C154,2019-10-23,2019-10-23 09:36:13,0.79,0.7452,307,0.76,0.7169,166,0.8,0.7547,10,0.775,0.7311,144,0
IWM191025C154,2019-10-23,2019-10-23 09:36:13,0.79,0.7452,321,0.77,0.7264,8,0.8,0.7547,10,0.78,0.7358,144,0
IWM191025C154,2019-10-23,2019-10-23 09:36:14,0.82,0.7735,100,0.77,0.7264,82,0.8,0.7547,10,0.795,0.75,144,0
IWM191025C154,2019-10-23,2019-10-23 09:36:14,0.82,0.7735,172,0.78,0.7358,45,0.8,0.7547,10,0.8,0.7547,144,0
IWM191025C154,2019-10-23,2019-10-23 09:36:15,0.82,0.7735,288,0.79,0.7452,73,0.8,0.7547,10,0.805,0.7594,144,0
IWM191025C154,2019-10-23,2019-10-23 09:36:15,0.81,0.7641,55,0.78,0.7358,139,0.8,0.7547,10,0.795,0.75,144,0
IWM191025C154,2019-10-23,2019-10-23 09:36:16,0.82,0.7735,288,0.79,0.7452,73,0.8,0.7547,10,0.805,0.7594,144,0
IWM191025C154,2019-10-23,2019-10-23 09:36:16,0.82,0.7735,318,0.79,0.7452,73,0.8,0.7547,10,0.805,0.7594,144,0
IWM191025C154,2019-10-23,2019-10-23 09:36:17,0.82,0.7735,318,0.79,0.7452,73,0.8,0.7547,10,0.805,0.7594,144,0
IWM191025C154,2019-10-23,2019-10-23 09:36:18,0.8,0.7547,75,0.78,0.7358,75,0.8,0.7547,10,0.79,0.7452,144,0
IWM191025C154,2019-10-23,2019-10-23 09:36:18,0.8,0.7547,91,0.78,0.7358,42,0.8,0.7547,10,0.79,0.7452,144,0
IWM191025C154,2019-10-23,2019-10-23 09:36:19,0.8,0.7547,30,0.78,0.7358,25,0.8,0.7547,10,0.79,0.7452,144,0
IWM191025C154,2019-10-23,2019-10-23 09:36:20,0.8,0.7547,30,0.78,0.7358,25,0.8,0.7547,10,0.79,0.7452,144,0
IWM191025C154,2019-10-23,2019-10-23 09:36:20,0.8,0.7547,197,0.78,0.7358,25,0.8,0.7547,10,0.79,0.7452,144,0
IWM191025C154,2019-10-23,2019-10-23 09:36:21,0.81,0.7641,294,0.78,0.7358,141,0.8,0.7547,10,0.795,0.75,144,0
IWM191025C154,2019-10-23,2019-10-23 09:36:21,0.81,0.7641,75,0.78,0.7358,141,0.8,0.7547,10,0.795,0.75,144,0
IWM191025C154,2019-10-23,2019-10-23 09:36:22,0.8,0.7547,92,0.78,0.7358,27,0.8,0.7547,10,0.79,0.7452,144,0
IWM191025C154,2019-10-23,2019-10-23 09:36:22,0.8,0.7547,75,0.78,0.7358,27,0.8,0.7547,10,0.79,0.7452,144,0
IWM191025C154,2019-10-23,2019-10-23 09:36:23,0.8,0.7547,84,0.78,0.7358,43,0.8,0.7547,10,0.79,0.7452,144,0
IWM191025C154,2019-10-23,2019-10-23 09:36:23,0.8,0.7547,99,0.78,0.7358,20,0.8,0.7547,10,0.79,0.7452,144,0
IWM191025C154,2019-10-23,2019-10-23 09:36:24,0.81,0.7641,160,0.78,0.7358,122,0.8,0.7547,10,0.795,0.75,144,0
IWM191025C154,2019-10-23,2019-10-23 09:36:24,0.81,0.7641,84,0.79,0.7452,85,0.8,0.7547,10,0.8,0.7547,144,0
IWM191025C154,2019-10-23,2019-10-23 09:36:25,0.82,0.7735,371,0.79,0.7452,110,0.8,0.7547,10,0.805,0.7594,144,0
IWM191025C154,2019-10-23,2019-10-23 09:36:25,0.82,0.7735,306,0.79,0.7452,324,0.8,0.7547,10,0.805,0.7594,144,0
IWM191025C154,2019-10-23,2019-10-23 09:36:26,0.82,0.7735,306,0.79,0.7452,324,0.8,0.7547,10,0.805,0.7594,144,0
IWM191025C154,2019-10-23,2019-10-23 09:36:26,0.82,0.7735,306,0.8,0.7547,8,0.8,0.7547,10,0.81,0.7641,144,0
IWM191025C154,2019-10-23,2019-10-23 09:36:27,0.82,0.7735,93,0.81,0.7641,15,0.8,0.7547,10,0.815,0.7688,144,0
IWM191025C154,2019-10-23,2019-10-23 09:36:27,0.82,0.7735,416,0.8,0.7547,8,0.8,0.7547,10,0.81,0.7641,144,0
IWM191025C154,2019-10-23,2019-10-23 09:36:28,0.83,0.783,308,0.8,0.7547,75,0.8,0.7547,10,0.815,0.7688,144,0
IWM191025C154,2019-10-23,2019-10-23 09:36:28,0.83,0.783,303,0.8,0.7547,49,0.8,0.7547,10,0.815,0.7688,144,0
IWM191025C154,2019-10-23,2019-10-23 09:36:29,0.83,0.783,301,0.81,0.7641,20,0.8,0.7547,10,0.82,0.7735,144,0
IWM191025C154,2019-10-23,2019-10-23 09:36:29,0.83,0.783,326,0.81,0.7641,20,0.8,0.7547,10,0.82,0.7735,144,0
IWM191025C154,2019-10-23,2019-10-23 09:36:30,0.82,0.7735,93,0.8,0.7547,26,0.8,0.7547,10,0.81,0.7641,144,0
IWM191025C154,2019-10-23,2019-10-23 09:36:30,0.83,0.783,388,0.8,0.7547,90,0.8,0.7547,10,0.815,0.7688,144,0
IWM191025C154,2019-10-23,2019-10-23 09:36:31,0.82,0.7735,60,0.8,0.7547,90,0.8,0.7547,10,0.81,0.7641,144,0
IWM191025C154,2019-10-23,2019-10-23 09:36:31,0.83,0.783,362,0.8,0.7547,90,0.8,0.7547,10,0.815,0.7688,144,0
IWM191025C154,2019-10-23,2019-10-23 09:36:32,0.82,0.7735,100,0.8,0.7547,90,0.8,0.7547,10,0.81,0.7641,144,0
IWM191025C154,2019-10-23,2019-10-23 09:36:32,0.82,0.7735,292,0.8,0.7547,20,0.8,0.7547,10,0.81,0.7641,144,0
IWM191025C154,2019-10-23,2019-10-23 09:36:33,0.82,0.7735,314,0.79,0.7452,24,0.8,0.7547,10,0.805,0.7594,144,0
IWM191025C154,2019-10-23,2019-10-23 09:36:33,0.82,0.7735,268,0.8,0.7547,20,0.8,0.7547,10,0.81,0.7641,144,0
IWM191025C154,2019-10-23,2019-10-23 09:36:34,0.81,0.7641,89,0.79,0.7452,47,0.8,0.7547,10,0.8,0.7547,144,0
IWM191025C154,2019-10-23,2019-10-23 09:36:34,0.81,0.7641,155,0.79,0.7452,47,0.8,0.7547,10,0.8,0.7547,144,0
IWM191025C154,2019-10-23,2019-10-23 09:36:35,0.8,0.7547,39,0.79,0.7452,2,0.8,0.7547,10,0.795,0.75,144,0
IWM191025C154,2019-10-23,2019-10-23 09:36:35,0.8,0.7547,75,0.78,0.7358,38,0.8,0.7547,10,0.79,0.7452,144,0
IWM191025C154,2019-10-23,2019-10-23 09:36:36,0.8,0.7547,75,0.78,0.7358,47,0.8,0.7547,10,0.79,0.7452,144,0
IWM191025C154,2019-10-23,2019-10-23 09:36:36,0.8,0.7547,292,0.78,0.7358,25,0.8,0.7547,10,0.79,0.7452,144,0
IWM191025C154,2019-10-23,2019-10-23 09:36:37,0.8,0.7547,339,0.78,0.7358,5,0.8,0.7547,10,0.79,0.7452,144,0
IWM191025C154,2019-10-23,2019-10-23 09:36:38,0.78,0.7358,18,0.77,0.7264,4,0.8,0.7547,10,0.775,0.7311,144,0
IWM191025C154,2019-10-23,2019-10-23 09:36:38,0.79,0.7452,115,0.77,0.7264,4,0.8,0.7547,10,0.78,0.7358,144,0
IWM191025C154,2019-10-23,2019-10-23 09:36:39,0.78,0.7358,336,0.76,0.7169,15,0.8,0.7547,10,0.77,0.7264,144,0
IWM191025C154,2019-10-23,2019-10-23 09:36:39,0.78,0.7358,282,0.76,0.7169,15,0.8,0.7547,10,0.77,0.7264,144,0
IWM191025C154,2019-10-23,2019-10-23 09:36:40,0.77,0.7264,1,0.75,0.7075,109,0.8,0.7547,10,0.76,0.7169,144,0
IWM191025C154,2019-10-23,2019-10-23 09:36:40,0.78,0.7358,375,0.75,0.7075,157,0.8,0.7547,10,0.765,0.7216,144,0
IWM191025C154,2019-10-23,2019-10-23 09:36:41,0.77,0.7264,75,0.75,0.7075,91,0.8,0.7547,10,0.76,0.7169,144,0
IWM191025C154,2019-10-23,2019-10-23 09:36:41,0.77,0.7264,28,0.75,0.7075,51,0.8,0.7547,10,0.76,0.7169,144,0
IWM191025C154,2019-10-23,2019-10-23 09:36:42,0.77,0.7264,222,0.75,0.7075,51,0.8,0.7547,10,0.76,0.7169,144,0
IWM191025C154,2019-10-23,2019-10-23 09:36:43,0.77,0.7264,377,0.75,0.7075,6,0.8,0.7547,10,0.76,0.7169,144,0
IWM191025C154,2019-10-23,2019-10-23 09:36:43,0.77,0.7264,337,0.75,0.7075,51,0.8,0.7547,10,0.76,0.7169,144,0
IWM191025C154,2019-10-23,2019-10-23 09:36:44,0.77,0.7264,363,0.75,0.7075,6,0.8,0.7547,10,0.76,0.7169,144,0
IWM191025C154,2019-10-23,2019-10-23 09:36:44,0.76,0.7169,146,0.74,0.6981,17,0.8,0.7547,10,0.75,0.7075,144,0
IWM191025C154,2019-10-23,2019-10-23 09:36:45,0.76,0.7169,146,0.74,0.6981,17,0.8,0.7547,10,0.75,0.7075,144,0
IWM191025C154,2019-10-23,2019-10-23 09:36:45,0.76,0.7169,287,0.74,0.6981,17,0.8,0.7547,10,0.75,0.7075,144,0
IWM191025C154,2019-10-23,2019-10-23 09:36:46,0.76,0.7169,282,0.74,0.6981,6,0.8,0.7547,10,0.75,0.7075,144,0
IWM191025C154,2019-10-23,2019-10-23 09:36:46,0.76,0.7169,317,0.74,0.6981,17,0.8,0.7547,10,0.75,0.7075,144,0
IWM191025C154,2019-10-23,2019-10-23 09:36:47,0.76,0.7169,279,0.74,0.6981,17,0.8,0.7547,10,0.75,0.7075,144,0
IWM191025C154,2019-10-23,2019-10-23 09:36:47,0.76,0.7169,239,0.74,0.6981,17,0.8,0.7547,10,0.75,0.7075,144,0
IWM191025C154,2019-10-23,2019-10-23 09:36:48,0.75,0.7075,75,0.74,0.6981,14,0.8,0.7547,10,0.745,0.7028,144,0
IWM191025C154,2019-10-23,2019-10-23 09:36:48,0.75,0.7075,124,0.73,0.6886,23,0.8,0.7547,10,0.74,0.6981,144,0
IWM191025C154,2019-10-23,2019-10-23 09:36:49,0.75,0.7075,307,0.72,0.6792,22,0.8,0.7547,10,0.735,0.6933,144,0
IWM191025C154,2019-10-23,2019-10-23 09:36:49,0.74,0.6981,75,0.72,0.6792,75,0.8,0.7547,10,0.73,0.6886,144,0
IWM191025C154,2019-10-23,2019-10-23 09:36:50,0.74,0.6981,123,0.72,0.6792,16,0.8,0.7547,10,0.73,0.6886,144,0
IWM191025C154,2019-10-23,2019-10-23 09:36:50,0.74,0.6981,181,0.72,0.6792,22,0.8,0.7547,10,0.73,0.6886,144,0
IWM191025C154,2019-10-23,2019-10-23 09:36:51,0.72,0.6792,269,0.7,0.6603,17,0.7,0.6603,3,0.71,0.6698,147,3
IWM191025C154,2019-10-23,2019-10-23 09:36:51,0.73,0.6886,24,0.69,0.6509,102,0.8,0.7547,10,0.71,0.6698,144,0
IWM191025C154,2019-10-23,2019-10-23 09:36:52,0.72,0.6792,131,0.7,0.6603,22,0.7,0.6603,3,0.71,0.6698,147,0
IWM191025C154,2019-10-23,2019-10-23 09:36:52,0.72,0.6792,10,0.7,0.6603,46,0.7,0.6603,3,0.71,0.6698,147,0
IWM191025C154,2019-10-23,2019-10-23 09:36:53,0.73,0.6886,75,0.71,0.6698,81,0.7,0.6603,3,0.72,0.6792,147,0
IWM191025C154,2019-10-23,2019-10-23 09:36:54,0.72,0.6792,75,0.7,0.6603,14,0.7,0.6603,3,0.71,0.6698,147,0
IWM191025C154,2019-10-23,2019-10-23 09:36:54,0.72,0.6792,93,0.7,0.6603,110,0.7,0.6603,3,0.71,0.6698,147,0
IWM191025C154,2019-10-23,2019-10-23 09:36:55,0.72,0.6792,30,0.7,0.6603,99,0.7,0.6603,3,0.71,0.6698,147,0
IWM191025C154,2019-10-23,2019-10-23 09:36:55,0.72,0.6792,20,0.7,0.6603,35,0.7,0.6603,3,0.71,0.6698,147,0
IWM191025C154,2019-10-23,2019-10-23 09:36:56,0.72,0.6792,188,0.7,0.6603,30,0.7,0.6603,3,0.71,0.6698,147,0
IWM191025C154,2019-10-23,2019-10-23 09:36:56,0.72,0.6792,278,0.7,0.6603,30,0.7,0.6603,3,0.71,0.6698,147,0
IWM191025C154,2019-10-23,2019-10-23 09:36:57,0.72,0.6792,310,0.69,0.6509,148,0.7,0.6603,3,0.705,0.665,147,0
IWM191025C154,2019-10-23,2019-10-23 09:36:57,0.72,0.6792,290,0.7,0.6603,9,0.7,0.6603,3,0.71,0.6698,147,0
IWM191025C154,2019-10-23,2019-10-23 09:36:58,0.71,0.6698,175,0.69,0.6509,50,0.7,0.6603,3,0.7,0.6603,147,0
IWM191025C154,2019-10-23,2019-10-23 09:36:58,0.73,0.6886,157,0.7,0.6603,41,0.7,0.6603,3,0.715,0.6745,147,0
IWM191025C154,2019-10-23,2019-10-23 09:36:59,0.73,0.6886,75,0.71,0.6698,9,0.7,0.6603,3,0.72,0.6792,147,0
IWM191025C154,2019-10-23,2019-10-23 09:36:59,0.74,0.6981,176,0.71,0.6698,9,0.7,0.6603,3,0.725,0.6839,147,0
IWM191025C154,2019-10-23,2019-10-23 09:37:00,0.74,0.6981,264,0.71,0.6698,208,0.7,0.6603,3,0.725,0.6839,147,0
IWM191025C154,2019-10-23,2019-10-23 09:37:00,0.74,0.6981,20,0.71,0.6698,414,0.7,0.6603,3,0.725,0.6839,147,0
IWM191025C154,2019-10-23,2019-10-23 09:37:01,0.75,0.7075,357,0.72,0.6792,130,0.7,0.6603,3,0.735,0.6933,147,0
IWM191025C154,2019-10-23,2019-10-23 09:37:01,0.75,0.7075,75,0.72,0.6792,195,0.7,0.6603,3,0.735,0.6933,147,0
IWM191025C154,2019-10-23,2019-10-23 09:37:02,0.74,0.6981,148,0.71,0.6698,86,0.7,0.6603,3,0.725,0.6839,147,0
IWM191025C154,2019-10-23,2019-10-23 09:37:02,0.74,0.6981,248,0.71,0.6698,86,0.7,0.6603,3,0.725,0.6839,147,0
IWM191025C154,2019-10-23,2019-10-23 09:37:03,0.73,0.6886,97,0.71,0.6698,85,0.7,0.6603,3,0.72,0.6792,147,0
IWM191025C154,2019-10-23,2019-10-23 09:37:03,0.74,0.6981,296,0.71,0.6698,86,0.7,0.6603,3,0.725,0.6839,147,0
IWM191025C154,2019-10-23,2019-10-23 09:37:04,0.72,0.6792,75,0.7,0.6603,134,0.7,0.6603,3,0.71,0.6698,147,0
IWM191025C154,2019-10-23,2019-10-23 09:37:04,0.73,0.6886,295,0.71,0.6698,85,0.7,0.6603,3,0.72,0.6792,147,0
IWM191025C154,2019-10-23,2019-10-23 09:37:05,0.73,0.6886,232,0.71,0.6698,35,0.7,0.6603,3,0.72,0.6792,147,0
IWM191025C154,2019-10-23,2019-10-23 09:37:05,0.73,0.6886,347,0.71,0.6698,14,0.7,0.6603,3,0.72,0.6792,147,0
IWM191025C154,2019-10-23,2019-10-23 09:37:06,0.73,0.6886,75,0.71,0.6698,22,0.72,0.6792,1,0.72,0.6792,208,61
IWM191025C154,2019-10-23,2019-10-23 09:37:06,0.73,0.6886,347,0.71,0.6698,14,0.7,0.6603,3,0.72,0.6792,147,0
IWM191025C154,2019-10-23,2019-10-23 09:37:07,0.73,0.6886,75,0.71,0.6698,12,0.72,0.6792,1,0.72,0.6792,208,0
IWM191025C154,2019-10-23,2019-10-23 09:37:07,0.72,0.6792,47,0.71,0.6698,87,0.72,0.6792,1,0.715,0.6745,209,1
IWM191025C154,2019-10-23,2019-10-23 09:37:08,0.74,0.6981,75,0.72,0.6792,81,0.72,0.6792,47,0.73,0.6886,256,47
IWM191025C154,2019-10-23,2019-10-23 09:37:08,0.75,0.7075,160,0.73,0.6886,82,0.72,0.6792,47,0.74,0.6981,256,0
IWM191025C154,2019-10-23,2019-10-23 09:37:09,0.75,0.7075,29,0.72,0.6792,118,0.72,0.6792,47,0.735,0.6933,256,0
IWM191025C154,2019-10-23,2019-10-23 09:37:09,0.75,0.7075,59,0.73,0.6886,82,0.72,0.6792,47,0.74,0.6981,256,0
IWM191025C154,2019-10-23,2019-10-23 09:37:10,0.75,0.7075,110,0.74,0.6981,1,0.72,0.6792,47,0.745,0.7028,256,0
IWM191025C154,2019-10-23,2019-10-23 09:37:10,0.75,0.7075,48,0.74,0.6981,1,0.72,0.6792,47,0.745,0.7028,256,0
IWM191025C154,2019-10-23,2019-10-23 09:37:11,0.76,0.7169,163,0.73,0.6886,332,0.72,0.6792,47,0.745,0.7028,256,0
IWM191025C154,2019-10-23,2019-10-23 09:37:12,0.75,0.7075,75,0.73,0.6886,79,0.72,0.6792,47,0.74,0.6981,256,0
IWM191025C154,2019-10-23,2019-10-23 09:37:12,0.75,0.7075,75,0.73,0.6886,17,0.72,0.6792,47,0.74,0.6981,256,0
IWM191025C154,2019-10-23,2019-10-23 09:37:13,0.75,0.7075,75,0.73,0.6886,10,0.72,0.6792,47,0.74,0.6981,256,0
IWM191025C154,2019-10-23,2019-10-23 09:37:13,0.75,0.7075,263,0.73,0.6886,17,0.72,0.6792,47,0.74,0.6981,256,0
IWM191025C154,2019-10-23,2019-10-23 09:37:14,0.76,0.7169,75,0.73,0.6886,82,0.72,0.6792,47,0.745,0.7028,256,0
IWM191025C154,2019-10-23,2019-10-23 09:37:14,0.76,0.7169,75,0.74,0.6981,106,0.72,0.6792,47,0.75,0.7075,256,0
IWM191025C154,2019-10-23,2019-10-23 09:37:15,0.77,0.7264,137,0.74,0.6981,198,0.72,0.6792,47,0.755,0.7122,256,0
IWM191025C154,2019-10-23,2019-10-23 09:37:15,0.76,0.7169,26,0.74,0.6981,106,0.72,0.6792,47,0.75,0.7075,256,0
IWM191025C154,2019-10-23,2019-10-23 09:37:16,0.77,0.7264,137,0.74,0.6981,198,0.72,0.6792,47,0.755,0.7122,256,0
IWM191025C154,2019-10-23,2019-10-23 09:37:16,0.77,0.7264,137,0.75,0.7075,92,0.72,0.6792,47,0.76,0.7169,256,0
IWM191025C154,2019-10-23,2019-10-23 09:37:17,0.77,0.7264,75,0.75,0.7075,22,0.72,0.6792,47,0.76,0.7169,256,0
IWM191025C154,2019-10-23,2019-10-23 09:37:17,0.77,0.7264,124,0.75,0.7075,22,0.72,0.6792,47,0.76,0.7169,256,0
IWM191025C154,2019-10-23,2019-10-23 09:37:18,0.76,0.7169,111,0.74,0.6981,97,0.72,0.6792,47,0.75,0.7075,256,0
IWM191025C154,2019-10-23,2019-10-23 09:37:18,0.77,0.7264,124,0.75,0.7075,29,0.72,0.6792,47,0.76,0.7169,256,0
IWM191025C154,2019-10-23,2019-10-23 09:37:19,0.77,0.7264,242,0.74,0.6981,261,0.72,0.6792,47,0.755,0.7122,256,0
IWM191025C154,2019-10-23,2019-10-23 09:37:19,0.77,0.7264,279,0.74,0.6981,199,0.72,0.6792,47,0.755,0.7122,256,0
IWM191025C154,2019-10-23,2019-10-23 09:37:20,0.79,0.7452,75,0.77,0.7264,90,0.72,0.6792,47,0.78,0.7358,256,0
IWM191025C154,2019-10-23,2019-10-23 09:37:20,0.79,0.7452,115,0.77,0.7264,90,0.72,0.6792,47,0.78,0.7358,256,0
IWM191025C154,2019-10-23,2019-10-23 09:37:21,0.79,0.7452,125,0.77,0.7264,92,0.72,0.6792,47,0.78,0.7358,256,0
IWM191025C154,2019-10-23,2019-10-23 09:37:21,0.79,0.7452,125,0.78,0.7358,17,0.72,0.6792,47,0.785,0.7405,256,0
IWM191025C154,2019-10-23,2019-10-23 09:37:22,0.79,0.7452,102,0.77,0.7264,81,0.72,0.6792,47,0.78,0.7358,256,0
IWM191025C154,2019-10-23,2019-10-23 09:37:22,0.79,0.7452,25,0.77,0.7264,167,0.72,0.6792,47,0.78,0.7358,256,0
IWM191025C154,2019-10-23,2019-10-23 09:37:23,0.79,0.7452,25,0.77,0.7264,167,0.72,0.6792,47,0.78,0.7358,256,0
IWM191025C154,2019-10-23,2019-10-23 09:37:24,0.8,0.7547,339,0.77,0.7264,204,0.72,0.6792,47,0.785,0.7405,256,0
IWM191025C154,2019-10-23,2019-10-23 09:37:24,0.8,0.7547,115,0.77,0.7264,204,0.72,0.6792,47,0.785,0.7405,256,0
IWM191025C154,2019-10-23,2019-10-23 09:37:25,0.8,0.7547,162,0.77,0.7264,37,0.72,0.6792,47,0.785,0.7405,256,0
IWM191025C154,2019-10-23,2019-10-23 09:37:25,0.79,0.7452,99,0.77,0.7264,204,0.72,0.6792,47,0.78,0.7358,256,0
IWM191025C154,2019-10-23,2019-10-23 09:37:26,0.8,0.7547,289,0.77,0.7264,388,0.72,0.6792,47,0.785,0.7405,256,0
IWM191025C154,2019-10-23,2019-10-23 09:37:26,0.8,0.7547,305,0.77,0.7264,231,0.72,0.6792,47,0.785,0.7405,256,0
IWM191025C154,2019-10-23,2019-10-23 09:37:27,0.82,0.7735,146,0.78,0.7358,367,0.72,0.6792,47,0.8,0.7547,256,0
IWM191025C154,2019-10-23,2019-10-23 09:37:28,0.82,0.7735,35,0.79,0.7452,33,0.72,0.6792,47,0.805,0.7594,256,0
IWM191025C154,2019-10-23,2019-10-23 09:37:28,0.83,0.783,82,0.81,0.7641,81,0.72,0.6792,47,0.82,0.7735,256,0
IWM191025C154,2019-10-23,2019-10-23 09:37:29,0.83,0.783,88,0.81,0.7641,81,0.72,0.6792,47,0.82,0.7735,256,0
IWM191025C154,2019-10-23,2019-10-23 09:37:30,0.83,0.783,88,0.81,0.7641,81,0.72,0.6792,47,0.82,0.7735,256,0
IWM191025C154,2019-10-23,2019-10-23 09:37:30,0.83,0.783,25,0.81,0.7641,81,0.72,0.6792,47,0.82,0.7735,256,0
IWM191025C154,2019-10-23,2019-10-23 09:37:31,0.85,0.8018,155,0.81,0.7641,81,0.72,0.6792,47,0.83,0.783,256,0
IWM191025C154,2019-10-23,2019-10-23 09:37:31,0.85,0.8018,82,0.83,0.783,58,0.72,0.6792,47,0.84,0.7924,256,0
IWM191025C154,2019-10-23,2019-10-23 09:37:32,0.86,0.8113,146,0.83,0.783,92,0.72,0.6792,47,0.845,0.7971,256,0
IWM191025C154,2019-10-23,2019-10-23 09:37:32,0.86,0.8113,285,0.83,0.783,155,0.72,0.6792,47,0.845,0.7971,256,0
IWM191025C154,2019-10-23,2019-10-23 09:37:33,0.85,0.8018,172,0.84,0.7924,14,0.72,0.6792,47,0.845,0.7971,256,0
IWM191025C154,2019-10-23,2019-10-23 09:37:34,0.84,0.7924,115,0.82,0.7735,17,0.72,0.6792,47,0.83,0.783,256,0
IWM191025C154,2019-10-23,2019-10-23 09:37:35,0.84,0.7924,19,0.82,0.7735,56,0.72,0.6792,47,0.83,0.783,256,0
IWM191025C154,2019-10-23,2019-10-23 09:37:35,0.84,0.7924,90,0.82,0.7735,92,0.72,0.6792,47,0.83,0.783,256,0
IWM191025C154,2019-10-23,2019-10-23 09:37:36,0.84,0.7924,23,0.82,0.7735,92,0.72,0.6792,47,0.83,0.783,256,0
IWM191025C154,2019-10-23,2019-10-23 09:37:36,0.84,0.7924,23,0.82,0.7735,97,0.72,0.6792,47,0.83,0.783,256,0
IWM191025C154,2019-10-23,2019-10-23 09:37:37,0.84,0.7924,131,0.82,0.7735,92,0.72,0.6792,47,0.83,0.783,256,0
IWM191025C154,2019-10-23,2019-10-23 09:37:37,0.84,0.7924,124,0.82,0.7735,92,0.72,0.6792,47,0.83,0.783,256,0
IWM191025C154,2019-10-23,2019-10-23 09:37:38,0.84,0.7924,99,0.81,0.7641,117,0.72,0.6792,47,0.825,0.7783,256,0
IWM191025C154,2019-10-23,2019-10-23 09:37:38,0.84,0.7924,219,0.82,0.7735,92,0.72,0.6792,47,0.83,0.783,256,0
IWM191025C154,2019-10-23,2019-10-23 09:37:39,0.85,0.8018,138,0.83,0.783,64,0.72,0.6792,47,0.84,0.7924,256,0
IWM191025C154,2019-10-23,2019-10-23 09:37:39,0.85,0.8018,143,0.82,0.7735,261,0.72,0.6792,47,0.835,0.7877,256,0
IWM191025C154,2019-10-23,2019-10-23 09:37:40,0.85,0.8018,207,0.83,0.783,64,0.72,0.6792,47,0.84,0.7924,256,0
IWM191025C154,2019-10-23,2019-10-23 09:37:40,0.85,0.8018,20,0.83,0.783,119,0.72,0.6792,47,0.84,0.7924,256,0
IWM191025C154,2019-10-23,2019-10-23 09:37:41,0.86,0.8113,294,0.83,0.783,291,0.72,0.6792,47,0.845,0.7971,256,0
IWM191025C154,2019-10-23,2019-10-23 09:37:41,0.86,0.8113,365,0.83,0.783,363,0.72,0.6792,47,0.845,0.7971,256,0
IWM191025C154,2019-10-23,2019-10-23 09:37:42,0.86,0.8113,115,0.83,0.783,283,0.72,0.6792,47,0.845,0.7971,256,0
IWM191025C154,2019-10-23,2019-10-23 09:37:42,0.88,0.8301,181,0.83,0.783,283,0.72,0.6792,47,0.855,0.8066,256,0
IWM191025C154,2019-10-23,2019-10-23 09:37:43,0.89,0.8396,40,0.86,0.8113,256,0.72,0.6792,47,0.875,0.8254,256,0
IWM191025C154,2019-10-23,2019-10-23 09:37:43,0.88,0.8301,187,0.87,0.8207,14,0.72,0.6792,47,0.875,0.8254,256,0
IWM191025C154,2019-10-23,2019-10-23 09:37:44,0.89,0.8396,329,0.87,0.8207,57,0.72,0.6792,47,0.88,0.8301,256,0
IWM191025C154,2019-10-23,2019-10-23 09:37:44,0.89,0.8396,115,0.86,0.8113,290,0.72,0.6792,47,0.875,0.8254,256,0
IWM191025C154,2019-10-23,2019-10-23 09:37:45,0.89,0.8396,440,0.86,0.8113,20,0.72,0.6792,47,0.875,0.8254,256,0
IWM191025C154,2019-10-23,2019-10-23 09:37:45,0.89,0.8396,236,0.87,0.8207,27,0.72,0.6792,47,0.88,0.8301,256,0
IWM191025C154,2019-10-23,2019-10-23 09:37:46,0.88,0.8301,123,0.86,0.8113,20,0.72,0.6792,47,0.87,0.8207,256,0
IWM191025C154,2019-10-23,2019-10-23 09:37:46,0.87,0.8207,11,0.86,0.8113,20,0.72,0.6792,47,0.865,0.816,256,0
IWM191025C154,2019-10-23,2019-10-23 09:37:47,0.87,0.8207,93,0.85,0.8018,35,0.72,0.6792,47,0.86,0.8113,256,0
IWM191025C154,2019-10-23,2019-10-23 09:37:48,0.87,0.8207,33,0.85,0.8018,75,0.72,0.6792,47,0.86,0.8113,256,0
IWM191025C154,2019-10-23,2019-10-23 09:37:48,0.87,0.8207,113,0.85,0.8018,35,0.72,0.6792,47,0.86,0.8113,256,0
IWM191025C154,2019-10-23,2019-10-23 09:37:49,0.87,0.8207,105,0.85,0.8018,75,0.72,0.6792,47,0.86,0.8113,256,0
IWM191025C154,2019-10-23,2019-10-23 09:37:49,0.87,0.8207,67,0.85,0.8018,75,0.72,0.6792,47,0.86,0.8113,256,0
IWM191025C154,2019-10-23,2019-10-23 09:37:50,0.87,0.8207,348,0.84,0.7924,17,0.72,0.6792,47,0.855,0.8066,256,0
IWM191025C154,2019-10-23,2019-10-23 09:37:50,0.87,0.8207,222,0.84,0.7924,17,0.72,0.6792,47,0.855,0.8066,256,0
IWM191025C154,2019-10-23,2019-10-23 09:37:51,0.87,0.8207,521,0.84,0.7924,29,0.72,0.6792,47,0.855,0.8066,256,0
IWM191025C154,2019-10-23,2019-10-23 09:37:51,0.86,0.8113,221,0.84,0.7924,19,0.72,0.6792,47,0.85,0.8018,256,0
IWM191025C154,2019-10-23,2019-10-23 09:37:52,0.86,0.8113,221,0.84,0.7924,19,0.72,0.6792,47,0.85,0.8018,256,0
IWM191025C154,2019-10-23,2019-10-23 09:37:52,0.86,0.8113,115,0.82,0.7735,211,0.72,0.6792,47,0.84,0.7924,256,0
IWM191025C154,2019-10-23,2019-10-23 09:37:53,0.86,0.8113,169,0.82,0.7735,211,0.72,0.6792,47,0.84,0.7924,256,0
IWM191025C154,2019-10-23,2019-10-23 09:37:53,0.85,0.8018,72,0.83,0.783,75,0.72,0.6792,47,0.84,0.7924,256,0
IWM191025C154,2019-10-23,2019-10-23 09:37:54,0.85,0.8018,20,0.83,0.783,85,0.72,0.6792,47,0.84,0.7924,256,0
IWM191025C154,2019-10-23,2019-10-23 09:37:54,0.85,0.8018,20,0.84,0.7924,8,0.72,0.6792,47,0.845,0.7971,256,0
IWM191025C154,2019-10-23,2019-10-23 09:37:55,0.86,0.8113,53,0.84,0.7924,105,0.72,0.6792,47,0.85,0.8018,256,0
IWM191025C154,2019-10-23,2019-10-23 09:37:55,0.86,0.8113,50,0.84,0.7924,8,0.72,0.6792,47,0.85,0.8018,256,0
IWM191025C154,2019-10-23,2019-10-23 09:37:56,0.87,0.8207,3,0.84,0.7924,105,0.72,0.6792,47,0.855,0.8066,256,0
IWM191025C154,2019-10-23,2019-10-23 09:37:56,0.87,0.8207,20,0.84,0.7924,236,0.72,0.6792,47,0.855,0.8066,256,0
IWM191025C154,2019-10-23,2019-10-23 09:37:57,0.87,0.8207,143,0.84,0.7924,139,0.72,0.6792,47,0.855,0.8066,256,0
IWM191025C154,2019-10-23,2019-10-23 09:37:57,0.87,0.8207,237,0.84,0.7924,36,0.72,0.6792,47,0.855,0.8066,256,0
IWM191025C154,2019-10-23,2019-10-23 09:37:58,0.85,0.8018,368,0.82,0.7735,20,0.72,0.6792,47,0.835,0.7877,256,0
IWM191025C154,2019-10-23,2019-10-23 09:37:58,0.86,0.8113,383,0.82,0.7735,61,0.72,0.6792,47,0.84,0.7924,256,0
IWM191025C154,2019-10-23,2019-10-23 09:37:59,0.84,0.7924,52,0.82,0.7735,32,0.72,0.6792,47,0.83,0.783,256,0
IWM191025C154,2019-10-23,2019-10-23 09:37:59,0.84,0.7924,39,0.82,0.7735,32,0.72,0.6792,47,0.83,0.783,256,0
IWM191025C154,2019-10-23,2019-10-23 09:38:00,0.86,0.8113,181,0.82,0.7735,37,0.72,0.6792,47,0.84,0.7924,256,0
IWM191025C154,2019-10-23,2019-10-23 09:38:00,0.86,0.8113,224,0.83,0.783,95,0.72,0.6792,47,0.845,0.7971,256,0
IWM191025C154,2019-10-23,2019-10-23 09:38:01,0.86,0.8113,264,0.83,0.783,95,0.72,0.6792,47,0.845,0.7971,256,0
IWM191025C154,2019-10-23,2019-10-23 09:38:01,0.86,0.8113,280,0.83,0.783,95,0.72,0.6792,47,0.845,0.7971,256,0
IWM191025C154,2019-10-23,2019-10-23 09:38:02,0.85,0.8018,209,0.83,0.783,29,0.72,0.6792,47,0.84,0.7924,256,0
IWM191025C154,2019-10-23,2019-10-23 09:38:02,0.85,0.8018,182,0.83,0.783,29,0.72,0.6792,47,0.84,0.7924,256,0
IWM191025C154,2019-10-23,2019-10-23 09:38:03,0.84,0.7924,10,0.83,0.783,8,0.72,0.6792,47,0.835,0.7877,256,0
IWM191025C154,2019-10-23,2019-10-23 09:38:03,0.84,0.7924,20,0.83,0.783,8,0.72,0.6792,47,0.835,0.7877,256,0
IWM191025C154,2019-10-23,2019-10-23 09:38:04,0.84,0.7924,41,0.82,0.7735,93,0.72,0.6792,47,0.83,0.783,256,0
IWM191025C154,2019-10-23,2019-10-23 09:38:04,0.85,0.8018,167,0.82,0.7735,310,0.72,0.6792,47,0.835,0.7877,256,0
IWM191025C154,2019-10-23,2019-10-23 09:38:05,0.86,0.8113,90,0.82,0.7735,93,0.72,0.6792,47,0.84,0.7924,256,0
IWM191025C154,2019-10-23,2019-10-23 09:38:06,0.84,0.7924,107,0.82,0.7735,23,0.72,0.6792,47,0.83,0.783,256,0
IWM191025C154,2019-10-23,2019-10-23 09:38:06,0.85,0.8018,187,0.83,0.783,27,0.72,0.6792,47,0.84,0.7924,256,0
IWM191025C154,2019-10-23,2019-10-23 09:38:07,0.85,0.8018,192,0.82,0.7735,270,0.72,0.6792,47,0.835,0.7877,256,0
IWM191025C154,2019-10-23,2019-10-23 09:38:07,0.85,0.8018,105,0.83,0.783,55,0.72,0.6792,47,0.84,0.7924,256,0
IWM191025C154,2019-10-23,2019-10-23 09:38:08,0.85,0.8018,157,0.83,0.783,47,0.72,0.6792,47,0.84,0.7924,256,0
IWM191025C154,2019-10-23,2019-10-23 09:38:09,0.87,0.8207,116,0.84,0.7924,114,0.72,0.6792,47,0.855,0.8066,256,0
IWM191025C154,2019-10-23,2019-10-23 09:38:09,0.87,0.8207,115,0.85,0.8018,14,0.72,0.6792,47,0.86,0.8113,256,0
IWM191025C154,2019-10-23,2019-10-23 09:38:10,0.87,0.8207,385,0.84,0.7924,60,0.72,0.6792,47,0.855,0.8066,256,0
IWM191025C154,2019-10-23,2019-10-23 09:38:10,0.86,0.8113,4,0.84,0.7924,186,0.72,0.6792,47,0.85,0.8018,256,0
IWM191025C154,2019-10-23,2019-10-23 09:38:11,0.86,0.8113,4,0.84,0.7924,289,0.72,0.6792,47,0.85,0.8018,256,0
IWM191025C154,2019-10-23,2019-10-23 09:38:11,0.86,0.8113,19,0.84,0.7924,95,0.72,0.6792,47,0.85,0.8018,256,0
IWM191025C154,2019-10-23,2019-10-23 09:38:12,0.86,0.8113,128,0.84,0.7924,35,0.72,0.6792,47,0.85,0.8018,256,0
IWM191025C154,2019-10-23,2019-10-23 09:38:12,0.86,0.8113,147,0.84,0.7924,33,0.72,0.6792,47,0.85,0.8018,256,0
IWM191025C154,2019-10-23,2019-10-23 09:38:13,0.86,0.8113,315,0.83,0.783,267,0.72,0.6792,47,0.845,0.7971,256,0
IWM191025C154,2019-10-23,2019-10-23 09:38:13,0.86,0.8113,248,0.83,0.783,347,0.72,0.6792,47,0.845,0.7971,256,0
IWM191025C154,2019-10-23,2019-10-23 09:38:14,0.86,0.8113,84,0.84,0.7924,28,0.72,0.6792,47,0.85,0.8018,256,0
IWM191025C154,2019-10-23,2019-10-23 09:38:14,0.87,0.8207,101,0.85,0.8018,82,0.72,0.6792,47,0.86,0.8113,256,0
IWM191025C154,2019-10-23,2019-10-23 09:38:15,0.86,0.8113,113,0.84,0.7924,9,0.72,0.6792,47,0.85,0.8018,256,0
IWM191025C154,2019-10-23,2019-10-23 09:38:15,0.87,0.8207,148,0.85,0.8018,10,0.72,0.6792,47,0.86,0.8113,256,0
IWM191025C154,2019-10-23,2019-10-23 09:38:16,0.86,0.8113,18,0.84,0.7924,168,0.72,0.6792,47,0.85,0.8018,256,0
IWM191025C154,2019-10-23,2019-10-23 09:38:16,0.86,0.8113,18,0.84,0.7924,193,0.72,0.6792,47,0.85,0.8018,256,0
IWM191025C154,2019-10-23,2019-10-23 09:38:17,0.87,0.8207,94,0.84,0.7924,363,0.72,0.6792,47,0.855,0.8066,256,0
IWM191025C154,2019-10-23,2019-10-23 09:38:17,0.86,0.8113,18,0.84,0.7924,253,0.72,0.6792,47,0.85,0.8018,256,0
IWM191025C154,2019-10-23,2019-10-23 09:38:18,0.87,0.8207,194,0.84,0.7924,422,0.72,0.6792,47,0.855,0.8066,256,0
IWM191025C154,2019-10-23,2019-10-23 09:38:18,0.88,0.8301,153,0.86,0.8113,20,0.72,0.6792,47,0.87,0.8207,256,0
IWM191025C154,2019-10-23,2019-10-23 09:38:19,0.88,0.8301,143,0.86,0.8113,20,0.72,0.6792,47,0.87,0.8207,256,0
IWM191025C154,2019-10-23,2019-10-23 09:38:19,0.88,0.8301,92,0.86,0.8113,73,0.72,0.6792,47,0.87,0.8207,256,0
IWM191025C154,2019-10-23,2019-10-23 09:38:20,0.88,0.8301,92,0.86,0.8113,73,0.72,0.6792,47,0.87,0.8207,256,0
IWM191025C154,2019-10-23,2019-10-23 09:38:20,0.89,0.8396,6,0.87,0.8207,118,0.72,0.6792,47,0.88,0.8301,256,0
IWM191025C154,2019-10-23,2019-10-23 09:38:21,0.9,0.849,130,0.87,0.8207,168,0.72,0.6792,47,0.885,0.8349,256,0
IWM191025C154,2019-10-23,2019-10-23 09:38:21,0.89,0.8396,20,0.87,0.8207,118,0.72,0.6792,47,0.88,0.8301,256,0
IWM191025C154,2019-10-23,2019-10-23 09:38:22,0.9,0.849,148,0.87,0.8207,244,0.72,0.6792,47,0.885,0.8349,256,0
IWM191025C154,2019-10-23,2019-10-23 09:38:22,0.9,0.849,92,0.88,0.8301,23,0.72,0.6792,47,0.89,0.8396,256,0
