symbol,Date,quote_time,ask_price,norm_ask_price,ask_size,bid_price,norm_bid_price,bid_size,last_trade_price,norm_last_trade_price,last_trade_size,mark_price,norm_mark_price,volume,Volume
SPY190508P290,2019-05-06,2019-05-06 09:30:00,2.42,1.0,400,2.11,0.8719,397,2.11,0.8719,5,2.265,0.9359,15,15
SPY190508P290,2019-05-06,2019-05-06 09:33:42,1.62,0.6694,1,1.59,0.657,276,1.68,0.6942,1,1.605,0.6632,617,602
SPY190508P290,2019-05-06,2019-05-06 09:33:44,1.62,0.6694,1,1.59,0.657,307,1.6,0.6611,2,1.605,0.6632,619,2
SPY190508P290,2019-05-06,2019-05-06 09:33:59,1.61,0.6652,38,1.56,0.6446,8,1.6,0.6611,1,1.585,0.6549,623,4
SPY190508P290,2019-05-06,2019-05-06 09:34:00,1.6,0.6611,40,1.55,0.6404,55,1.6,0.6611,1,1.575,0.6508,623,0
SPY190508P290,2019-05-06,2019-05-06 09:34:02,1.6,0.6611,60,1.55,0.6404,86,1.6,0.6611,1,1.575,0.6508,623,0
SPY190508P290,2019-05-06,2019-05-06 09:34:03,1.62,0.6694,11,1.56,0.6446,40,1.59,0.657,6,1.59,0.657,629,6
SPY190508P290,2019-05-06,2019-05-06 09:34:05,1.61,0.6652,195,1.54,0.6363,15,1.59,0.657,6,1.575,0.6508,629,0
SPY190508P290,2019-05-06,2019-05-06 09:34:08,1.62,0.6694,100,1.58,0.6528,86,1.59,0.657,1,1.6,0.6611,630,1
SPY190508P290,2019-05-06,2019-05-06 09:34:10,1.64,0.6776,100,1.6,0.6611,91,1.62,0.6694,1,1.62,0.6694,631,1
SPY190508P290,2019-05-06,2019-05-06 09:34:11,1.64,0.6776,7,1.62,0.6694,55,1.62,0.6694,1,1.63,0.6735,631,0
SPY190508P290,2019-05-06,2019-05-06 09:34:13,1.67,0.69,7,1.63,0.6735,86,1.64,0.6776,1,1.65,0.6818,632,1
SPY190508P290,2019-05-06,2019-05-06 09:34:14,1.67,0.69,7,1.64,0.6776,80,1.64,0.6776,4,1.655,0.6838,644,12
SPY190508P290,2019-05-06,2019-05-06 09:34:16,1.67,0.69,7,1.65,0.6818,20,1.64,0.6776,4,1.66,0.6859,644,0
SPY190508P290,2019-05-06,2019-05-06 09:34:18,1.67,0.69,1,1.65,0.6818,33,1.65,0.6818,6,1.66,0.6859,680,36
SPY190508P290,2019-05-06,2019-05-06 09:34:19,1.67,0.69,85,1.65,0.6818,1,1.66,0.6859,1,1.66,0.6859,681,1
SPY190508P290,2019-05-06,2019-05-06 09:34:21,1.67,0.69,90,1.65,0.6818,1,1.66,0.6859,1,1.66,0.6859,681,0
SPY190508P290,2019-05-06,2019-05-06 09:34:22,1.67,0.69,100,1.65,0.6818,1,1.66,0.6859,5,1.66,0.6859,686,5
SPY190508P290,2019-05-06,2019-05-06 09:34:25,1.67,0.69,1,1.65,0.6818,50,1.65,0.6818,1,1.66,0.6859,689,3
SPY190508P290,2019-05-06,2019-05-06 09:34:27,1.69,0.6983,276,1.67,0.69,1,1.67,0.69,4,1.68,0.6942,707,18
SPY190508P290,2019-05-06,2019-05-06 09:34:28,1.67,0.69,90,1.65,0.6818,1,1.65,0.6818,1,1.66,0.6859,709,2
SPY190508P290,2019-05-06,2019-05-06 09:34:30,1.66,0.6859,321,1.6,0.6611,254,1.64,0.6776,50,1.63,0.6735,761,52
SPY190508P290,2019-05-06,2019-05-06 09:34:32,1.64,0.6776,90,1.6,0.6611,100,1.64,0.6776,50,1.62,0.6694,761,0
SPY190508P290,2019-05-06,2019-05-06 09:34:33,1.64,0.6776,100,1.6,0.6611,50,1.64,0.6776,50,1.62,0.6694,761,0
SPY190508P290,2019-05-06,2019-05-06 09:34:35,1.64,0.6776,6,1.6,0.6611,36,1.63,0.6735,30,1.62,0.6694,851,90
SPY190508P290,2019-05-06,2019-05-06 09:34:37,1.61,0.6652,6,1.58,0.6528,1,1.6,0.6611,16,1.595,0.659,881,30
SPY190508P290,2019-05-06,2019-05-06 09:34:38,1.6,0.6611,100,1.58,0.6528,1,1.6,0.6611,16,1.59,0.657,881,0
SPY190508P290,2019-05-06,2019-05-06 09:34:40,1.6,0.6611,89,1.58,0.6528,1,1.6,0.6611,16,1.59,0.657,881,0
SPY190508P290,2019-05-06,2019-05-06 09:34:42,1.59,0.657,155,1.55,0.6404,100,1.58,0.6528,1,1.57,0.6487,882,1
SPY190508P290,2019-05-06,2019-05-06 09:34:43,1.6,0.6611,100,1.55,0.6404,130,1.6,0.6611,1,1.575,0.6508,885,3
SPY190508P290,2019-05-06,2019-05-06 09:34:45,1.6,0.6611,50,1.56,0.6446,90,1.6,0.6611,1,1.58,0.6528,885,0
SPY190508P290,2019-05-06,2019-05-06 09:34:46,1.61,0.6652,100,1.57,0.6487,100,1.61,0.6652,2,1.59,0.657,887,2
SPY190508P290,2019-05-06,2019-05-06 09:34:48,1.61,0.6652,130,1.57,0.6487,39,1.61,0.6652,2,1.59,0.657,887,0
SPY190508P290,2019-05-06,2019-05-06 09:34:50,1.58,0.6528,11,1.56,0.6446,276,1.61,0.6652,2,1.57,0.6487,887,0
SPY190508P290,2019-05-06,2019-05-06 09:34:51,1.58,0.6528,11,1.53,0.6322,40,1.61,0.6652,2,1.555,0.6425,887,0
SPY190508P290,2019-05-06,2019-05-06 09:34:53,1.58,0.6528,100,1.54,0.6363,50,1.61,0.6652,2,1.56,0.6446,887,0
SPY190508P290,2019-05-06,2019-05-06 09:34:54,1.55,0.6404,90,1.51,0.6239,90,1.61,0.6652,2,1.53,0.6322,887,0
SPY190508P290,2019-05-06,2019-05-06 09:34:56,1.55,0.6404,50,1.52,0.628,90,1.61,0.6652,2,1.535,0.6342,887,0
SPY190508P290,2019-05-06,2019-05-06 09:34:58,1.56,0.6446,100,1.52,0.628,54,1.55,0.6404,1,1.54,0.6363,888,1
SPY190508P290,2019-05-06,2019-05-06 09:35:00,1.56,0.6446,155,1.52,0.628,61,1.55,0.6404,1,1.54,0.6363,888,0
SPY190508P290,2019-05-06,2019-05-06 09:35:01,1.56,0.6446,50,1.52,0.628,130,1.55,0.6404,1,1.54,0.6363,888,0
SPY190508P290,2019-05-06,2019-05-06 09:35:03,1.56,0.6446,2,1.53,0.6322,315,1.54,0.6363,2,1.545,0.6384,891,3
SPY190508P290,2019-05-06,2019-05-06 09:35:05,1.56,0.6446,2,1.54,0.6363,155,1.54,0.6363,2,1.55,0.6404,891,0
SPY190508P290,2019-05-06,2019-05-06 09:35:06,1.58,0.6528,50,1.56,0.6446,1,1.56,0.6446,1,1.57,0.6487,893,2
SPY190508P290,2019-05-06,2019-05-06 09:35:08,1.6,0.6611,50,1.56,0.6446,280,1.58,0.6528,5,1.58,0.6528,898,5
SPY190508P290,2019-05-06,2019-05-06 09:35:10,1.61,0.6652,7,1.56,0.6446,75,1.58,0.6528,1,1.585,0.6549,900,2
SPY190508P290,2019-05-06,2019-05-06 09:35:11,1.6,0.6611,246,1.56,0.6446,90,1.58,0.6528,1,1.58,0.6528,900,0
SPY190508P290,2019-05-06,2019-05-06 09:35:13,1.6,0.6611,100,1.56,0.6446,100,1.58,0.6528,1,1.58,0.6528,900,0
SPY190508P290,2019-05-06,2019-05-06 09:35:14,1.61,0.6652,328,1.56,0.6446,280,1.58,0.6528,1,1.585,0.6549,900,0
SPY190508P290,2019-05-06,2019-05-06 09:35:16,1.61,0.6652,778,1.56,0.6446,90,1.58,0.6528,1,1.585,0.6549,900,0
SPY190508P290,2019-05-06,2019-05-06 09:35:18,1.61,0.6652,778,1.56,0.6446,100,1.58,0.6528,1,1.585,0.6549,900,0
SPY190508P290,2019-05-06,2019-05-06 09:35:20,1.59,0.657,325,1.54,0.6363,280,1.58,0.6528,1,1.565,0.6466,900,0
SPY190508P290,2019-05-06,2019-05-06 09:35:21,1.58,0.6528,55,1.54,0.6363,280,1.59,0.657,1,1.56,0.6446,901,1
SPY190508P290,2019-05-06,2019-05-06 09:35:23,1.58,0.6528,55,1.55,0.6404,90,1.59,0.657,1,1.565,0.6466,901,0
SPY190508P290,2019-05-06,2019-05-06 09:35:24,1.58,0.6528,5,1.55,0.6404,40,1.59,0.657,1,1.565,0.6466,901,0
SPY190508P290,2019-05-06,2019-05-06 09:35:26,1.57,0.6487,20,1.56,0.6446,50,1.57,0.6487,1,1.565,0.6466,902,1
SPY190508P290,2019-05-06,2019-05-06 09:35:28,1.58,0.6528,5,1.57,0.6487,40,1.57,0.6487,10,1.575,0.6508,922,20
SPY190508P290,2019-05-06,2019-05-06 09:35:29,1.6,0.6611,1,1.57,0.6487,90,1.58,0.6528,5,1.585,0.6549,927,5
SPY190508P290,2019-05-06,2019-05-06 09:35:31,1.61,0.6652,7,1.58,0.6528,89,1.59,0.657,38,1.595,0.659,1227,300
SPY190508P290,2019-05-06,2019-05-06 09:35:33,1.61,0.6652,127,1.55,0.6404,100,1.59,0.657,38,1.58,0.6528,1227,0
SPY190508P290,2019-05-06,2019-05-06 09:35:35,1.58,0.6528,10,1.55,0.6404,100,1.57,0.6487,50,1.565,0.6466,1478,251
SPY190508P290,2019-05-06,2019-05-06 09:35:37,1.58,0.6528,60,1.55,0.6404,50,1.58,0.6528,5,1.565,0.6466,1488,10
SPY190508P290,2019-05-06,2019-05-06 09:35:39,1.58,0.6528,90,1.55,0.6404,39,1.58,0.6528,5,1.565,0.6466,1488,0
SPY190508P290,2019-05-06,2019-05-06 09:35:40,1.57,0.6487,50,1.55,0.6404,5,1.57,0.6487,2,1.56,0.6446,1490,2
SPY190508P290,2019-05-06,2019-05-06 09:35:42,1.56,0.6446,100,1.55,0.6404,5,1.56,0.6446,5,1.555,0.6425,1495,5
SPY190508P290,2019-05-06,2019-05-06 09:35:44,1.57,0.6487,100,1.55,0.6404,5,1.56,0.6446,5,1.56,0.6446,1495,0
SPY190508P290,2019-05-06,2019-05-06 09:35:45,1.58,0.6528,60,1.55,0.6404,100,1.56,0.6446,5,1.565,0.6466,1495,0
SPY190508P290,2019-05-06,2019-05-06 09:35:47,1.58,0.6528,60,1.55,0.6404,50,1.56,0.6446,5,1.565,0.6466,1495,0
SPY190508P290,2019-05-06,2019-05-06 09:35:48,1.58,0.6528,280,1.55,0.6404,41,1.56,0.6446,5,1.565,0.6466,1495,0
SPY190508P290,2019-05-06,2019-05-06 09:35:50,1.58,0.6528,280,1.55,0.6404,1,1.55,0.6404,5,1.565,0.6466,1505,10
SPY190508P290,2019-05-06,2019-05-06 09:35:52,1.58,0.6528,280,1.54,0.6363,100,1.55,0.6404,5,1.56,0.6446,1505,0
SPY190508P290,2019-05-06,2019-05-06 09:35:53,1.58,0.6528,155,1.54,0.6363,77,1.55,0.6404,5,1.56,0.6446,1505,0
SPY190508P290,2019-05-06,2019-05-06 09:35:55,1.58,0.6528,280,1.55,0.6404,51,1.55,0.6404,5,1.565,0.6466,1505,0
SPY190508P290,2019-05-06,2019-05-06 09:35:57,1.6,0.6611,225,1.55,0.6404,325,1.55,0.6404,5,1.575,0.6508,1505,0
SPY190508P290,2019-05-06,2019-05-06 09:35:58,1.6,0.6611,225,1.56,0.6446,292,1.55,0.6404,5,1.58,0.6528,1505,0
SPY190508P290,2019-05-06,2019-05-06 09:36:00,1.61,0.6652,67,1.58,0.6528,8,1.55,0.6404,5,1.595,0.659,1505,0
SPY190508P290,2019-05-06,2019-05-06 09:36:02,1.61,0.6652,7,1.58,0.6528,100,1.55,0.6404,5,1.595,0.659,1505,0
SPY190508P290,2019-05-06,2019-05-06 09:36:04,1.61,0.6652,1,1.59,0.657,100,1.61,0.6652,1,1.6,0.6611,1506,1
SPY190508P290,2019-05-06,2019-05-06 09:36:05,1.64,0.6776,180,1.6,0.6611,100,1.61,0.6652,1,1.62,0.6694,1506,0
SPY190508P290,2019-05-06,2019-05-06 09:36:08,1.65,0.6818,196,1.59,0.657,68,1.61,0.6652,1,1.62,0.6694,1506,0
SPY190508P290,2019-05-06,2019-05-06 09:36:10,1.65,0.6818,450,1.58,0.6528,50,1.61,0.6652,1,1.615,0.6673,1507,1
SPY190508P290,2019-05-06,2019-05-06 09:36:11,1.62,0.6694,1,1.6,0.6611,90,1.61,0.6652,1,1.61,0.6652,1507,0
SPY190508P290,2019-05-06,2019-05-06 09:36:13,1.64,0.6776,38,1.59,0.657,80,1.62,0.6694,1,1.615,0.6673,1508,1
SPY190508P290,2019-05-06,2019-05-06 09:36:15,1.65,0.6818,180,1.61,0.6652,8,1.62,0.6694,1,1.63,0.6735,1508,0
SPY190508P290,2019-05-06,2019-05-06 09:36:16,1.64,0.6776,155,1.62,0.6694,5,1.62,0.6694,1,1.63,0.6735,1508,0
SPY190508P290,2019-05-06,2019-05-06 09:36:18,1.64,0.6776,45,1.62,0.6694,11,1.63,0.6735,1,1.63,0.6735,1510,2
SPY190508P290,2019-05-06,2019-05-06 09:36:20,1.66,0.6859,155,1.62,0.6694,29,1.64,0.6776,30,1.64,0.6776,1540,30
SPY190508P290,2019-05-06,2019-05-06 09:36:21,1.66,0.6859,100,1.62,0.6694,5,1.64,0.6776,30,1.64,0.6776,1540,0
SPY190508P290,2019-05-06,2019-05-06 09:36:23,1.65,0.6818,155,1.62,0.6694,5,1.64,0.6776,30,1.635,0.6756,1540,0
SPY190508P290,2019-05-06,2019-05-06 09:36:25,1.66,0.6859,494,1.62,0.6694,11,1.64,0.6776,30,1.64,0.6776,1540,0
SPY190508P290,2019-05-06,2019-05-06 09:36:26,1.65,0.6818,50,1.62,0.6694,50,1.64,0.6776,1,1.635,0.6756,1543,3
SPY190508P290,2019-05-06,2019-05-06 09:36:28,1.66,0.6859,90,1.64,0.6776,1,1.64,0.6776,1,1.65,0.6818,1545,2
SPY190508P290,2019-05-06,2019-05-06 09:36:30,1.65,0.6818,553,1.61,0.6652,38,1.63,0.6735,200,1.63,0.6735,1745,200
SPY190508P290,2019-05-06,2019-05-06 09:36:32,1.64,0.6776,55,1.61,0.6652,80,1.64,0.6776,1,1.625,0.6714,1746,1
SPY190508P290,2019-05-06,2019-05-06 09:36:33,1.64,0.6776,54,1.61,0.6652,8,1.64,0.6776,1,1.625,0.6714,1746,0
SPY190508P290,2019-05-06,2019-05-06 09:36:35,1.63,0.6735,100,1.61,0.6652,8,1.63,0.6735,1,1.62,0.6694,1752,6
SPY190508P290,2019-05-06,2019-05-06 09:36:37,1.63,0.6735,450,1.58,0.6528,2,1.61,0.6652,2,1.605,0.6632,1754,2
SPY190508P290,2019-05-06,2019-05-06 09:36:38,1.6,0.6611,155,1.58,0.6528,8,1.61,0.6652,5,1.59,0.657,1762,8
SPY190508P290,2019-05-06,2019-05-06 09:36:40,1.6,0.6611,100,1.58,0.6528,8,1.59,0.657,1,1.59,0.657,1768,6
SPY190508P290,2019-05-06,2019-05-06 09:36:42,1.6,0.6611,100,1.58,0.6528,8,1.59,0.657,1,1.59,0.657,1768,0
SPY190508P290,2019-05-06,2019-05-06 09:36:43,1.6,0.6611,100,1.58,0.6528,2,1.6,0.6611,2,1.59,0.657,1770,2
SPY190508P290,2019-05-06,2019-05-06 09:36:45,1.6,0.6611,280,1.58,0.6528,2,1.6,0.6611,2,1.59,0.657,1770,0
SPY190508P290,2019-05-06,2019-05-06 09:36:46,1.6,0.6611,280,1.58,0.6528,2,1.6,0.6611,2,1.59,0.657,1770,0
SPY190508P290,2019-05-06,2019-05-06 09:36:48,1.6,0.6611,100,1.58,0.6528,5,1.6,0.6611,2,1.59,0.657,1770,0
SPY190508P290,2019-05-06,2019-05-06 09:36:49,1.59,0.657,280,1.57,0.6487,1,1.58,0.6528,2,1.58,0.6528,1777,7
SPY190508P290,2019-05-06,2019-05-06 09:36:51,1.58,0.6528,87,1.57,0.6487,1,1.58,0.6528,2,1.575,0.6508,1777,0
SPY190508P290,2019-05-06,2019-05-06 09:36:53,1.59,0.657,100,1.57,0.6487,1,1.58,0.6528,2,1.58,0.6528,1777,0
SPY190508P290,2019-05-06,2019-05-06 09:36:54,1.59,0.657,100,1.55,0.6404,280,1.57,0.6487,1,1.57,0.6487,1779,2
SPY190508P290,2019-05-06,2019-05-06 09:36:56,1.61,0.6652,100,1.56,0.6446,66,1.57,0.6487,1,1.585,0.6549,1779,0
SPY190508P290,2019-05-06,2019-05-06 09:36:57,1.6,0.6611,280,1.56,0.6446,90,1.57,0.6487,1,1.58,0.6528,1779,0
SPY190508P290,2019-05-06,2019-05-06 09:36:59,1.6,0.6611,39,1.57,0.6487,90,1.57,0.6487,1,1.585,0.6549,1779,0
SPY190508P290,2019-05-06,2019-05-06 09:37:01,1.59,0.657,2,1.57,0.6487,50,1.57,0.6487,1,1.58,0.6528,1779,0
SPY190508P290,2019-05-06,2019-05-06 09:37:03,1.61,0.6652,100,1.57,0.6487,58,1.59,0.657,2,1.59,0.657,1781,2
SPY190508P290,2019-05-06,2019-05-06 09:37:04,1.61,0.6652,325,1.59,0.657,9,1.59,0.657,2,1.6,0.6611,1781,0
SPY190508P290,2019-05-06,2019-05-06 09:37:06,1.59,0.657,170,1.55,0.6404,8,1.59,0.657,2,1.57,0.6487,1795,14
SPY190508P290,2019-05-06,2019-05-06 09:37:08,1.58,0.6528,90,1.55,0.6404,50,1.59,0.657,2,1.565,0.6466,1795,0
SPY190508P290,2019-05-06,2019-05-06 09:37:09,1.6,0.6611,100,1.55,0.6404,50,1.57,0.6487,25,1.575,0.6508,1820,25
SPY190508P290,2019-05-06,2019-05-06 09:37:11,1.59,0.657,100,1.58,0.6528,2,1.57,0.6487,25,1.585,0.6549,1820,0
SPY190508P290,2019-05-06,2019-05-06 09:37:13,1.6,0.6611,330,1.58,0.6528,2,1.57,0.6487,25,1.59,0.657,1820,0
SPY190508P290,2019-05-06,2019-05-06 09:37:14,1.6,0.6611,90,1.58,0.6528,2,1.57,0.6487,25,1.59,0.657,1820,0
SPY190508P290,2019-05-06,2019-05-06 09:37:16,1.61,0.6652,100,1.57,0.6487,382,1.58,0.6528,1,1.59,0.657,1831,11
SPY190508P290,2019-05-06,2019-05-06 09:37:17,1.61,0.6652,92,1.57,0.6487,358,1.58,0.6528,1,1.59,0.657,1831,0
SPY190508P290,2019-05-06,2019-05-06 09:37:19,1.61,0.6652,50,1.58,0.6528,83,1.58,0.6528,1,1.595,0.659,1831,0
SPY190508P290,2019-05-06,2019-05-06 09:37:21,1.61,0.6652,50,1.58,0.6528,83,1.58,0.6528,1,1.595,0.659,1831,0
SPY190508P290,2019-05-06,2019-05-06 09:37:22,1.61,0.6652,50,1.6,0.6611,10,1.58,0.6528,1,1.605,0.6632,1831,0
SPY190508P290,2019-05-06,2019-05-06 09:37:24,1.61,0.6652,76,1.59,0.657,3,1.6,0.6611,2,1.6,0.6611,1841,10
SPY190508P290,2019-05-06,2019-05-06 09:37:25,1.61,0.6652,100,1.59,0.657,3,1.6,0.6611,2,1.6,0.6611,1841,0
SPY190508P290,2019-05-06,2019-05-06 09:37:27,1.61,0.6652,100,1.59,0.657,3,1.6,0.6611,2,1.6,0.6611,1841,0
SPY190508P290,2019-05-06,2019-05-06 09:37:29,1.61,0.6652,33,1.59,0.657,6,1.59,0.657,1,1.6,0.6611,1853,12
SPY190508P290,2019-05-06,2019-05-06 09:37:30,1.64,0.6776,50,1.59,0.657,50,1.61,0.6652,2,1.615,0.6673,1856,3
SPY190508P290,2019-05-06,2019-05-06 09:37:32,1.64,0.6776,75,1.6,0.6611,100,1.61,0.6652,2,1.62,0.6694,1856,0
SPY190508P290,2019-05-06,2019-05-06 09:37:33,1.64,0.6776,60,1.6,0.6611,100,1.63,0.6735,1,1.62,0.6694,1857,1
SPY190508P290,2019-05-06,2019-05-06 09:37:35,1.64,0.6776,90,1.6,0.6611,100,1.63,0.6735,1,1.62,0.6694,1857,0
SPY190508P290,2019-05-06,2019-05-06 09:37:37,1.64,0.6776,283,1.6,0.6611,100,1.64,0.6776,5,1.62,0.6694,1865,8
SPY190508P290,2019-05-06,2019-05-06 09:37:38,1.64,0.6776,50,1.6,0.6611,100,1.64,0.6776,5,1.62,0.6694,1865,0
SPY190508P290,2019-05-06,2019-05-06 09:37:40,1.64,0.6776,155,1.6,0.6611,50,1.64,0.6776,5,1.62,0.6694,1865,0
SPY190508P290,2019-05-06,2019-05-06 09:37:42,1.64,0.6776,280,1.6,0.6611,2,1.64,0.6776,5,1.62,0.6694,1865,0
SPY190508P290,2019-05-06,2019-05-06 09:37:43,1.63,0.6735,93,1.6,0.6611,33,1.61,0.6652,5,1.615,0.6673,1871,6
SPY190508P290,2019-05-06,2019-05-06 09:37:45,1.63,0.6735,50,1.6,0.6611,50,1.61,0.6652,5,1.615,0.6673,1871,0
SPY190508P290,2019-05-06,2019-05-06 09:37:46,1.64,0.6776,280,1.6,0.6611,100,1.61,0.6652,5,1.62,0.6694,1871,0
SPY190508P290,2019-05-06,2019-05-06 09:37:48,1.63,0.6735,90,1.6,0.6611,50,1.61,0.6652,5,1.615,0.6673,1871,0
SPY190508P290,2019-05-06,2019-05-06 09:37:50,1.61,0.6652,90,1.6,0.6611,2,1.62,0.6694,1,1.605,0.6632,1875,4
SPY190508P290,2019-05-06,2019-05-06 09:37:51,1.61,0.6652,90,1.6,0.6611,2,1.62,0.6694,1,1.605,0.6632,1875,0
SPY190508P290,2019-05-06,2019-05-06 09:37:53,1.63,0.6735,326,1.58,0.6528,312,1.58,0.6528,13,1.605,0.6632,1890,15
SPY190508P290,2019-05-06,2019-05-06 09:37:55,1.63,0.6735,100,1.59,0.657,50,1.58,0.6528,13,1.61,0.6652,1890,0
SPY190508P290,2019-05-06,2019-05-06 09:37:56,1.61,0.6652,155,1.57,0.6487,51,1.58,0.6528,13,1.59,0.657,1890,0
SPY190508P290,2019-05-06,2019-05-06 09:37:58,1.61,0.6652,50,1.57,0.6487,307,1.58,0.6528,13,1.59,0.657,1890,0
SPY190508P290,2019-05-06,2019-05-06 09:37:59,1.62,0.6694,225,1.58,0.6528,90,1.61,0.6652,1,1.6,0.6611,1891,1
SPY190508P290,2019-05-06,2019-05-06 09:38:01,1.62,0.6694,225,1.58,0.6528,100,1.61,0.6652,1,1.6,0.6611,1891,0
SPY190508P290,2019-05-06,2019-05-06 09:38:03,1.63,0.6735,308,1.58,0.6528,72,1.61,0.6652,1,1.605,0.6632,1891,0
SPY190508P290,2019-05-06,2019-05-06 09:38:05,1.62,0.6694,35,1.59,0.657,155,1.61,0.6652,1,1.605,0.6632,1891,0
SPY190508P290,2019-05-06,2019-05-06 09:38:06,1.62,0.6694,90,1.58,0.6528,225,1.61,0.6652,1,1.6,0.6611,1891,0
SPY190508P290,2019-05-06,2019-05-06 09:38:08,1.63,0.6735,90,1.59,0.657,130,1.61,0.6652,1,1.61,0.6652,1891,0
SPY190508P290,2019-05-06,2019-05-06 09:38:09,1.64,0.6776,280,1.6,0.6611,155,1.61,0.6652,1,1.62,0.6694,1891,0
SPY190508P290,2019-05-06,2019-05-06 09:38:11,1.64,0.6776,90,1.6,0.6611,280,1.63,0.6735,6,1.62,0.6694,1901,10
SPY190508P290,2019-05-06,2019-05-06 09:38:14,1.63,0.6735,90,1.59,0.657,325,1.64,0.6776,1,1.61,0.6652,1902,1
SPY190508P290,2019-05-06,2019-05-06 09:38:16,1.63,0.6735,90,1.59,0.657,155,1.64,0.6776,1,1.61,0.6652,1902,0
SPY190508P290,2019-05-06,2019-05-06 09:38:18,1.63,0.6735,90,1.61,0.6652,5,1.64,0.6776,1,1.62,0.6694,1902,0
SPY190508P290,2019-05-06,2019-05-06 09:38:20,1.63,0.6735,90,1.61,0.6652,5,1.63,0.6735,1,1.62,0.6694,1903,1
SPY190508P290,2019-05-06,2019-05-06 09:38:22,1.63,0.6735,50,1.61,0.6652,27,1.63,0.6735,1,1.62,0.6694,1903,0
SPY190508P290,2019-05-06,2019-05-06 09:38:23,1.63,0.6735,90,1.61,0.6652,5,1.63,0.6735,1,1.62,0.6694,1903,0
SPY190508P290,2019-05-06,2019-05-06 09:38:25,1.63,0.6735,90,1.61,0.6652,5,1.63,0.6735,1,1.62,0.6694,1903,0
SPY190508P290,2019-05-06,2019-05-06 09:38:27,1.63,0.6735,90,1.61,0.6652,5,1.63,0.6735,1,1.62,0.6694,1903,0
SPY190508P290,2019-05-06,2019-05-06 09:38:28,1.63,0.6735,50,1.61,0.6652,5,1.63,0.6735,1,1.62,0.6694,1903,0
SPY190508P290,2019-05-06,2019-05-06 09:38:30,1.63,0.6735,46,1.61,0.6652,5,1.63,0.6735,1,1.62,0.6694,1903,0
SPY190508P290,2019-05-06,2019-05-06 09:38:31,1.62,0.6694,155,1.61,0.6652,5,1.63,0.6735,1,1.615,0.6673,1903,0
SPY190508P290,2019-05-06,2019-05-06 09:38:33,1.62,0.6694,100,1.61,0.6652,5,1.63,0.6735,1,1.615,0.6673,1903,0
SPY190508P290,2019-05-06,2019-05-06 09:38:35,1.63,0.6735,326,1.61,0.6652,5,1.63,0.6735,1,1.62,0.6694,1903,0
SPY190508P290,2019-05-06,2019-05-06 09:38:36,1.61,0.6652,100,1.57,0.6487,86,1.61,0.6652,4,1.59,0.657,1912,9
SPY190508P290,2019-05-06,2019-05-06 09:38:38,1.61,0.6652,280,1.57,0.6487,90,1.61,0.6652,4,1.59,0.657,1912,0
SPY190508P290,2019-05-06,2019-05-06 09:38:40,1.61,0.6652,305,1.57,0.6487,90,1.61,0.6652,4,1.59,0.657,1912,0
SPY190508P290,2019-05-06,2019-05-06 09:38:41,1.61,0.6652,305,1.57,0.6487,280,1.61,0.6652,4,1.59,0.657,1912,0
SPY190508P290,2019-05-06,2019-05-06 09:38:43,1.61,0.6652,305,1.57,0.6487,280,1.61,0.6652,4,1.59,0.657,1912,0
SPY190508P290,2019-05-06,2019-05-06 09:38:44,1.61,0.6652,305,1.57,0.6487,51,1.61,0.6652,1,1.59,0.657,1913,1
SPY190508P290,2019-05-06,2019-05-06 09:38:46,1.61,0.6652,326,1.57,0.6487,9,1.61,0.6652,1,1.59,0.657,1913,0
SPY190508P290,2019-05-06,2019-05-06 09:38:47,1.61,0.6652,326,1.57,0.6487,9,1.59,0.657,5,1.59,0.657,1918,5
SPY190508P290,2019-05-06,2019-05-06 09:38:49,1.59,0.657,246,1.57,0.6487,3,1.59,0.657,5,1.58,0.6528,1918,0
SPY190508P290,2019-05-06,2019-05-06 09:38:51,1.58,0.6528,155,1.57,0.6487,3,1.57,0.6487,1,1.575,0.6508,1919,1
SPY190508P290,2019-05-06,2019-05-06 09:38:52,1.57,0.6487,90,1.55,0.6404,5,1.57,0.6487,5,1.56,0.6446,1927,8
SPY190508P290,2019-05-06,2019-05-06 09:38:54,1.58,0.6528,155,1.55,0.6404,5,1.57,0.6487,5,1.565,0.6466,1927,0
SPY190508P290,2019-05-06,2019-05-06 09:38:55,1.57,0.6487,196,1.55,0.6404,5,1.57,0.6487,5,1.56,0.6446,1927,0
SPY190508P290,2019-05-06,2019-05-06 09:38:57,1.56,0.6446,180,1.52,0.628,46,1.55,0.6404,5,1.54,0.6363,1952,25
SPY190508P290,2019-05-06,2019-05-06 09:38:58,1.56,0.6446,38,1.51,0.6239,126,1.55,0.6404,5,1.535,0.6342,1952,0
SPY190508P290,2019-05-06,2019-05-06 09:39:00,1.55,0.6404,50,1.52,0.628,90,1.55,0.6404,5,1.535,0.6342,1952,0
SPY190508P290,2019-05-06,2019-05-06 09:39:02,1.55,0.6404,50,1.52,0.628,130,1.55,0.6404,5,1.535,0.6342,1952,0
SPY190508P290,2019-05-06,2019-05-06 09:39:03,1.55,0.6404,50,1.52,0.628,90,1.55,0.6404,5,1.535,0.6342,1952,0
SPY190508P290,2019-05-06,2019-05-06 09:39:05,1.55,0.6404,326,1.51,0.6239,90,1.55,0.6404,5,1.53,0.6322,1952,0
SPY190508P290,2019-05-06,2019-05-06 09:39:06,1.53,0.6322,100,1.5,0.6198,17,1.55,0.6404,5,1.515,0.626,1952,0
SPY190508P290,2019-05-06,2019-05-06 09:39:08,1.53,0.6322,90,1.5,0.6198,53,1.53,0.6322,10,1.515,0.626,1962,10
SPY190508P290,2019-05-06,2019-05-06 09:39:10,1.53,0.6322,90,1.5,0.6198,40,1.53,0.6322,10,1.515,0.626,1962,0
SPY190508P290,2019-05-06,2019-05-06 09:39:11,1.54,0.6363,350,1.5,0.6198,93,1.53,0.6322,10,1.52,0.628,1962,0
SPY190508P290,2019-05-06,2019-05-06 09:39:13,1.54,0.6363,325,1.5,0.6198,53,1.53,0.6322,10,1.52,0.628,1962,0
SPY190508P290,2019-05-06,2019-05-06 09:39:14,1.54,0.6363,450,1.5,0.6198,53,1.53,0.6322,10,1.52,0.628,1962,0
SPY190508P290,2019-05-06,2019-05-06 09:39:16,1.53,0.6322,280,1.5,0.6198,37,1.53,0.6322,10,1.515,0.626,1962,0
SPY190508P290,2019-05-06,2019-05-06 09:39:17,1.54,0.6363,90,1.52,0.628,1,1.5,0.6198,5,1.53,0.6322,1987,25
SPY190508P290,2019-05-06,2019-05-06 09:39:19,1.54,0.6363,90,1.52,0.628,1,1.5,0.6198,5,1.53,0.6322,1987,0
SPY190508P290,2019-05-06,2019-05-06 09:39:21,1.54,0.6363,325,1.52,0.628,1,1.54,0.6363,2,1.53,0.6322,1989,2
SPY190508P290,2019-05-06,2019-05-06 09:39:22,1.53,0.6322,100,1.52,0.628,1,1.54,0.6363,2,1.525,0.6301,1989,0
SPY190508P290,2019-05-06,2019-05-06 09:39:24,1.53,0.6322,100,1.52,0.628,1,1.54,0.6363,2,1.525,0.6301,1989,0
SPY190508P290,2019-05-06,2019-05-06 09:39:25,1.53,0.6322,155,1.5,0.6198,8,1.52,0.628,10,1.515,0.626,2000,11
SPY190508P290,2019-05-06,2019-05-06 09:39:27,1.52,0.628,30,1.5,0.6198,56,1.52,0.628,10,1.51,0.6239,2000,0
SPY190508P290,2019-05-06,2019-05-06 09:39:29,1.51,0.6239,98,1.5,0.6198,8,1.52,0.628,10,1.505,0.6219,2000,0
SPY190508P290,2019-05-06,2019-05-06 09:39:30,1.52,0.628,325,1.5,0.6198,8,1.52,0.628,10,1.51,0.6239,2000,0
SPY190508P290,2019-05-06,2019-05-06 09:39:32,1.52,0.628,100,1.5,0.6198,8,1.52,0.628,10,1.51,0.6239,2000,0
SPY190508P290,2019-05-06,2019-05-06 09:39:33,1.5,0.6198,77,1.47,0.6074,50,1.5,0.6198,1,1.485,0.6136,2019,19
SPY190508P290,2019-05-06,2019-05-06 09:39:35,1.5,0.6198,130,1.46,0.6033,90,1.5,0.6198,1,1.48,0.6115,2019,0
SPY190508P290,2019-05-06,2019-05-06 09:39:37,1.49,0.6157,100,1.45,0.5991,36,1.5,0.6198,1,1.47,0.6074,2019,0
SPY190508P290,2019-05-06,2019-05-06 09:39:38,1.48,0.6115,90,1.45,0.5991,42,1.5,0.6198,1,1.465,0.6053,2019,0
SPY190508P290,2019-05-06,2019-05-06 09:39:40,1.49,0.6157,100,1.45,0.5991,105,1.46,0.6033,10,1.47,0.6074,2029,10
SPY190508P290,2019-05-06,2019-05-06 09:39:41,1.49,0.6157,45,1.45,0.5991,155,1.46,0.6033,10,1.47,0.6074,2029,0
SPY190508P290,2019-05-06,2019-05-06 09:39:43,1.5,0.6198,100,1.45,0.5991,116,1.46,0.6033,10,1.475,0.6095,2029,0
SPY190508P290,2019-05-06,2019-05-06 09:39:44,1.5,0.6198,330,1.45,0.5991,403,1.46,0.6033,10,1.475,0.6095,2029,0
SPY190508P290,2019-05-06,2019-05-06 09:39:46,1.5,0.6198,117,1.47,0.6074,25,1.46,0.6033,10,1.485,0.6136,2029,0
SPY190508P290,2019-05-06,2019-05-06 09:39:47,1.5,0.6198,335,1.47,0.6074,2,1.46,0.6033,10,1.485,0.6136,2029,0
SPY190508P290,2019-05-06,2019-05-06 09:39:49,1.45,0.5991,86,1.42,0.5867,50,1.45,0.5991,5,1.435,0.5929,2036,7
SPY190508P290,2019-05-06,2019-05-06 09:39:51,1.45,0.5991,330,1.41,0.5826,64,1.45,0.5991,5,1.43,0.5909,2036,0
SPY190508P290,2019-05-06,2019-05-06 09:39:52,1.45,0.5991,285,1.41,0.5826,90,1.44,0.595,1,1.43,0.5909,2037,1
SPY190508P290,2019-05-06,2019-05-06 09:39:54,1.44,0.595,81,1.41,0.5826,90,1.44,0.595,1,1.425,0.5888,2037,0
SPY190508P290,2019-05-06,2019-05-06 09:39:55,1.44,0.595,50,1.41,0.5826,105,1.44,0.595,1,1.425,0.5888,2037,0
SPY190508P290,2019-05-06,2019-05-06 09:39:57,1.44,0.595,1,1.41,0.5826,196,1.44,0.595,1,1.425,0.5888,2039,2
SPY190508P290,2019-05-06,2019-05-06 09:39:58,1.45,0.5991,105,1.43,0.5909,10,1.44,0.595,1,1.44,0.595,2039,0
SPY190508P290,2019-05-06,2019-05-06 09:40:00,1.45,0.5991,100,1.43,0.5909,16,1.45,0.5991,1,1.44,0.595,2040,1
SPY190508P290,2019-05-06,2019-05-06 09:40:01,1.45,0.5991,285,1.43,0.5909,16,1.45,0.5991,1,1.44,0.595,2040,0
SPY190508P290,2019-05-06,2019-05-06 09:40:03,1.45,0.5991,5,1.43,0.5909,16,1.45,0.5991,1,1.44,0.595,2040,0
SPY190508P290,2019-05-06,2019-05-06 09:40:05,1.45,0.5991,5,1.43,0.5909,16,1.45,0.5991,2,1.44,0.595,2042,2
SPY190508P290,2019-05-06,2019-05-06 09:40:06,1.47,0.6074,60,1.43,0.5909,80,1.45,0.5991,3,1.45,0.5991,2047,5
SPY190508P290,2019-05-06,2019-05-06 09:40:08,1.47,0.6074,8,1.45,0.5991,1,1.45,0.5991,3,1.46,0.6033,2047,0
SPY190508P290,2019-05-06,2019-05-06 09:40:09,1.48,0.6115,263,1.45,0.5991,1,1.47,0.6074,10,1.465,0.6053,2057,10
SPY190508P290,2019-05-06,2019-05-06 09:40:11,1.49,0.6157,100,1.45,0.5991,100,1.47,0.6074,10,1.47,0.6074,2057,0
SPY190508P290,2019-05-06,2019-05-06 09:40:12,1.48,0.6115,6,1.45,0.5991,32,1.47,0.6074,10,1.465,0.6053,2057,0
SPY190508P290,2019-05-06,2019-05-06 09:40:14,1.5,0.6198,13,1.46,0.6033,100,1.47,0.6074,10,1.48,0.6115,2057,0
SPY190508P290,2019-05-06,2019-05-06 09:40:15,1.5,0.6198,13,1.47,0.6074,16,1.47,0.6074,1,1.485,0.6136,2058,1
SPY190508P290,2019-05-06,2019-05-06 09:40:17,1.5,0.6198,13,1.47,0.6074,54,1.48,0.6115,2,1.485,0.6136,2060,2
SPY190508P290,2019-05-06,2019-05-06 09:40:18,1.5,0.6198,21,1.47,0.6074,54,1.48,0.6115,2,1.485,0.6136,2060,0
SPY190508P290,2019-05-06,2019-05-06 09:40:20,1.5,0.6198,100,1.47,0.6074,40,1.5,0.6198,1,1.485,0.6136,2065,5
SPY190508P290,2019-05-06,2019-05-06 09:40:21,1.51,0.6239,76,1.47,0.6074,100,1.5,0.6198,1,1.49,0.6157,2065,0
SPY190508P290,2019-05-06,2019-05-06 09:40:23,1.51,0.6239,1,1.49,0.6157,90,1.5,0.6198,1,1.5,0.6198,2065,0
SPY190508P290,2019-05-06,2019-05-06 09:40:25,1.55,0.6404,6,1.51,0.6239,60,1.51,0.6239,1,1.53,0.6322,2066,1
SPY190508P290,2019-05-06,2019-05-06 09:40:27,1.55,0.6404,247,1.5,0.6198,75,1.52,0.628,5,1.525,0.6301,2071,5
SPY190508P290,2019-05-06,2019-05-06 09:40:28,1.54,0.6363,50,1.51,0.6239,90,1.52,0.628,5,1.525,0.6301,2071,0
SPY190508P290,2019-05-06,2019-05-06 09:40:30,1.55,0.6404,652,1.51,0.6239,90,1.51,0.6239,5,1.53,0.6322,2081,10
SPY190508P290,2019-05-06,2019-05-06 09:40:31,1.54,0.6363,50,1.5,0.6198,320,1.51,0.6239,5,1.52,0.628,2081,0
SPY190508P290,2019-05-06,2019-05-06 09:40:33,1.53,0.6322,287,1.5,0.6198,1,1.51,0.6239,5,1.515,0.626,2081,0
SPY190508P290,2019-05-06,2019-05-06 09:40:34,1.53,0.6322,100,1.5,0.6198,50,1.51,0.6239,5,1.515,0.626,2081,0
SPY190508P290,2019-05-06,2019-05-06 09:40:36,1.53,0.6322,327,1.5,0.6198,1,1.51,0.6239,5,1.515,0.626,2081,0
SPY190508P290,2019-05-06,2019-05-06 09:40:37,1.53,0.6322,100,1.5,0.6198,50,1.51,0.6239,5,1.515,0.626,2081,0
SPY190508P290,2019-05-06,2019-05-06 09:40:39,1.54,0.6363,704,1.5,0.6198,48,1.51,0.6239,5,1.52,0.628,2081,0
SPY190508P290,2019-05-06,2019-05-06 09:40:40,1.54,0.6363,375,1.5,0.6198,48,1.51,0.6239,5,1.52,0.628,2081,0
SPY190508P290,2019-05-06,2019-05-06 09:40:42,1.52,0.628,100,1.5,0.6198,7,1.52,0.628,3,1.51,0.6239,2086,5
SPY190508P290,2019-05-06,2019-05-06 09:40:43,1.53,0.6322,285,1.49,0.6157,90,1.5,0.6198,1,1.51,0.6239,2087,1
SPY190508P290,2019-05-06,2019-05-06 09:40:45,1.5,0.6198,1000,1.45,0.5991,6,1.49,0.6157,1,1.475,0.6095,2095,8
SPY190508P290,2019-05-06,2019-05-06 09:40:46,1.49,0.6157,1,1.45,0.5991,80,1.49,0.6157,1,1.47,0.6074,2101,6
SPY190508P290,2019-05-06,2019-05-06 09:40:48,1.48,0.6115,90,1.45,0.5991,6,1.49,0.6157,1,1.465,0.6053,2101,0
SPY190508P290,2019-05-06,2019-05-06 09:40:49,1.48,0.6115,50,1.45,0.5991,100,1.49,0.6157,1,1.465,0.6053,2101,0
SPY190508P290,2019-05-06,2019-05-06 09:40:51,1.5,0.6198,100,1.47,0.6074,5,1.49,0.6157,1,1.485,0.6136,2101,0
SPY190508P290,2019-05-06,2019-05-06 09:40:52,1.49,0.6157,285,1.47,0.6074,5,1.49,0.6157,1,1.48,0.6115,2101,0
SPY190508P290,2019-05-06,2019-05-06 09:40:54,1.49,0.6157,105,1.47,0.6074,5,1.49,0.6157,5,1.48,0.6115,2106,5
SPY190508P290,2019-05-06,2019-05-06 09:40:55,1.5,0.6198,433,1.47,0.6074,5,1.49,0.6157,5,1.485,0.6136,2106,0
SPY190508P290,2019-05-06,2019-05-06 09:40:57,1.5,0.6198,433,1.47,0.6074,39,1.49,0.6157,5,1.485,0.6136,2106,0
SPY190508P290,2019-05-06,2019-05-06 09:40:58,1.5,0.6198,208,1.47,0.6074,5,1.49,0.6157,5,1.485,0.6136,2106,0
SPY190508P290,2019-05-06,2019-05-06 09:41:00,1.52,0.628,100,1.48,0.6115,105,1.49,0.6157,5,1.5,0.6198,2106,0
SPY190508P290,2019-05-06,2019-05-06 09:41:01,1.52,0.628,67,1.49,0.6157,330,1.49,0.6157,5,1.505,0.6219,2106,0
SPY190508P290,2019-05-06,2019-05-06 09:41:03,1.52,0.628,17,1.5,0.6198,90,1.49,0.6157,5,1.51,0.6239,2106,0
SPY190508P290,2019-05-06,2019-05-06 09:41:05,1.52,0.628,17,1.5,0.6198,330,1.49,0.6157,5,1.51,0.6239,2106,0
SPY190508P290,2019-05-06,2019-05-06 09:41:06,1.52,0.628,264,1.49,0.6157,50,1.49,0.6157,5,1.505,0.6219,2106,0
SPY190508P290,2019-05-06,2019-05-06 09:41:08,1.5,0.6198,50,1.47,0.6074,105,1.49,0.6157,1,1.485,0.6136,2107,1
SPY190508P290,2019-05-06,2019-05-06 09:41:12,1.5,0.6198,90,1.47,0.6074,90,1.49,0.6157,1,1.485,0.6136,2107,0
SPY190508P290,2019-05-06,2019-05-06 09:41:14,1.51,0.6239,330,1.49,0.6157,1,1.49,0.6157,1,1.5,0.6198,2107,0
SPY190508P290,2019-05-06,2019-05-06 09:41:16,1.51,0.6239,90,1.5,0.6198,200,1.49,0.6157,1,1.505,0.6219,2107,0
SPY190508P290,2019-05-06,2019-05-06 09:41:18,1.52,0.628,17,1.5,0.6198,206,1.49,0.6157,1,1.51,0.6239,2107,0
SPY190508P290,2019-05-06,2019-05-06 09:41:20,1.52,0.628,17,1.5,0.6198,206,1.49,0.6157,1,1.51,0.6239,2107,0
SPY190508P290,2019-05-06,2019-05-06 09:41:23,1.52,0.628,50,1.51,0.6239,1,1.52,0.628,2,1.515,0.626,2110,3
SPY190508P290,2019-05-06,2019-05-06 09:41:24,1.52,0.628,15,1.51,0.6239,53,1.52,0.628,2,1.515,0.626,2110,0
SPY190508P290,2019-05-06,2019-05-06 09:41:26,1.52,0.628,15,1.51,0.6239,53,1.52,0.628,2,1.515,0.626,2110,0
SPY190508P290,2019-05-06,2019-05-06 09:41:27,1.52,0.628,15,1.51,0.6239,53,1.52,0.628,2,1.515,0.626,2110,0
SPY190508P290,2019-05-06,2019-05-06 09:41:29,1.52,0.628,15,1.51,0.6239,34,1.52,0.628,2,1.515,0.626,2110,0
SPY190508P290,2019-05-06,2019-05-06 09:41:31,1.52,0.628,160,1.51,0.6239,3,1.51,0.6239,2,1.515,0.626,2113,3
SPY190508P290,2019-05-06,2019-05-06 09:41:33,1.51,0.6239,197,1.49,0.6157,20,1.51,0.6239,2,1.5,0.6198,2113,0
SPY190508P290,2019-05-06,2019-05-06 09:41:34,1.5,0.6198,334,1.47,0.6074,5,1.49,0.6157,20,1.485,0.6136,2184,71
SPY190508P290,2019-05-06,2019-05-06 09:41:36,1.48,0.6115,60,1.45,0.5991,6,1.47,0.6074,5,1.465,0.6053,2189,5
SPY190508P290,2019-05-06,2019-05-06 09:41:37,1.48,0.6115,305,1.45,0.5991,33,1.47,0.6074,5,1.465,0.6053,2189,0
SPY190508P290,2019-05-06,2019-05-06 09:41:39,1.49,0.6157,287,1.45,0.5991,108,1.47,0.6074,50,1.47,0.6074,2239,50
SPY190508P290,2019-05-06,2019-05-06 09:41:40,1.5,0.6198,287,1.46,0.6033,130,1.47,0.6074,50,1.48,0.6115,2239,0
SPY190508P290,2019-05-06,2019-05-06 09:41:42,1.5,0.6198,105,1.47,0.6074,160,1.47,0.6074,50,1.485,0.6136,2239,0
SPY190508P290,2019-05-06,2019-05-06 09:41:43,1.51,0.6239,247,1.48,0.6115,26,1.47,0.6074,50,1.495,0.6177,2239,0
SPY190508P290,2019-05-06,2019-05-06 09:41:45,1.48,0.6115,90,1.45,0.5991,100,1.47,0.6074,1,1.465,0.6053,2240,1
SPY190508P290,2019-05-06,2019-05-06 09:41:47,1.49,0.6157,287,1.45,0.5991,160,1.47,0.6074,1,1.47,0.6074,2240,0
SPY190508P290,2019-05-06,2019-05-06 09:41:48,1.49,0.6157,452,1.45,0.5991,285,1.49,0.6157,105,1.47,0.6074,2440,200
SPY190508P290,2019-05-06,2019-05-06 09:41:49,1.49,0.6157,407,1.45,0.5991,285,1.49,0.6157,105,1.47,0.6074,2440,0
SPY190508P290,2019-05-06,2019-05-06 09:41:51,1.48,0.6115,399,1.45,0.5991,6,1.49,0.6157,105,1.465,0.6053,2440,0
SPY190508P290,2019-05-06,2019-05-06 09:41:52,1.48,0.6115,576,1.45,0.5991,6,1.49,0.6157,105,1.465,0.6053,2440,0
SPY190508P290,2019-05-06,2019-05-06 09:41:55,1.48,0.6115,341,1.45,0.5991,6,1.49,0.6157,105,1.465,0.6053,2440,0
SPY190508P290,2019-05-06,2019-05-06 09:41:56,1.48,0.6115,506,1.45,0.5991,6,1.48,0.6115,2,1.465,0.6053,2442,2
SPY190508P290,2019-05-06,2019-05-06 09:41:58,1.48,0.6115,506,1.45,0.5991,6,1.45,0.5991,200,1.465,0.6053,2642,200
SPY190508P290,2019-05-06,2019-05-06 09:41:59,1.47,0.6074,25,1.45,0.5991,6,1.45,0.5991,200,1.46,0.6033,2642,0
SPY190508P290,2019-05-06,2019-05-06 09:42:01,1.47,0.6074,50,1.45,0.5991,6,1.45,0.5991,200,1.46,0.6033,2642,0
SPY190508P290,2019-05-06,2019-05-06 09:42:02,1.48,0.6115,56,1.45,0.5991,52,1.45,0.5991,200,1.465,0.6053,2642,0
SPY190508P290,2019-05-06,2019-05-06 09:42:04,1.5,0.6198,160,1.46,0.6033,160,1.45,0.5991,200,1.48,0.6115,2642,0
SPY190508P290,2019-05-06,2019-05-06 09:42:05,1.49,0.6157,60,1.46,0.6033,50,1.45,0.5991,200,1.475,0.6095,2642,0
SPY190508P290,2019-05-06,2019-05-06 09:42:07,1.51,0.6239,98,1.47,0.6074,6,1.47,0.6074,1,1.49,0.6157,2655,13
SPY190508P290,2019-05-06,2019-05-06 09:42:08,1.51,0.6239,68,1.47,0.6074,79,1.47,0.6074,1,1.49,0.6157,2655,0
SPY190508P290,2019-05-06,2019-05-06 09:42:10,1.49,0.6157,50,1.45,0.5991,529,1.47,0.6074,1,1.47,0.6074,2655,0
SPY190508P290,2019-05-06,2019-05-06 09:42:12,1.49,0.6157,130,1.46,0.6033,50,1.47,0.6074,1,1.475,0.6095,2655,0
SPY190508P290,2019-05-06,2019-05-06 09:42:14,1.49,0.6157,90,1.46,0.6033,90,1.47,0.6074,1,1.475,0.6095,2655,0
SPY190508P290,2019-05-06,2019-05-06 09:42:16,1.49,0.6157,137,1.45,0.5991,61,1.47,0.6074,1,1.47,0.6074,2655,0
SPY190508P290,2019-05-06,2019-05-06 09:42:17,1.49,0.6157,363,1.45,0.5991,105,1.47,0.6074,1,1.47,0.6074,2655,0
SPY190508P290,2019-05-06,2019-05-06 09:42:19,1.5,0.6198,50,1.47,0.6074,285,1.47,0.6074,1,1.485,0.6136,2655,0
SPY190508P290,2019-05-06,2019-05-06 09:42:20,1.5,0.6198,5,1.48,0.6115,141,1.48,0.6115,2,1.49,0.6157,2657,2
SPY190508P290,2019-05-06,2019-05-06 09:42:22,1.5,0.6198,5,1.48,0.6115,340,1.48,0.6115,2,1.49,0.6157,2657,0
SPY190508P290,2019-05-06,2019-05-06 09:42:23,1.5,0.6198,11,1.48,0.6115,5,1.48,0.6115,2,1.49,0.6157,2657,0
SPY190508P290,2019-05-06,2019-05-06 09:42:25,1.5,0.6198,11,1.48,0.6115,120,1.48,0.6115,2,1.49,0.6157,2657,0
SPY190508P290,2019-05-06,2019-05-06 09:42:26,1.5,0.6198,5,1.48,0.6115,16,1.48,0.6115,2,1.49,0.6157,2657,0
SPY190508P290,2019-05-06,2019-05-06 09:42:28,1.5,0.6198,5,1.48,0.6115,377,1.48,0.6115,2,1.49,0.6157,2657,0
SPY190508P290,2019-05-06,2019-05-06 09:42:29,1.5,0.6198,5,1.49,0.6157,90,1.48,0.6115,2,1.495,0.6177,2657,0
SPY190508P290,2019-05-06,2019-05-06 09:42:31,1.5,0.6198,5,1.49,0.6157,90,1.48,0.6115,2,1.495,0.6177,2657,0
SPY190508P290,2019-05-06,2019-05-06 09:42:32,1.5,0.6198,11,1.48,0.6115,50,1.48,0.6115,2,1.49,0.6157,2657,0
SPY190508P290,2019-05-06,2019-05-06 09:42:34,1.5,0.6198,5,1.48,0.6115,141,1.48,0.6115,1,1.49,0.6157,2658,1
SPY190508P290,2019-05-06,2019-05-06 09:42:38,1.5,0.6198,147,1.47,0.6074,59,1.48,0.6115,1,1.485,0.6136,2658,0
SPY190508P290,2019-05-06,2019-05-06 09:42:40,1.5,0.6198,461,1.47,0.6074,25,1.48,0.6115,1,1.485,0.6136,2658,0
SPY190508P290,2019-05-06,2019-05-06 09:42:42,1.5,0.6198,50,1.47,0.6074,138,1.48,0.6115,1,1.485,0.6136,2658,0
SPY190508P290,2019-05-06,2019-05-06 09:42:44,1.5,0.6198,11,1.47,0.6074,25,1.48,0.6115,1,1.485,0.6136,2658,0
SPY190508P290,2019-05-06,2019-05-06 09:42:45,1.49,0.6157,50,1.47,0.6074,75,1.48,0.6115,1,1.48,0.6115,2658,0
SPY190508P290,2019-05-06,2019-05-06 09:42:47,1.5,0.6198,90,1.47,0.6074,115,1.48,0.6115,1,1.485,0.6136,2658,0
SPY190508P290,2019-05-06,2019-05-06 09:42:57,1.49,0.6157,780,1.46,0.6033,1,1.47,0.6074,25,1.475,0.6095,2683,25
SPY190508P290,2019-05-06,2019-05-06 09:42:58,1.48,0.6115,105,1.45,0.5991,285,1.48,0.6115,1,1.465,0.6053,2684,1
SPY190508P290,2019-05-06,2019-05-06 09:43:00,1.47,0.6074,1,1.45,0.5991,50,1.47,0.6074,2,1.46,0.6033,2691,7
SPY190508P290,2019-05-06,2019-05-06 09:43:01,1.49,0.6157,285,1.45,0.5991,330,1.47,0.6074,2,1.47,0.6074,2691,0
SPY190508P290,2019-05-06,2019-05-06 09:43:03,1.49,0.6157,343,1.46,0.6033,50,1.47,0.6074,1,1.475,0.6095,2692,1
SPY190508P290,2019-05-06,2019-05-06 09:43:04,1.49,0.6157,90,1.46,0.6033,52,1.47,0.6074,1,1.475,0.6095,2692,0
SPY190508P290,2019-05-06,2019-05-06 09:43:06,1.5,0.6198,50,1.47,0.6074,424,1.47,0.6074,1,1.485,0.6136,2692,0
SPY190508P290,2019-05-06,2019-05-06 09:43:07,1.5,0.6198,5,1.47,0.6074,602,1.47,0.6074,1,1.485,0.6136,2692,0
SPY190508P290,2019-05-06,2019-05-06 09:43:09,1.5,0.6198,5,1.48,0.6115,90,1.5,0.6198,100,1.49,0.6157,2792,100
SPY190508P290,2019-05-06,2019-05-06 09:43:11,1.5,0.6198,4,1.47,0.6074,130,1.5,0.6198,1,1.485,0.6136,2793,1
SPY190508P290,2019-05-06,2019-05-06 09:43:12,1.5,0.6198,10,1.48,0.6115,90,1.5,0.6198,1,1.49,0.6157,2793,0
SPY190508P290,2019-05-06,2019-05-06 09:43:14,1.5,0.6198,4,1.48,0.6115,86,1.5,0.6198,1,1.49,0.6157,2793,0
SPY190508P290,2019-05-06,2019-05-06 09:43:15,1.5,0.6198,4,1.49,0.6157,100,1.5,0.6198,1,1.495,0.6177,2793,0
SPY190508P290,2019-05-06,2019-05-06 09:43:17,1.5,0.6198,4,1.49,0.6157,50,1.5,0.6198,1,1.495,0.6177,2793,0
SPY190508P290,2019-05-06,2019-05-06 09:43:18,1.5,0.6198,4,1.49,0.6157,100,1.5,0.6198,1,1.495,0.6177,2793,0
SPY190508P290,2019-05-06,2019-05-06 09:43:20,1.5,0.6198,4,1.49,0.6157,100,1.5,0.6198,1,1.495,0.6177,2793,0
SPY190508P290,2019-05-06,2019-05-06 09:43:21,1.52,0.628,100,1.5,0.6198,50,1.5,0.6198,4,1.51,0.6239,2797,4
SPY190508P290,2019-05-06,2019-05-06 09:43:23,1.52,0.628,10,1.5,0.6198,100,1.5,0.6198,4,1.51,0.6239,2797,0
SPY190508P290,2019-05-06,2019-05-06 09:43:25,1.52,0.628,10,1.5,0.6198,2,1.52,0.628,5,1.51,0.6239,2802,5
SPY190508P290,2019-05-06,2019-05-06 09:43:26,1.52,0.628,285,1.5,0.6198,2,1.52,0.628,20,1.51,0.6239,2832,30
SPY190508P290,2019-05-06,2019-05-06 09:43:27,1.51,0.6239,90,1.5,0.6198,2,1.52,0.628,20,1.505,0.6219,2832,0
SPY190508P290,2019-05-06,2019-05-06 09:43:29,1.52,0.628,90,1.5,0.6198,50,1.5,0.6198,6,1.51,0.6239,2838,6
SPY190508P290,2019-05-06,2019-05-06 09:43:30,1.52,0.628,90,1.5,0.6198,45,1.5,0.6198,5,1.51,0.6239,2843,5
SPY190508P290,2019-05-06,2019-05-06 09:43:32,1.52,0.628,50,1.5,0.6198,45,1.5,0.6198,5,1.51,0.6239,2843,0
SPY190508P290,2019-05-06,2019-05-06 09:43:34,1.53,0.6322,51,1.5,0.6198,50,1.5,0.6198,5,1.515,0.626,2843,0
SPY190508P290,2019-05-06,2019-05-06 09:43:35,1.53,0.6322,74,1.5,0.6198,50,1.5,0.6198,5,1.515,0.626,2843,0
SPY190508P290,2019-05-06,2019-05-06 09:43:37,1.53,0.6322,74,1.5,0.6198,50,1.5,0.6198,5,1.515,0.626,2843,0
SPY190508P290,2019-05-06,2019-05-06 09:43:38,1.53,0.6322,50,1.5,0.6198,90,1.5,0.6198,5,1.515,0.626,2843,0
SPY190508P290,2019-05-06,2019-05-06 09:43:40,1.53,0.6322,83,1.5,0.6198,50,1.5,0.6198,5,1.515,0.626,2843,0
SPY190508P290,2019-05-06,2019-05-06 09:43:41,1.53,0.6322,50,1.5,0.6198,58,1.5,0.6198,5,1.515,0.626,2843,0
SPY190508P290,2019-05-06,2019-05-06 09:43:43,1.53,0.6322,43,1.5,0.6198,90,1.5,0.6198,5,1.515,0.626,2843,0
SPY190508P290,2019-05-06,2019-05-06 09:43:45,1.53,0.6322,43,1.5,0.6198,285,1.5,0.6198,5,1.515,0.626,2843,0
SPY190508P290,2019-05-06,2019-05-06 09:43:46,1.54,0.6363,378,1.5,0.6198,354,1.5,0.6198,5,1.52,0.628,2843,0
SPY190508P290,2019-05-06,2019-05-06 09:43:48,1.55,0.6404,247,1.51,0.6239,100,1.5,0.6198,5,1.53,0.6322,2843,0
SPY190508P290,2019-05-06,2019-05-06 09:43:49,1.52,0.628,247,1.5,0.6198,2,1.52,0.628,10,1.51,0.6239,2853,10
SPY190508P290,2019-05-06,2019-05-06 09:43:51,1.53,0.6322,247,1.5,0.6198,86,1.52,0.628,10,1.515,0.626,2853,0
SPY190508P290,2019-05-06,2019-05-06 09:43:52,1.52,0.628,232,1.5,0.6198,50,1.52,0.628,10,1.51,0.6239,2853,0
SPY190508P290,2019-05-06,2019-05-06 09:43:54,1.52,0.628,232,1.5,0.6198,42,1.52,0.628,10,1.51,0.6239,2853,0
SPY190508P290,2019-05-06,2019-05-06 09:43:55,1.52,0.628,68,1.5,0.6198,26,1.52,0.628,10,1.51,0.6239,2853,0
SPY190508P290,2019-05-06,2019-05-06 09:43:57,1.52,0.628,438,1.5,0.6198,1,1.52,0.628,10,1.51,0.6239,2853,0
SPY190508P290,2019-05-06,2019-05-06 09:43:58,1.51,0.6239,45,1.48,0.6115,100,1.5,0.6198,1,1.495,0.6177,2854,1
SPY190508P290,2019-05-06,2019-05-06 09:44:00,1.52,0.628,39,1.48,0.6115,134,1.5,0.6198,1,1.5,0.6198,2854,0
SPY190508P290,2019-05-06,2019-05-06 09:44:01,1.54,0.6363,287,1.49,0.6157,221,1.5,0.6198,1,1.515,0.626,2854,0
SPY190508P290,2019-05-06,2019-05-06 09:44:03,1.53,0.6322,90,1.49,0.6157,100,1.5,0.6198,1,1.51,0.6239,2854,0
SPY190508P290,2019-05-06,2019-05-06 09:44:04,1.53,0.6322,50,1.51,0.6239,50,1.5,0.6198,1,1.52,0.628,2854,0
SPY190508P290,2019-05-06,2019-05-06 09:44:06,1.55,0.6404,93,1.52,0.628,50,1.5,0.6198,1,1.535,0.6342,2854,0
SPY190508P290,2019-05-06,2019-05-06 09:44:07,1.55,0.6404,93,1.52,0.628,50,1.5,0.6198,1,1.535,0.6342,2854,0
SPY190508P290,2019-05-06,2019-05-06 09:44:09,1.54,0.6363,90,1.52,0.628,8,1.5,0.6198,1,1.53,0.6322,2854,0
SPY190508P290,2019-05-06,2019-05-06 09:44:10,1.54,0.6363,60,1.52,0.628,8,1.5,0.6198,1,1.53,0.6322,2854,0
SPY190508P290,2019-05-06,2019-05-06 09:44:15,1.55,0.6404,39,1.5,0.6198,180,1.53,0.6322,200,1.525,0.6301,3062,208
SPY190508P290,2019-05-06,2019-05-06 09:44:16,1.55,0.6404,90,1.52,0.628,206,1.53,0.6322,200,1.535,0.6342,3062,0
SPY190508P290,2019-05-06,2019-05-06 09:44:18,1.55,0.6404,67,1.52,0.628,206,1.53,0.6322,10,1.535,0.6342,3072,10
SPY190508P290,2019-05-06,2019-05-06 09:44:19,1.55,0.6404,315,1.52,0.628,206,1.53,0.6322,10,1.535,0.6342,3072,0
SPY190508P290,2019-05-06,2019-05-06 09:44:21,1.53,0.6322,141,1.49,0.6157,77,1.52,0.628,200,1.51,0.6239,3272,200
SPY190508P290,2019-05-06,2019-05-06 09:44:22,1.53,0.6322,147,1.49,0.6157,100,1.52,0.628,200,1.51,0.6239,3272,0
SPY190508P290,2019-05-06,2019-05-06 09:44:24,1.52,0.628,90,1.49,0.6157,90,1.52,0.628,1,1.505,0.6219,3273,1
SPY190508P290,2019-05-06,2019-05-06 09:44:25,1.52,0.628,51,1.49,0.6157,67,1.52,0.628,8,1.505,0.6219,3281,8
SPY190508P290,2019-05-06,2019-05-06 09:44:27,1.52,0.628,261,1.48,0.6115,100,1.52,0.628,8,1.5,0.6198,3281,0
SPY190508P290,2019-05-06,2019-05-06 09:44:28,1.53,0.6322,160,1.48,0.6115,160,1.52,0.628,8,1.505,0.6219,3281,0
SPY190508P290,2019-05-06,2019-05-06 09:44:30,1.54,0.6363,441,1.51,0.6239,50,1.52,0.628,8,1.525,0.6301,3281,0
SPY190508P290,2019-05-06,2019-05-06 09:44:31,1.53,0.6322,67,1.51,0.6239,50,1.52,0.628,8,1.52,0.628,3281,0
SPY190508P290,2019-05-06,2019-05-06 09:44:33,1.52,0.628,382,1.49,0.6157,105,1.52,0.628,49,1.505,0.6219,3330,49
SPY190508P290,2019-05-06,2019-05-06 09:44:35,1.54,0.6363,167,1.5,0.6198,90,1.52,0.628,49,1.52,0.628,3330,0
SPY190508P290,2019-05-06,2019-05-06 09:44:37,1.54,0.6363,90,1.51,0.6239,100,1.52,0.628,49,1.525,0.6301,3330,0
SPY190508P290,2019-05-06,2019-05-06 09:44:38,1.54,0.6363,6,1.51,0.6239,100,1.52,0.628,49,1.525,0.6301,3330,0
SPY190508P290,2019-05-06,2019-05-06 09:44:39,1.53,0.6322,219,1.48,0.6115,431,1.52,0.628,49,1.505,0.6219,3330,0
SPY190508P290,2019-05-06,2019-05-06 09:44:41,1.52,0.628,86,1.48,0.6115,373,1.52,0.628,49,1.5,0.6198,3330,0
SPY190508P290,2019-05-06,2019-05-06 09:44:42,1.52,0.628,90,1.48,0.6115,373,1.52,0.628,49,1.5,0.6198,3330,0
SPY190508P290,2019-05-06,2019-05-06 09:44:44,1.52,0.628,33,1.49,0.6157,100,1.52,0.628,49,1.505,0.6219,3330,0
SPY190508P290,2019-05-06,2019-05-06 09:44:45,1.54,0.6363,423,1.5,0.6198,100,1.52,0.628,49,1.52,0.628,3330,0
SPY190508P290,2019-05-06,2019-05-06 09:44:47,1.52,0.628,90,1.5,0.6198,50,1.52,0.628,49,1.51,0.6239,3330,0
SPY190508P290,2019-05-06,2019-05-06 09:44:49,1.52,0.628,354,1.49,0.6157,100,1.52,0.628,49,1.505,0.6219,3330,0
SPY190508P290,2019-05-06,2019-05-06 09:44:50,1.51,0.6239,90,1.48,0.6115,100,1.52,0.628,49,1.495,0.6177,3330,0
SPY190508P290,2019-05-06,2019-05-06 09:44:52,1.51,0.6239,90,1.48,0.6115,100,1.52,0.628,49,1.495,0.6177,3330,0
SPY190508P290,2019-05-06,2019-05-06 09:44:53,1.52,0.628,6,1.48,0.6115,100,1.52,0.628,49,1.5,0.6198,3330,0
SPY190508P290,2019-05-06,2019-05-06 09:44:55,1.55,0.6404,55,1.5,0.6198,100,1.52,0.628,49,1.525,0.6301,3330,0
SPY190508P290,2019-05-06,2019-05-06 09:44:56,1.53,0.6322,247,1.5,0.6198,79,1.52,0.628,49,1.515,0.626,3330,0
SPY190508P290,2019-05-06,2019-05-06 09:44:58,1.52,0.628,287,1.5,0.6198,3,1.52,0.628,49,1.51,0.6239,3330,0
SPY190508P290,2019-05-06,2019-05-06 09:45:00,1.51,0.6239,197,1.5,0.6198,3,1.52,0.628,49,1.505,0.6219,3330,0
SPY190508P290,2019-05-06,2019-05-06 09:45:02,1.53,0.6322,372,1.5,0.6198,50,1.52,0.628,49,1.515,0.626,3330,0
SPY190508P290,2019-05-06,2019-05-06 09:45:04,1.53,0.6322,287,1.5,0.6198,61,1.52,0.628,49,1.515,0.626,3330,0
SPY190508P290,2019-05-06,2019-05-06 09:45:06,1.53,0.6322,287,1.5,0.6198,50,1.52,0.628,49,1.515,0.626,3330,0
SPY190508P290,2019-05-06,2019-05-06 09:45:07,1.53,0.6322,287,1.5,0.6198,61,1.52,0.628,49,1.515,0.626,3330,0
SPY190508P290,2019-05-06,2019-05-06 09:45:09,1.52,0.628,40,1.5,0.6198,50,1.52,0.628,49,1.51,0.6239,3330,0
SPY190508P290,2019-05-06,2019-05-06 09:45:11,1.52,0.628,40,1.5,0.6198,50,1.52,0.628,2,1.51,0.6239,3332,2
SPY190508P290,2019-05-06,2019-05-06 09:45:12,1.52,0.628,67,1.5,0.6198,50,1.52,0.628,2,1.51,0.6239,3332,0
SPY190508P290,2019-05-06,2019-05-06 09:45:14,1.53,0.6322,327,1.5,0.6198,50,1.52,0.628,2,1.515,0.626,3332,0
SPY190508P290,2019-05-06,2019-05-06 09:45:16,1.51,0.6239,90,1.5,0.6198,11,1.5,0.6198,10,1.505,0.6219,3342,10
SPY190508P290,2019-05-06,2019-05-06 09:45:21,1.51,0.6239,421,1.47,0.6074,100,1.5,0.6198,90,1.49,0.6157,3444,102
SPY190508P290,2019-05-06,2019-05-06 09:45:24,1.5,0.6198,90,1.47,0.6074,100,1.5,0.6198,90,1.485,0.6136,3444,0
SPY190508P290,2019-05-06,2019-05-06 09:45:26,1.5,0.6198,77,1.47,0.6074,100,1.5,0.6198,90,1.485,0.6136,3444,0
SPY190508P290,2019-05-06,2019-05-06 09:45:27,1.5,0.6198,77,1.47,0.6074,100,1.5,0.6198,90,1.485,0.6136,3444,0
SPY190508P290,2019-05-06,2019-05-06 09:45:29,1.5,0.6198,77,1.47,0.6074,100,1.5,0.6198,90,1.485,0.6136,3444,0
SPY190508P290,2019-05-06,2019-05-06 09:45:31,1.49,0.6157,340,1.46,0.6033,50,1.5,0.6198,90,1.475,0.6095,3444,0
SPY190508P290,2019-05-06,2019-05-06 09:45:32,1.48,0.6115,247,1.46,0.6033,27,1.5,0.6198,90,1.47,0.6074,3444,0
SPY190508P290,2019-05-06,2019-05-06 09:45:34,1.48,0.6115,674,1.45,0.5991,33,1.46,0.6033,5,1.465,0.6053,3449,5
SPY190508P290,2019-05-06,2019-05-06 09:45:35,1.48,0.6115,342,1.45,0.5991,50,1.46,0.6033,5,1.465,0.6053,3449,0
SPY190508P290,2019-05-06,2019-05-06 09:45:37,1.49,0.6157,183,1.45,0.5991,54,1.46,0.6033,5,1.47,0.6074,3449,0
SPY190508P290,2019-05-06,2019-05-06 09:45:38,1.49,0.6157,90,1.45,0.5991,397,1.46,0.6033,5,1.47,0.6074,3449,0
SPY190508P290,2019-05-06,2019-05-06 09:45:39,1.49,0.6157,295,1.45,0.5991,381,1.46,0.6033,5,1.47,0.6074,3449,0
SPY190508P290,2019-05-06,2019-05-06 09:45:41,1.49,0.6157,355,1.45,0.5991,73,1.46,0.6033,5,1.47,0.6074,3449,0
SPY190508P290,2019-05-06,2019-05-06 09:45:43,1.49,0.6157,44,1.46,0.6033,100,1.46,0.6033,5,1.475,0.6095,3449,0
SPY190508P290,2019-05-06,2019-05-06 09:45:44,1.51,0.6239,223,1.46,0.6033,75,1.46,0.6033,5,1.485,0.6136,3449,0
SPY190508P290,2019-05-06,2019-05-06 09:45:46,1.51,0.6239,90,1.47,0.6074,330,1.46,0.6033,5,1.49,0.6157,3449,0
SPY190508P290,2019-05-06,2019-05-06 09:45:47,1.51,0.6239,764,1.47,0.6074,105,1.46,0.6033,5,1.49,0.6157,3449,0
SPY190508P290,2019-05-06,2019-05-06 09:45:49,1.51,0.6239,996,1.47,0.6074,100,1.46,0.6033,5,1.49,0.6157,3449,0
SPY190508P290,2019-05-06,2019-05-06 09:45:51,1.5,0.6198,366,1.46,0.6033,271,1.46,0.6033,5,1.48,0.6115,3449,0
SPY190508P290,2019-05-06,2019-05-06 09:45:53,1.5,0.6198,289,1.46,0.6033,100,1.5,0.6198,200,1.48,0.6115,3649,200
SPY190508P290,2019-05-06,2019-05-06 09:45:55,1.5,0.6198,289,1.46,0.6033,100,1.5,0.6198,200,1.48,0.6115,3649,0
SPY190508P290,2019-05-06,2019-05-06 09:45:57,1.5,0.6198,289,1.46,0.6033,100,1.5,0.6198,200,1.48,0.6115,3649,0
SPY190508P290,2019-05-06,2019-05-06 09:45:58,1.5,0.6198,160,1.47,0.6074,100,1.5,0.6198,200,1.485,0.6136,3649,0
SPY190508P290,2019-05-06,2019-05-06 09:45:59,1.5,0.6198,90,1.47,0.6074,100,1.5,0.6198,200,1.485,0.6136,3649,0
SPY190508P290,2019-05-06,2019-05-06 09:46:01,1.5,0.6198,160,1.47,0.6074,50,1.5,0.6198,200,1.485,0.6136,3649,0
SPY190508P290,2019-05-06,2019-05-06 09:46:03,1.51,0.6239,650,1.47,0.6074,90,1.5,0.6198,200,1.49,0.6157,3649,0
SPY190508P290,2019-05-06,2019-05-06 09:46:04,1.51,0.6239,521,1.47,0.6074,100,1.5,0.6198,200,1.49,0.6157,3649,0
SPY190508P290,2019-05-06,2019-05-06 09:46:06,1.51,0.6239,493,1.47,0.6074,100,1.5,0.6198,200,1.49,0.6157,3649,0
SPY190508P290,2019-05-06,2019-05-06 09:46:07,1.51,0.6239,392,1.47,0.6074,380,1.5,0.6198,200,1.49,0.6157,3649,0
SPY190508P290,2019-05-06,2019-05-06 09:46:08,1.51,0.6239,287,1.47,0.6074,130,1.5,0.6198,200,1.49,0.6157,3649,0
SPY190508P290,2019-05-06,2019-05-06 09:46:10,1.51,0.6239,287,1.47,0.6074,133,1.5,0.6198,200,1.49,0.6157,3649,0
SPY190508P290,2019-05-06,2019-05-06 09:46:11,1.51,0.6239,392,1.49,0.6157,7,1.5,0.6198,200,1.5,0.6198,3649,0
SPY190508P290,2019-05-06,2019-05-06 09:46:13,1.51,0.6239,90,1.49,0.6157,50,1.5,0.6198,200,1.5,0.6198,3649,0
SPY190508P290,2019-05-06,2019-05-06 09:46:15,1.51,0.6239,50,1.49,0.6157,50,1.5,0.6198,200,1.5,0.6198,3649,0
SPY190508P290,2019-05-06,2019-05-06 09:46:16,1.51,0.6239,89,1.49,0.6157,50,1.5,0.6198,200,1.5,0.6198,3649,0
SPY190508P290,2019-05-06,2019-05-06 09:46:17,1.51,0.6239,50,1.49,0.6157,83,1.5,0.6198,200,1.5,0.6198,3649,0
SPY190508P290,2019-05-06,2019-05-06 09:46:19,1.51,0.6239,287,1.49,0.6157,50,1.5,0.6198,200,1.5,0.6198,3649,0
SPY190508P290,2019-05-06,2019-05-06 09:46:20,1.52,0.628,799,1.49,0.6157,50,1.5,0.6198,200,1.505,0.6219,3649,0
SPY190508P290,2019-05-06,2019-05-06 09:46:22,1.51,0.6239,90,1.49,0.6157,50,1.5,0.6198,200,1.5,0.6198,3649,0
SPY190508P290,2019-05-06,2019-05-06 09:46:23,1.51,0.6239,90,1.49,0.6157,1,1.5,0.6198,200,1.5,0.6198,3649,0
SPY190508P290,2019-05-06,2019-05-06 09:46:25,1.51,0.6239,289,1.49,0.6157,1,1.5,0.6198,200,1.5,0.6198,3649,0
SPY190508P290,2019-05-06,2019-05-06 09:46:26,1.51,0.6239,287,1.49,0.6157,1,1.5,0.6198,200,1.5,0.6198,3649,0
SPY190508P290,2019-05-06,2019-05-06 09:46:28,1.51,0.6239,123,1.49,0.6157,1,1.5,0.6198,200,1.5,0.6198,3649,0
SPY190508P290,2019-05-06,2019-05-06 09:46:29,1.51,0.6239,411,1.49,0.6157,1,1.49,0.6157,1,1.5,0.6198,3650,1
SPY190508P290,2019-05-06,2019-05-06 09:46:31,1.51,0.6239,411,1.48,0.6115,77,1.49,0.6157,1,1.495,0.6177,3650,0
SPY190508P290,2019-05-06,2019-05-06 09:46:32,1.51,0.6239,455,1.48,0.6115,78,1.49,0.6157,1,1.495,0.6177,3650,0
SPY190508P290,2019-05-06,2019-05-06 09:46:34,1.51,0.6239,570,1.48,0.6115,67,1.49,0.6157,1,1.495,0.6177,3650,0
SPY190508P290,2019-05-06,2019-05-06 09:46:35,1.51,0.6239,287,1.46,0.6033,643,1.49,0.6157,1,1.485,0.6136,3650,0
SPY190508P290,2019-05-06,2019-05-06 09:46:37,1.51,0.6239,411,1.47,0.6074,100,1.49,0.6157,1,1.49,0.6157,3650,0
SPY190508P290,2019-05-06,2019-05-06 09:46:38,1.51,0.6239,289,1.47,0.6074,100,1.49,0.6157,1,1.49,0.6157,3650,0
SPY190508P290,2019-05-06,2019-05-06 09:46:40,1.51,0.6239,50,1.47,0.6074,515,1.47,0.6074,5,1.49,0.6157,3655,5
SPY190508P290,2019-05-06,2019-05-06 09:46:41,1.52,0.628,448,1.48,0.6115,100,1.47,0.6074,5,1.5,0.6198,3655,0
SPY190508P290,2019-05-06,2019-05-06 09:46:43,1.52,0.628,402,1.49,0.6157,94,1.47,0.6074,5,1.505,0.6219,3655,0
SPY190508P290,2019-05-06,2019-05-06 09:46:44,1.52,0.628,402,1.49,0.6157,50,1.47,0.6074,5,1.505,0.6219,3655,0
SPY190508P290,2019-05-06,2019-05-06 09:46:46,1.52,0.628,414,1.49,0.6157,50,1.47,0.6074,5,1.505,0.6219,3655,0
SPY190508P290,2019-05-06,2019-05-06 09:46:48,1.52,0.628,368,1.49,0.6157,50,1.47,0.6074,5,1.505,0.6219,3655,0
SPY190508P290,2019-05-06,2019-05-06 09:46:49,1.52,0.628,368,1.49,0.6157,50,1.47,0.6074,5,1.505,0.6219,3655,0
SPY190508P290,2019-05-06,2019-05-06 09:46:50,1.52,0.628,349,1.49,0.6157,50,1.47,0.6074,5,1.505,0.6219,3655,0
SPY190508P290,2019-05-06,2019-05-06 09:46:52,1.52,0.628,349,1.5,0.6198,1,1.47,0.6074,5,1.51,0.6239,3655,0
SPY190508P290,2019-05-06,2019-05-06 09:46:53,1.52,0.628,322,1.5,0.6198,1,1.47,0.6074,5,1.51,0.6239,3655,0
SPY190508P290,2019-05-06,2019-05-06 09:46:55,1.54,0.6363,50,1.5,0.6198,162,1.47,0.6074,5,1.52,0.628,3655,0
SPY190508P290,2019-05-06,2019-05-06 09:46:56,1.53,0.6322,10,1.51,0.6239,2,1.47,0.6074,5,1.52,0.628,3655,0
SPY190508P290,2019-05-06,2019-05-06 09:46:58,1.53,0.6322,10,1.51,0.6239,100,1.47,0.6074,5,1.52,0.628,3655,0
SPY190508P290,2019-05-06,2019-05-06 09:47:00,1.53,0.6322,1,1.51,0.6239,483,1.52,0.628,1,1.52,0.628,3665,10
SPY190508P290,2019-05-06,2019-05-06 09:47:01,1.55,0.6404,2,1.53,0.6322,50,1.55,0.6404,7,1.54,0.6363,3672,7
SPY190508P290,2019-05-06,2019-05-06 09:47:03,1.55,0.6404,2,1.53,0.6322,100,1.55,0.6404,7,1.54,0.6363,3672,0
SPY190508P290,2019-05-06,2019-05-06 09:47:04,1.55,0.6404,8,1.53,0.6322,6,1.55,0.6404,7,1.54,0.6363,3672,0
SPY190508P290,2019-05-06,2019-05-06 09:47:06,1.55,0.6404,746,1.52,0.628,50,1.55,0.6404,7,1.535,0.6342,3672,0
SPY190508P290,2019-05-06,2019-05-06 09:47:07,1.55,0.6404,521,1.52,0.628,100,1.55,0.6404,7,1.535,0.6342,3672,0
SPY190508P290,2019-05-06,2019-05-06 09:47:09,1.55,0.6404,521,1.52,0.628,100,1.55,0.6404,7,1.535,0.6342,3672,0
SPY190508P290,2019-05-06,2019-05-06 09:47:10,1.54,0.6363,988,1.51,0.6239,3,1.55,0.6404,7,1.525,0.6301,3672,0
SPY190508P290,2019-05-06,2019-05-06 09:47:12,1.53,0.6322,860,1.51,0.6239,3,1.52,0.628,12,1.52,0.628,3707,35
SPY190508P290,2019-05-06,2019-05-06 09:47:13,1.52,0.628,621,1.5,0.6198,1,1.52,0.628,12,1.51,0.6239,3707,0
SPY190508P290,2019-05-06,2019-05-06 09:47:15,1.52,0.628,621,1.5,0.6198,1,1.52,0.628,12,1.51,0.6239,3707,0
SPY190508P290,2019-05-06,2019-05-06 09:47:16,1.52,0.628,50,1.5,0.6198,50,1.52,0.628,12,1.51,0.6239,3707,0
SPY190508P290,2019-05-06,2019-05-06 09:47:18,1.53,0.6322,50,1.5,0.6198,100,1.52,0.628,12,1.515,0.626,3707,0
SPY190508P290,2019-05-06,2019-05-06 09:47:19,1.55,0.6404,63,1.51,0.6239,160,1.52,0.628,1,1.53,0.6322,3708,1
SPY190508P290,2019-05-06,2019-05-06 09:47:21,1.55,0.6404,8,1.52,0.628,432,1.52,0.628,1,1.535,0.6342,3708,0
SPY190508P290,2019-05-06,2019-05-06 09:47:22,1.55,0.6404,8,1.53,0.6322,100,1.52,0.628,1,1.54,0.6363,3708,0
SPY190508P290,2019-05-06,2019-05-06 09:47:24,1.55,0.6404,8,1.52,0.628,50,1.52,0.628,1,1.535,0.6342,3708,0
SPY190508P290,2019-05-06,2019-05-06 09:47:25,1.55,0.6404,8,1.53,0.6322,100,1.52,0.628,1,1.54,0.6363,3708,0
SPY190508P290,2019-05-06,2019-05-06 09:47:26,1.55,0.6404,2,1.53,0.6322,100,1.52,0.628,1,1.54,0.6363,3708,0
SPY190508P290,2019-05-06,2019-05-06 09:47:28,1.55,0.6404,2,1.53,0.6322,100,1.52,0.628,1,1.54,0.6363,3708,0
SPY190508P290,2019-05-06,2019-05-06 09:47:29,1.55,0.6404,247,1.53,0.6322,50,1.52,0.628,1,1.54,0.6363,3708,0
SPY190508P290,2019-05-06,2019-05-06 09:47:31,1.55,0.6404,2,1.52,0.628,100,1.52,0.628,1,1.535,0.6342,3708,0
SPY190508P290,2019-05-06,2019-05-06 09:47:32,1.55,0.6404,2,1.53,0.6322,100,1.52,0.628,1,1.54,0.6363,3708,0
SPY190508P290,2019-05-06,2019-05-06 09:47:34,1.55,0.6404,2,1.53,0.6322,100,1.52,0.628,1,1.54,0.6363,3708,0
SPY190508P290,2019-05-06,2019-05-06 09:47:35,1.55,0.6404,2,1.53,0.6322,135,1.52,0.628,1,1.54,0.6363,3708,0
SPY190508P290,2019-05-06,2019-05-06 09:47:37,1.55,0.6404,5,1.53,0.6322,142,1.52,0.628,1,1.54,0.6363,3708,0
SPY190508P290,2019-05-06,2019-05-06 09:47:38,1.55,0.6404,50,1.53,0.6322,50,1.52,0.628,1,1.54,0.6363,3708,0
SPY190508P290,2019-05-06,2019-05-06 09:47:40,1.55,0.6404,5,1.53,0.6322,100,1.52,0.628,1,1.54,0.6363,3708,0
SPY190508P290,2019-05-06,2019-05-06 09:47:41,1.55,0.6404,5,1.53,0.6322,437,1.52,0.628,1,1.54,0.6363,3708,0
SPY190508P290,2019-05-06,2019-05-06 09:47:43,1.55,0.6404,5,1.53,0.6322,396,1.55,0.6404,3,1.54,0.6363,3713,5
SPY190508P290,2019-05-06,2019-05-06 09:47:44,1.58,0.6528,197,1.54,0.6363,100,1.55,0.6404,3,1.56,0.6446,3713,0
SPY190508P290,2019-05-06,2019-05-06 09:47:46,1.58,0.6528,50,1.55,0.6404,100,1.55,0.6404,3,1.565,0.6466,3713,0
SPY190508P290,2019-05-06,2019-05-06 09:47:47,1.57,0.6487,1,1.55,0.6404,100,1.57,0.6487,1,1.56,0.6446,3714,1
SPY190508P290,2019-05-06,2019-05-06 09:47:49,1.59,0.657,524,1.56,0.6446,90,1.57,0.6487,1,1.575,0.6508,3715,1
SPY190508P290,2019-05-06,2019-05-06 09:47:50,1.6,0.6611,496,1.57,0.6487,50,1.57,0.6487,1,1.585,0.6549,3715,0
SPY190508P290,2019-05-06,2019-05-06 09:47:53,1.59,0.657,50,1.57,0.6487,50,1.57,0.6487,1,1.58,0.6528,3715,0
SPY190508P290,2019-05-06,2019-05-06 09:47:54,1.59,0.657,50,1.57,0.6487,50,1.57,0.6487,1,1.58,0.6528,3715,0
SPY190508P290,2019-05-06,2019-05-06 09:47:56,1.59,0.657,50,1.57,0.6487,50,1.57,0.6487,1,1.58,0.6528,3715,0
SPY190508P290,2019-05-06,2019-05-06 09:47:58,1.59,0.657,50,1.57,0.6487,50,1.57,0.6487,1,1.58,0.6528,3715,0
SPY190508P290,2019-05-06,2019-05-06 09:47:59,1.59,0.657,50,1.57,0.6487,70,1.59,0.657,1,1.58,0.6528,3716,1
SPY190508P290,2019-05-06,2019-05-06 09:48:01,1.59,0.657,15,1.57,0.6487,468,1.59,0.657,1,1.58,0.6528,3716,0
SPY190508P290,2019-05-06,2019-05-06 09:48:02,1.59,0.657,15,1.58,0.6528,1,1.59,0.657,1,1.585,0.6549,3716,0
SPY190508P290,2019-05-06,2019-05-06 09:48:04,1.59,0.657,15,1.58,0.6528,58,1.59,0.657,5,1.585,0.6549,3721,5
SPY190508P290,2019-05-06,2019-05-06 09:48:06,1.61,0.6652,524,1.58,0.6528,90,1.6,0.6611,1,1.595,0.659,3722,1
SPY190508P290,2019-05-06,2019-05-06 09:48:07,1.62,0.6694,50,1.59,0.657,100,1.6,0.6611,1,1.605,0.6632,3722,0
SPY190508P290,2019-05-06,2019-05-06 09:48:09,1.64,0.6776,456,1.6,0.6611,100,1.6,0.6611,1,1.62,0.6694,3722,0
SPY190508P290,2019-05-06,2019-05-06 09:48:10,1.64,0.6776,528,1.61,0.6652,1,1.61,0.6652,15,1.625,0.6714,3747,25
SPY190508P290,2019-05-06,2019-05-06 09:48:12,1.64,0.6776,1,1.61,0.6652,236,1.64,0.6776,1,1.625,0.6714,3748,1
SPY190508P290,2019-05-06,2019-05-06 09:48:13,1.65,0.6818,647,1.62,0.6694,1,1.64,0.6776,1,1.635,0.6756,3748,0
SPY190508P290,2019-05-06,2019-05-06 09:48:15,1.66,0.6859,197,1.62,0.6694,100,1.64,0.6776,1,1.64,0.6776,3748,0
SPY190508P290,2019-05-06,2019-05-06 09:48:16,1.66,0.6859,138,1.62,0.6694,375,1.64,0.6776,1,1.64,0.6776,3748,0
SPY190508P290,2019-05-06,2019-05-06 09:48:18,1.66,0.6859,8,1.63,0.6735,516,1.64,0.6776,1,1.645,0.6797,3748,0
SPY190508P290,2019-05-06,2019-05-06 09:48:19,1.66,0.6859,8,1.64,0.6776,1,1.64,0.6776,15,1.65,0.6818,3778,30
SPY190508P290,2019-05-06,2019-05-06 09:48:21,1.66,0.6859,8,1.63,0.6735,475,1.64,0.6776,15,1.645,0.6797,3778,0
SPY190508P290,2019-05-06,2019-05-06 09:48:22,1.66,0.6859,8,1.63,0.6735,465,1.64,0.6776,15,1.645,0.6797,3778,0
SPY190508P290,2019-05-06,2019-05-06 09:48:24,1.66,0.6859,2,1.65,0.6818,50,1.64,0.6776,15,1.655,0.6838,3778,0
SPY190508P290,2019-05-06,2019-05-06 09:48:25,1.7,0.7024,809,1.66,0.6859,1,1.66,0.6859,2,1.68,0.6942,3780,2
SPY190508P290,2019-05-06,2019-05-06 09:48:27,1.68,0.6942,824,1.65,0.6818,50,1.66,0.6859,2,1.665,0.688,3780,0
SPY190508P290,2019-05-06,2019-05-06 09:48:28,1.68,0.6942,551,1.65,0.6818,67,1.66,0.6859,2,1.665,0.688,3780,0
SPY190508P290,2019-05-06,2019-05-06 09:48:30,1.68,0.6942,10,1.65,0.6818,216,1.66,0.6859,1,1.665,0.688,3801,21
SPY190508P290,2019-05-06,2019-05-06 09:48:31,1.69,0.6983,50,1.67,0.69,29,1.67,0.69,1,1.68,0.6942,3802,1
SPY190508P290,2019-05-06,2019-05-06 09:48:33,1.7,0.7024,603,1.67,0.69,55,1.67,0.69,1,1.685,0.6962,3803,1
SPY190508P290,2019-05-06,2019-05-06 09:48:34,1.69,0.6983,525,1.65,0.6818,6,1.67,0.69,1,1.67,0.69,3809,6
SPY190508P290,2019-05-06,2019-05-06 09:48:35,1.68,0.6942,72,1.65,0.6818,100,1.68,0.6942,6,1.665,0.688,3815,6
SPY190508P290,2019-05-06,2019-05-06 09:48:37,1.69,0.6983,766,1.65,0.6818,212,1.65,0.6818,20,1.67,0.69,3835,20
SPY190508P290,2019-05-06,2019-05-06 09:48:38,1.69,0.6983,740,1.65,0.6818,374,1.67,0.69,10,1.67,0.69,3845,10
SPY190508P290,2019-05-06,2019-05-06 09:48:40,1.69,0.6983,780,1.65,0.6818,285,1.68,0.6942,5,1.67,0.69,3851,6
SPY190508P290,2019-05-06,2019-05-06 09:48:41,1.68,0.6942,588,1.65,0.6818,1,1.65,0.6818,1,1.665,0.688,3863,12
SPY190508P290,2019-05-06,2019-05-06 09:48:43,1.66,0.6859,90,1.62,0.6694,459,1.65,0.6818,1,1.64,0.6776,3863,0
SPY190508P290,2019-05-06,2019-05-06 09:48:44,1.66,0.6859,565,1.62,0.6694,130,1.65,0.6818,1,1.64,0.6776,3863,0
SPY190508P290,2019-05-06,2019-05-06 09:48:46,1.66,0.6859,520,1.62,0.6694,217,1.65,0.6818,1,1.64,0.6776,3863,0
SPY190508P290,2019-05-06,2019-05-06 09:48:47,1.66,0.6859,565,1.62,0.6694,442,1.65,0.6818,1,1.64,0.6776,3863,0
SPY190508P290,2019-05-06,2019-05-06 09:48:49,1.66,0.6859,790,1.62,0.6694,306,1.65,0.6818,1,1.64,0.6776,3863,0
SPY190508P290,2019-05-06,2019-05-06 09:48:50,1.66,0.6859,895,1.62,0.6694,100,1.61,0.6652,3,1.64,0.6776,3866,3
SPY190508P290,2019-05-06,2019-05-06 09:48:52,1.65,0.6818,100,1.62,0.6694,100,1.61,0.6652,3,1.635,0.6756,3866,0
SPY190508P290,2019-05-06,2019-05-06 09:48:53,1.65,0.6818,1,1.62,0.6694,128,1.61,0.6652,3,1.635,0.6756,3866,0
SPY190508P290,2019-05-06,2019-05-06 09:48:54,1.65,0.6818,26,1.62,0.6694,100,1.61,0.6652,3,1.635,0.6756,3866,0
SPY190508P290,2019-05-06,2019-05-06 09:48:56,1.65,0.6818,50,1.62,0.6694,100,1.61,0.6652,3,1.635,0.6756,3866,0
SPY190508P290,2019-05-06,2019-05-06 09:48:58,1.65,0.6818,562,1.62,0.6694,100,1.61,0.6652,3,1.635,0.6756,3866,0
SPY190508P290,2019-05-06,2019-05-06 09:48:59,1.64,0.6776,450,1.61,0.6652,357,1.64,0.6776,1,1.625,0.6714,3867,1
SPY190508P290,2019-05-06,2019-05-06 09:49:01,1.65,0.6818,1,1.62,0.6694,100,1.64,0.6776,1,1.635,0.6756,3867,0
SPY190508P290,2019-05-06,2019-05-06 09:49:02,1.65,0.6818,1,1.61,0.6652,62,1.64,0.6776,1,1.63,0.6735,3867,0
SPY190508P290,2019-05-06,2019-05-06 09:49:04,1.65,0.6818,811,1.63,0.6735,1,1.64,0.6776,1,1.64,0.6776,3867,0
SPY190508P290,2019-05-06,2019-05-06 09:49:05,1.63,0.6735,1006,1.61,0.6652,100,1.63,0.6735,1,1.62,0.6694,3868,1
SPY190508P290,2019-05-06,2019-05-06 09:49:07,1.65,0.6818,560,1.61,0.6652,378,1.63,0.6735,1,1.63,0.6735,3868,0
SPY190508P290,2019-05-06,2019-05-06 09:49:08,1.65,0.6818,1024,1.61,0.6652,105,1.64,0.6776,1,1.63,0.6735,3868,0
SPY190508P290,2019-05-06,2019-05-06 09:49:10,1.64,0.6776,50,1.61,0.6652,100,1.64,0.6776,1,1.625,0.6714,3869,1
SPY190508P290,2019-05-06,2019-05-06 09:49:12,1.65,0.6818,930,1.61,0.6652,100,1.64,0.6776,1,1.63,0.6735,3869,0
SPY190508P290,2019-05-06,2019-05-06 09:49:13,1.64,0.6776,90,1.6,0.6611,533,1.64,0.6776,1,1.62,0.6694,3870,1
SPY190508P290,2019-05-06,2019-05-06 09:49:15,1.64,0.6776,50,1.61,0.6652,100,1.64,0.6776,1,1.625,0.6714,3870,0
SPY190508P290,2019-05-06,2019-05-06 09:49:16,1.65,0.6818,50,1.61,0.6652,453,1.65,0.6818,6,1.63,0.6735,3876,6
SPY190508P290,2019-05-06,2019-05-06 09:49:18,1.65,0.6818,798,1.61,0.6652,100,1.65,0.6818,6,1.63,0.6735,3876,0
SPY190508P290,2019-05-06,2019-05-06 09:49:19,1.65,0.6818,341,1.61,0.6652,100,1.65,0.6818,6,1.63,0.6735,3876,0
SPY190508P290,2019-05-06,2019-05-06 09:49:21,1.63,0.6735,1,1.61,0.6652,50,1.63,0.6735,1,1.62,0.6694,3877,1
SPY190508P290,2019-05-06,2019-05-06 09:49:22,1.64,0.6776,285,1.6,0.6611,373,1.63,0.6735,1,1.62,0.6694,3877,0
SPY190508P290,2019-05-06,2019-05-06 09:49:24,1.64,0.6776,522,1.6,0.6611,285,1.63,0.6735,1,1.62,0.6694,3877,0
SPY190508P290,2019-05-06,2019-05-06 09:49:25,1.64,0.6776,552,1.6,0.6611,100,1.63,0.6735,1,1.62,0.6694,3877,0
SPY190508P290,2019-05-06,2019-05-06 09:49:28,1.63,0.6735,888,1.6,0.6611,28,1.63,0.6735,1,1.615,0.6673,3877,0
SPY190508P290,2019-05-06,2019-05-06 09:49:29,1.63,0.6735,50,1.6,0.6611,100,1.63,0.6735,1,1.615,0.6673,3877,0
SPY190508P290,2019-05-06,2019-05-06 09:49:31,1.64,0.6776,50,1.6,0.6611,465,1.63,0.6735,1,1.62,0.6694,3877,0
SPY190508P290,2019-05-06,2019-05-06 09:49:32,1.65,0.6818,50,1.62,0.6694,100,1.63,0.6735,1,1.635,0.6756,3877,0
SPY190508P290,2019-05-06,2019-05-06 09:49:34,1.68,0.6942,450,1.64,0.6776,60,1.65,0.6818,6,1.66,0.6859,3911,34
SPY190508P290,2019-05-06,2019-05-06 09:49:35,1.69,0.6983,331,1.65,0.6818,90,1.65,0.6818,6,1.67,0.69,3911,0
SPY190508P290,2019-05-06,2019-05-06 09:49:37,1.69,0.6983,1036,1.65,0.6818,100,1.65,0.6818,6,1.67,0.69,3911,0
SPY190508P290,2019-05-06,2019-05-06 09:49:38,1.69,0.6983,679,1.65,0.6818,100,1.65,0.6818,6,1.67,0.69,3911,0
SPY190508P290,2019-05-06,2019-05-06 09:49:40,1.69,0.6983,1100,1.65,0.6818,100,1.69,0.6983,10,1.67,0.69,3921,10
SPY190508P290,2019-05-06,2019-05-06 09:49:41,1.69,0.6983,560,1.66,0.6859,1,1.66,0.6859,3,1.675,0.6921,3924,3
SPY190508P290,2019-05-06,2019-05-06 09:49:43,1.69,0.6983,555,1.66,0.6859,87,1.66,0.6859,3,1.675,0.6921,3924,0
SPY190508P290,2019-05-06,2019-05-06 09:49:44,1.69,0.6983,46,1.67,0.69,1,1.67,0.69,1,1.68,0.6942,3926,2
SPY190508P290,2019-05-06,2019-05-06 09:49:48,1.7,0.7024,833,1.67,0.69,50,1.67,0.69,1,1.685,0.6962,3926,0
SPY190508P290,2019-05-06,2019-05-06 09:49:50,1.7,0.7024,90,1.67,0.69,100,1.67,0.69,1,1.685,0.6962,3926,0
SPY190508P290,2019-05-06,2019-05-06 09:49:52,1.7,0.7024,992,1.67,0.69,1,1.68,0.6942,6,1.685,0.6962,3932,6
SPY190508P290,2019-05-06,2019-05-06 09:49:54,1.72,0.7107,50,1.68,0.6942,73,1.68,0.6942,6,1.7,0.7024,3932,0
SPY190508P290,2019-05-06,2019-05-06 09:49:56,1.72,0.7107,100,1.68,0.6942,473,1.7,0.7024,4,1.7,0.7024,3936,4
SPY190508P290,2019-05-06,2019-05-06 09:49:58,1.72,0.7107,263,1.68,0.6942,474,1.7,0.7024,4,1.7,0.7024,3936,0
SPY190508P290,2019-05-06,2019-05-06 09:50:00,1.72,0.7107,85,1.69,0.6983,90,1.7,0.7024,2,1.705,0.7045,3938,2
SPY190508P290,2019-05-06,2019-05-06 09:50:02,1.72,0.7107,100,1.69,0.6983,46,1.7,0.7024,2,1.705,0.7045,3938,0
SPY190508P290,2019-05-06,2019-05-06 09:50:03,1.72,0.7107,100,1.7,0.7024,1,1.7,0.7024,5,1.71,0.7066,3943,5
SPY190508P290,2019-05-06,2019-05-06 09:50:05,1.71,0.7066,1,1.68,0.6942,383,1.71,0.7066,2,1.695,0.7004,3945,2
SPY190508P290,2019-05-06,2019-05-06 09:50:07,1.72,0.7107,100,1.68,0.6942,538,1.71,0.7066,2,1.7,0.7024,3945,0
SPY190508P290,2019-05-06,2019-05-06 09:50:08,1.72,0.7107,100,1.68,0.6942,493,1.71,0.7066,2,1.7,0.7024,3945,0
SPY190508P290,2019-05-06,2019-05-06 09:50:09,1.72,0.7107,100,1.68,0.6942,493,1.7,0.7024,2,1.7,0.7024,3947,2
SPY190508P290,2019-05-06,2019-05-06 09:50:11,1.72,0.7107,100,1.69,0.6983,81,1.7,0.7024,2,1.705,0.7045,3947,0
SPY190508P290,2019-05-06,2019-05-06 09:50:12,1.72,0.7107,100,1.69,0.6983,50,1.7,0.7024,2,1.705,0.7045,3947,0
SPY190508P290,2019-05-06,2019-05-06 09:50:14,1.72,0.7107,90,1.69,0.6983,72,1.7,0.7024,2,1.705,0.7045,3947,0
SPY190508P290,2019-05-06,2019-05-06 09:50:15,1.73,0.7148,50,1.69,0.6983,367,1.7,0.7024,2,1.71,0.7066,3947,0
SPY190508P290,2019-05-06,2019-05-06 09:50:17,1.71,0.7066,1,1.69,0.6983,580,1.7,0.7024,2,1.7,0.7024,3947,0
SPY190508P290,2019-05-06,2019-05-06 09:50:19,1.74,0.719,50,1.71,0.7066,100,1.71,0.7066,1,1.725,0.7128,3948,1
SPY190508P290,2019-05-06,2019-05-06 09:50:20,1.75,0.7231,6,1.71,0.7066,130,1.71,0.7066,1,1.73,0.7148,3948,0
SPY190508P290,2019-05-06,2019-05-06 09:50:21,1.74,0.719,50,1.71,0.7066,100,1.71,0.7066,1,1.725,0.7128,3948,0
SPY190508P290,2019-05-06,2019-05-06 09:50:23,1.74,0.719,27,1.71,0.7066,130,1.71,0.7066,1,1.725,0.7128,3948,0
SPY190508P290,2019-05-06,2019-05-06 09:50:25,1.75,0.7231,718,1.71,0.7066,130,1.71,0.7066,1,1.73,0.7148,3948,0
SPY190508P290,2019-05-06,2019-05-06 09:50:26,1.75,0.7231,721,1.72,0.7107,65,1.71,0.7066,1,1.735,0.7169,3948,0
SPY190508P290,2019-05-06,2019-05-06 09:50:28,1.75,0.7231,635,1.71,0.7066,130,1.71,0.7066,1,1.73,0.7148,3948,0
SPY190508P290,2019-05-06,2019-05-06 09:50:29,1.75,0.7231,6,1.71,0.7066,509,1.73,0.7148,1,1.73,0.7148,3949,1
SPY190508P290,2019-05-06,2019-05-06 09:50:31,1.75,0.7231,50,1.73,0.7148,50,1.73,0.7148,1,1.74,0.719,3949,0
SPY190508P290,2019-05-06,2019-05-06 09:50:32,1.75,0.7231,50,1.73,0.7148,50,1.73,0.7148,1,1.74,0.719,3949,0
SPY190508P290,2019-05-06,2019-05-06 09:50:33,1.75,0.7231,5,1.73,0.7148,79,1.73,0.7148,1,1.74,0.719,3949,0
SPY190508P290,2019-05-06,2019-05-06 09:50:35,1.75,0.7231,5,1.73,0.7148,64,1.73,0.7148,1,1.74,0.719,3949,0
SPY190508P290,2019-05-06,2019-05-06 09:50:36,1.75,0.7231,5,1.73,0.7148,64,1.73,0.7148,1,1.74,0.719,3949,0
SPY190508P290,2019-05-06,2019-05-06 09:50:38,1.75,0.7231,6,1.73,0.7148,50,1.73,0.7148,1,1.74,0.719,3949,0
SPY190508P290,2019-05-06,2019-05-06 09:50:39,1.75,0.7231,25,1.73,0.7148,50,1.73,0.7148,1,1.74,0.719,3949,0
SPY190508P290,2019-05-06,2019-05-06 09:50:41,1.75,0.7231,100,1.73,0.7148,1,1.73,0.7148,1,1.74,0.719,3949,0
SPY190508P290,2019-05-06,2019-05-06 09:50:42,1.74,0.719,50,1.71,0.7066,100,1.73,0.7148,1,1.725,0.7128,3950,1
SPY190508P290,2019-05-06,2019-05-06 09:50:44,1.73,0.7148,1,1.71,0.7066,65,1.73,0.7148,1,1.72,0.7107,3951,1
SPY190508P290,2019-05-06,2019-05-06 09:50:45,1.74,0.719,9,1.7,0.7024,50,1.73,0.7148,1,1.72,0.7107,3953,2
SPY190508P290,2019-05-06,2019-05-06 09:50:47,1.72,0.7107,1,1.7,0.7024,21,1.73,0.7148,1,1.71,0.7066,3953,0
SPY190508P290,2019-05-06,2019-05-06 09:50:48,1.72,0.7107,1,1.7,0.7024,100,1.73,0.7148,1,1.71,0.7066,3953,0
SPY190508P290,2019-05-06,2019-05-06 09:50:50,1.72,0.7107,1,1.7,0.7024,100,1.73,0.7148,1,1.71,0.7066,3953,0
SPY190508P290,2019-05-06,2019-05-06 09:50:51,1.72,0.7107,1,1.7,0.7024,100,1.73,0.7148,1,1.71,0.7066,3953,0
SPY190508P290,2019-05-06,2019-05-06 09:50:53,1.72,0.7107,1,1.71,0.7066,5,1.7,0.7024,1,1.715,0.7086,3955,2
SPY190508P290,2019-05-06,2019-05-06 09:50:54,1.72,0.7107,1,1.71,0.7066,5,1.7,0.7024,1,1.715,0.7086,3955,0
SPY190508P290,2019-05-06,2019-05-06 09:50:56,1.72,0.7107,1,1.71,0.7066,5,1.7,0.7024,1,1.715,0.7086,3955,0
SPY190508P290,2019-05-06,2019-05-06 09:50:57,1.72,0.7107,1,1.71,0.7066,5,1.71,0.7066,1,1.715,0.7086,3958,3
SPY190508P290,2019-05-06,2019-05-06 09:50:59,1.72,0.7107,1,1.71,0.7066,5,1.71,0.7066,1,1.715,0.7086,3958,0
SPY190508P290,2019-05-06,2019-05-06 09:51:00,1.72,0.7107,1,1.71,0.7066,100,1.71,0.7066,1,1.715,0.7086,3958,0
SPY190508P290,2019-05-06,2019-05-06 09:51:02,1.75,0.7231,682,1.71,0.7066,99,1.71,0.7066,1,1.73,0.7148,3959,1
SPY190508P290,2019-05-06,2019-05-06 09:51:03,1.75,0.7231,810,1.71,0.7066,99,1.71,0.7066,1,1.73,0.7148,3959,0
SPY190508P290,2019-05-06,2019-05-06 09:51:05,1.75,0.7231,810,1.71,0.7066,99,1.71,0.7066,1,1.73,0.7148,3959,0
SPY190508P290,2019-05-06,2019-05-06 09:51:06,1.75,0.7231,374,1.73,0.7148,1,1.71,0.7066,1,1.74,0.719,3959,0
SPY190508P290,2019-05-06,2019-05-06 09:51:08,1.75,0.7231,374,1.73,0.7148,1,1.71,0.7066,1,1.74,0.719,3959,0
SPY190508P290,2019-05-06,2019-05-06 09:51:09,1.75,0.7231,50,1.73,0.7148,26,1.73,0.7148,100,1.74,0.719,4059,100
SPY190508P290,2019-05-06,2019-05-06 09:51:11,1.75,0.7231,50,1.73,0.7148,35,1.73,0.7148,100,1.74,0.719,4059,0
SPY190508P290,2019-05-06,2019-05-06 09:51:12,1.75,0.7231,105,1.73,0.7148,9,1.73,0.7148,100,1.74,0.719,4059,0
SPY190508P290,2019-05-06,2019-05-06 09:51:14,1.74,0.719,506,1.71,0.7066,5,1.73,0.7148,9,1.725,0.7128,4069,10
SPY190508P290,2019-05-06,2019-05-06 09:51:15,1.74,0.719,842,1.71,0.7066,5,1.72,0.7107,1,1.725,0.7128,4070,1
SPY190508P290,2019-05-06,2019-05-06 09:51:17,1.73,0.7148,457,1.66,0.6859,160,1.72,0.7107,1,1.695,0.7004,4070,0
SPY190508P290,2019-05-06,2019-05-06 09:51:18,1.68,0.6942,90,1.64,0.6776,160,1.72,0.7107,1,1.66,0.6859,4070,0
SPY190508P290,2019-05-06,2019-05-06 09:51:20,1.68,0.6942,51,1.64,0.6776,400,1.72,0.7107,1,1.66,0.6859,4070,0
SPY190508P290,2019-05-06,2019-05-06 09:51:21,1.68,0.6942,70,1.64,0.6776,130,1.72,0.7107,1,1.66,0.6859,4070,0
SPY190508P290,2019-05-06,2019-05-06 09:51:23,1.68,0.6942,70,1.64,0.6776,363,1.72,0.7107,1,1.66,0.6859,4070,0
SPY190508P290,2019-05-06,2019-05-06 09:51:24,1.68,0.6942,60,1.64,0.6776,100,1.72,0.7107,1,1.66,0.6859,4070,0
SPY190508P290,2019-05-06,2019-05-06 09:51:26,1.64,0.6776,1,1.61,0.6652,246,1.64,0.6776,2,1.625,0.6714,4093,23
SPY190508P290,2019-05-06,2019-05-06 09:51:27,1.64,0.6776,94,1.61,0.6652,137,1.64,0.6776,2,1.625,0.6714,4093,0
SPY190508P290,2019-05-06,2019-05-06 09:51:29,1.63,0.6735,100,1.6,0.6611,29,1.64,0.6776,2,1.615,0.6673,4093,0
SPY190508P290,2019-05-06,2019-05-06 09:51:30,1.63,0.6735,281,1.6,0.6611,50,1.64,0.6776,2,1.615,0.6673,4093,0
SPY190508P290,2019-05-06,2019-05-06 09:51:32,1.64,0.6776,100,1.6,0.6611,100,1.64,0.6776,2,1.62,0.6694,4093,0
SPY190508P290,2019-05-06,2019-05-06 09:51:33,1.64,0.6776,389,1.6,0.6611,139,1.63,0.6735,1,1.62,0.6694,4099,6
SPY190508P290,2019-05-06,2019-05-06 09:51:34,1.63,0.6735,100,1.6,0.6611,91,1.63,0.6735,1,1.615,0.6673,4099,0
SPY190508P290,2019-05-06,2019-05-06 09:51:36,1.63,0.6735,50,1.6,0.6611,341,1.63,0.6735,1,1.615,0.6673,4099,0
SPY190508P290,2019-05-06,2019-05-06 09:51:37,1.64,0.6776,85,1.61,0.6652,90,1.63,0.6735,1,1.625,0.6714,4099,0
SPY190508P290,2019-05-06,2019-05-06 09:51:39,1.64,0.6776,85,1.61,0.6652,90,1.63,0.6735,1,1.625,0.6714,4099,0
SPY190508P290,2019-05-06,2019-05-06 09:51:40,1.64,0.6776,100,1.61,0.6652,50,1.61,0.6652,100,1.625,0.6714,4199,100
SPY190508P290,2019-05-06,2019-05-06 09:51:42,1.64,0.6776,61,1.61,0.6652,105,1.61,0.6652,100,1.625,0.6714,4199,0
SPY190508P290,2019-05-06,2019-05-06 09:51:43,1.63,0.6735,160,1.6,0.6611,50,1.61,0.6652,100,1.615,0.6673,4199,0
SPY190508P290,2019-05-06,2019-05-06 09:51:45,1.62,0.6694,50,1.6,0.6611,50,1.61,0.6652,25,1.61,0.6652,4224,25
SPY190508P290,2019-05-06,2019-05-06 09:51:46,1.62,0.6694,90,1.6,0.6611,2,1.6,0.6611,1,1.61,0.6652,4225,1
SPY190508P290,2019-05-06,2019-05-06 09:51:48,1.62,0.6694,160,1.6,0.6611,2,1.6,0.6611,1,1.61,0.6652,4225,0
SPY190508P290,2019-05-06,2019-05-06 09:51:49,1.61,0.6652,70,1.6,0.6611,2,1.6,0.6611,1,1.605,0.6632,4225,0
SPY190508P290,2019-05-06,2019-05-06 09:51:51,1.6,0.6611,1,1.58,0.6528,100,1.6,0.6611,2,1.59,0.657,4227,2
SPY190508P290,2019-05-06,2019-05-06 09:51:52,1.61,0.6652,60,1.58,0.6528,1,1.58,0.6528,1,1.595,0.659,4228,1
SPY190508P290,2019-05-06,2019-05-06 09:51:53,1.6,0.6611,100,1.57,0.6487,50,1.58,0.6528,1,1.585,0.6549,4228,0
SPY190508P290,2019-05-06,2019-05-06 09:51:55,1.58,0.6528,20,1.57,0.6487,50,1.58,0.6528,1,1.575,0.6508,4228,0
SPY190508P290,2019-05-06,2019-05-06 09:51:57,1.58,0.6528,20,1.57,0.6487,50,1.58,0.6528,1,1.575,0.6508,4228,0
SPY190508P290,2019-05-06,2019-05-06 09:51:58,1.58,0.6528,50,1.56,0.6446,92,1.57,0.6487,1,1.57,0.6487,4239,11
SPY190508P290,2019-05-06,2019-05-06 09:52:00,1.59,0.657,55,1.55,0.6404,40,1.57,0.6487,1,1.57,0.6487,4239,0
SPY190508P290,2019-05-06,2019-05-06 09:52:01,1.6,0.6611,702,1.54,0.6363,31,1.57,0.6487,1,1.57,0.6487,4239,0
SPY190508P290,2019-05-06,2019-05-06 09:52:03,1.59,0.657,935,1.52,0.628,83,1.57,0.6487,1,1.555,0.6425,4239,0
SPY190508P290,2019-05-06,2019-05-06 09:52:04,1.59,0.657,100,1.54,0.6363,174,1.57,0.6487,1,1.565,0.6466,4239,0
SPY190508P290,2019-05-06,2019-05-06 09:52:06,1.56,0.6446,10,1.54,0.6363,100,1.57,0.6487,1,1.55,0.6404,4239,0
SPY190508P290,2019-05-06,2019-05-06 09:52:07,1.59,0.657,281,1.55,0.6404,40,1.56,0.6446,10,1.57,0.6487,4249,10
SPY190508P290,2019-05-06,2019-05-06 09:52:08,1.59,0.657,281,1.56,0.6446,50,1.56,0.6446,10,1.575,0.6508,4249,0
SPY190508P290,2019-05-06,2019-05-06 09:52:10,1.6,0.6611,421,1.56,0.6446,50,1.56,0.6446,10,1.58,0.6528,4249,0
SPY190508P290,2019-05-06,2019-05-06 09:52:12,1.59,0.657,105,1.56,0.6446,50,1.57,0.6487,3,1.575,0.6508,4252,3
SPY190508P290,2019-05-06,2019-05-06 09:52:13,1.59,0.657,100,1.56,0.6446,100,1.57,0.6487,3,1.575,0.6508,4252,0
SPY190508P290,2019-05-06,2019-05-06 09:52:14,1.59,0.657,40,1.56,0.6446,50,1.57,0.6487,3,1.575,0.6508,4252,0
SPY190508P290,2019-05-06,2019-05-06 09:52:16,1.59,0.657,67,1.56,0.6446,100,1.57,0.6487,3,1.575,0.6508,4252,0
SPY190508P290,2019-05-06,2019-05-06 09:52:17,1.59,0.657,40,1.56,0.6446,100,1.57,0.6487,3,1.575,0.6508,4252,0
SPY190508P290,2019-05-06,2019-05-06 09:52:19,1.59,0.657,40,1.56,0.6446,100,1.57,0.6487,3,1.575,0.6508,4252,0
SPY190508P290,2019-05-06,2019-05-06 09:52:21,1.59,0.657,75,1.56,0.6446,100,1.57,0.6487,3,1.575,0.6508,4252,0
SPY190508P290,2019-05-06,2019-05-06 09:52:22,1.59,0.657,75,1.56,0.6446,100,1.58,0.6528,39,1.575,0.6508,4291,39
SPY190508P290,2019-05-06,2019-05-06 09:52:24,1.59,0.657,196,1.54,0.6363,50,1.57,0.6487,3,1.565,0.6466,4345,54
SPY190508P290,2019-05-06,2019-05-06 09:52:26,1.57,0.6487,100,1.53,0.6322,100,1.57,0.6487,3,1.55,0.6404,4345,0
SPY190508P290,2019-05-06,2019-05-06 09:52:27,1.57,0.6487,100,1.53,0.6322,100,1.57,0.6487,3,1.55,0.6404,4345,0
SPY190508P290,2019-05-06,2019-05-06 09:52:29,1.56,0.6446,50,1.53,0.6322,396,1.57,0.6487,3,1.545,0.6384,4345,0
SPY190508P290,2019-05-06,2019-05-06 09:52:31,1.58,0.6528,160,1.53,0.6322,506,1.57,0.6487,3,1.555,0.6425,4345,0
SPY190508P290,2019-05-06,2019-05-06 09:52:32,1.57,0.6487,100,1.53,0.6322,511,1.57,0.6487,3,1.55,0.6404,4345,0
SPY190508P290,2019-05-06,2019-05-06 09:52:34,1.56,0.6446,75,1.53,0.6322,532,1.57,0.6487,3,1.545,0.6384,4345,0
SPY190508P290,2019-05-06,2019-05-06 09:52:36,1.56,0.6446,118,1.53,0.6322,249,1.57,0.6487,3,1.545,0.6384,4345,0
SPY190508P290,2019-05-06,2019-05-06 09:52:37,1.56,0.6446,118,1.53,0.6322,100,1.57,0.6487,3,1.545,0.6384,4345,0
SPY190508P290,2019-05-06,2019-05-06 09:52:39,1.56,0.6446,118,1.53,0.6322,100,1.57,0.6487,3,1.545,0.6384,4345,0
SPY190508P290,2019-05-06,2019-05-06 09:52:40,1.55,0.6404,1,1.52,0.628,196,1.55,0.6404,1,1.535,0.6342,4347,2
SPY190508P290,2019-05-06,2019-05-06 09:52:41,1.56,0.6446,125,1.53,0.6322,346,1.55,0.6404,1,1.545,0.6384,4347,0
SPY190508P290,2019-05-06,2019-05-06 09:52:43,1.56,0.6446,125,1.53,0.6322,100,1.55,0.6404,1,1.545,0.6384,4347,0
SPY190508P290,2019-05-06,2019-05-06 09:52:44,1.56,0.6446,576,1.51,0.6239,222,1.55,0.6404,1,1.535,0.6342,4347,0
SPY190508P290,2019-05-06,2019-05-06 09:52:46,1.55,0.6404,90,1.51,0.6239,447,1.55,0.6404,1,1.53,0.6322,4347,0
SPY190508P290,2019-05-06,2019-05-06 09:52:47,1.55,0.6404,50,1.51,0.6239,474,1.55,0.6404,1,1.53,0.6322,4347,0
SPY190508P290,2019-05-06,2019-05-06 09:52:49,1.54,0.6363,100,1.51,0.6239,144,1.55,0.6404,1,1.525,0.6301,4347,0
SPY190508P290,2019-05-06,2019-05-06 09:52:50,1.54,0.6363,524,1.51,0.6239,5,1.55,0.6404,1,1.525,0.6301,4347,0
SPY190508P290,2019-05-06,2019-05-06 09:52:52,1.53,0.6322,160,1.51,0.6239,5,1.55,0.6404,1,1.52,0.628,4347,0
SPY190508P290,2019-05-06,2019-05-06 09:52:53,1.53,0.6322,105,1.51,0.6239,8,1.51,0.6239,3,1.52,0.628,4350,3
SPY190508P290,2019-05-06,2019-05-06 09:52:55,1.52,0.628,90,1.51,0.6239,2,1.51,0.6239,3,1.515,0.626,4350,0
SPY190508P290,2019-05-06,2019-05-06 09:52:56,1.52,0.628,100,1.51,0.6239,2,1.51,0.6239,3,1.515,0.626,4350,0
SPY190508P290,2019-05-06,2019-05-06 09:52:58,1.52,0.628,90,1.5,0.6198,1,1.51,0.6239,2,1.51,0.6239,4352,2
SPY190508P290,2019-05-06,2019-05-06 09:52:59,1.52,0.628,100,1.48,0.6115,578,1.5,0.6198,4,1.5,0.6198,4357,5
SPY190508P290,2019-05-06,2019-05-06 09:53:01,1.51,0.6239,660,1.46,0.6033,218,1.5,0.6198,4,1.485,0.6136,4357,0
SPY190508P290,2019-05-06,2019-05-06 09:53:02,1.51,0.6239,503,1.46,0.6033,443,1.48,0.6115,3,1.485,0.6136,4360,3
SPY190508P290,2019-05-06,2019-05-06 09:53:04,1.5,0.6198,100,1.46,0.6033,380,1.48,0.6115,3,1.48,0.6115,4360,0
SPY190508P290,2019-05-06,2019-05-06 09:53:05,1.5,0.6198,100,1.46,0.6033,380,1.48,0.6115,3,1.48,0.6115,4360,0
SPY190508P290,2019-05-06,2019-05-06 09:53:06,1.5,0.6198,100,1.46,0.6033,380,1.48,0.6115,3,1.48,0.6115,4360,0
SPY190508P290,2019-05-06,2019-05-06 09:53:08,1.49,0.6157,330,1.46,0.6033,50,1.49,0.6157,10,1.475,0.6095,4370,10
SPY190508P290,2019-05-06,2019-05-06 09:53:09,1.49,0.6157,285,1.46,0.6033,109,1.46,0.6033,2,1.475,0.6095,4372,2
SPY190508P290,2019-05-06,2019-05-06 09:53:11,1.49,0.6157,50,1.46,0.6033,100,1.48,0.6115,1,1.475,0.6095,4373,1
SPY190508P290,2019-05-06,2019-05-06 09:53:12,1.5,0.6198,100,1.46,0.6033,609,1.48,0.6115,10,1.48,0.6115,4385,12
SPY190508P290,2019-05-06,2019-05-06 09:53:14,1.48,0.6115,1,1.46,0.6033,100,1.48,0.6115,10,1.47,0.6074,4385,0
SPY190508P290,2019-05-06,2019-05-06 09:53:15,1.5,0.6198,105,1.46,0.6033,230,1.48,0.6115,1,1.48,0.6115,4386,1
SPY190508P290,2019-05-06,2019-05-06 09:53:17,1.5,0.6198,52,1.47,0.6074,361,1.48,0.6115,1,1.485,0.6136,4386,0
SPY190508P290,2019-05-06,2019-05-06 09:53:18,1.5,0.6198,285,1.47,0.6074,50,1.48,0.6115,1,1.485,0.6136,4386,0
SPY190508P290,2019-05-06,2019-05-06 09:53:19,1.5,0.6198,180,1.47,0.6074,50,1.48,0.6115,1,1.485,0.6136,4386,0
SPY190508P290,2019-05-06,2019-05-06 09:53:21,1.5,0.6198,305,1.47,0.6074,50,1.48,0.6115,1,1.485,0.6136,4386,0
SPY190508P290,2019-05-06,2019-05-06 09:53:22,1.5,0.6198,171,1.47,0.6074,50,1.5,0.6198,1,1.485,0.6136,4387,1
SPY190508P290,2019-05-06,2019-05-06 09:53:24,1.5,0.6198,125,1.47,0.6074,86,1.5,0.6198,1,1.485,0.6136,4387,0
SPY190508P290,2019-05-06,2019-05-06 09:53:25,1.5,0.6198,100,1.47,0.6074,86,1.5,0.6198,1,1.485,0.6136,4387,0
SPY190508P290,2019-05-06,2019-05-06 09:53:27,1.5,0.6198,100,1.47,0.6074,50,1.5,0.6198,1,1.485,0.6136,4387,0
SPY190508P290,2019-05-06,2019-05-06 09:53:28,1.49,0.6157,20,1.47,0.6074,100,1.5,0.6198,1,1.48,0.6115,4387,0
SPY190508P290,2019-05-06,2019-05-06 09:53:30,1.49,0.6157,20,1.47,0.6074,100,1.5,0.6198,1,1.48,0.6115,4387,0
SPY190508P290,2019-05-06,2019-05-06 09:53:31,1.49,0.6157,30,1.47,0.6074,152,1.48,0.6115,1,1.48,0.6115,4389,2
SPY190508P290,2019-05-06,2019-05-06 09:53:33,1.53,0.6322,100,1.49,0.6157,100,1.5,0.6198,2,1.51,0.6239,4489,100
SPY190508P290,2019-05-06,2019-05-06 09:53:35,1.56,0.6446,1,1.51,0.6239,90,1.53,0.6322,1,1.535,0.6342,4514,25
SPY190508P290,2019-05-06,2019-05-06 09:53:36,1.58,0.6528,325,1.53,0.6322,218,1.53,0.6322,1,1.555,0.6425,4514,0
SPY190508P290,2019-05-06,2019-05-06 09:53:38,1.58,0.6528,50,1.54,0.6363,395,1.53,0.6322,1,1.56,0.6446,4514,0
SPY190508P290,2019-05-06,2019-05-06 09:53:39,1.59,0.657,536,1.55,0.6404,91,1.56,0.6446,1,1.57,0.6487,4515,1
SPY190508P290,2019-05-06,2019-05-06 09:53:41,1.58,0.6528,597,1.54,0.6363,6,1.56,0.6446,1,1.56,0.6446,4515,0
SPY190508P290,2019-05-06,2019-05-06 09:53:42,1.57,0.6487,356,1.53,0.6322,100,1.56,0.6446,1,1.55,0.6404,4515,0
SPY190508P290,2019-05-06,2019-05-06 09:53:44,1.57,0.6487,160,1.53,0.6322,100,1.56,0.6446,1,1.55,0.6404,4515,0
SPY190508P290,2019-05-06,2019-05-06 09:53:45,1.57,0.6487,330,1.53,0.6322,100,1.56,0.6446,1,1.55,0.6404,4515,0
SPY190508P290,2019-05-06,2019-05-06 09:53:47,1.57,0.6487,285,1.53,0.6322,100,1.56,0.6446,1,1.55,0.6404,4516,1
SPY190508P290,2019-05-06,2019-05-06 09:53:48,1.57,0.6487,443,1.53,0.6322,100,1.56,0.6446,1,1.55,0.6404,4516,0
SPY190508P290,2019-05-06,2019-05-06 09:53:50,1.59,0.657,160,1.53,0.6322,227,1.56,0.6446,1,1.56,0.6446,4516,0
SPY190508P290,2019-05-06,2019-05-06 09:53:51,1.58,0.6528,100,1.54,0.6363,435,1.56,0.6446,1,1.56,0.6446,4516,0
SPY190508P290,2019-05-06,2019-05-06 09:53:52,1.57,0.6487,60,1.54,0.6363,50,1.56,0.6446,1,1.555,0.6425,4516,0
SPY190508P290,2019-05-06,2019-05-06 09:53:54,1.56,0.6446,1,1.54,0.6363,50,1.56,0.6446,1,1.55,0.6404,4517,1
SPY190508P290,2019-05-06,2019-05-06 09:53:55,1.56,0.6446,204,1.53,0.6322,6,1.56,0.6446,1,1.545,0.6384,4517,0
SPY190508P290,2019-05-06,2019-05-06 09:53:57,1.53,0.6322,90,1.5,0.6198,50,1.53,0.6322,9,1.515,0.626,4532,15
SPY190508P290,2019-05-06,2019-05-06 09:53:58,1.53,0.6322,50,1.5,0.6198,50,1.53,0.6322,2,1.515,0.626,4534,2
SPY190508P290,2019-05-06,2019-05-06 09:54:00,1.53,0.6322,100,1.5,0.6198,50,1.53,0.6322,2,1.515,0.626,4534,0
SPY190508P290,2019-05-06,2019-05-06 09:54:01,1.53,0.6322,100,1.49,0.6157,150,1.53,0.6322,2,1.51,0.6239,4534,0
SPY190508P290,2019-05-06,2019-05-06 09:54:03,1.56,0.6446,670,1.5,0.6198,10,1.53,0.6322,2,1.53,0.6322,4534,0
SPY190508P290,2019-05-06,2019-05-06 09:54:04,1.55,0.6404,974,1.51,0.6239,40,1.53,0.6322,2,1.53,0.6322,4534,0
SPY190508P290,2019-05-06,2019-05-06 09:54:05,1.53,0.6322,797,1.47,0.6074,106,1.53,0.6322,2,1.5,0.6198,4534,0
SPY190508P290,2019-05-06,2019-05-06 09:54:07,1.52,0.628,274,1.47,0.6074,50,1.53,0.6322,2,1.495,0.6177,4534,0
SPY190508P290,2019-05-06,2019-05-06 09:54:09,1.51,0.6239,160,1.47,0.6074,285,1.53,0.6322,2,1.49,0.6157,4534,0
SPY190508P290,2019-05-06,2019-05-06 09:54:10,1.5,0.6198,780,1.47,0.6074,2,1.48,0.6115,5,1.485,0.6136,4539,5
SPY190508P290,2019-05-06,2019-05-06 09:54:11,1.5,0.6198,50,1.47,0.6074,2,1.48,0.6115,5,1.485,0.6136,4539,0
SPY190508P290,2019-05-06,2019-05-06 09:54:13,1.5,0.6198,100,1.47,0.6074,2,1.48,0.6115,5,1.485,0.6136,4539,0
SPY190508P290,2019-05-06,2019-05-06 09:54:14,1.5,0.6198,100,1.47,0.6074,90,1.48,0.6115,5,1.485,0.6136,4539,0
SPY190508P290,2019-05-06,2019-05-06 09:54:16,1.51,0.6239,789,1.47,0.6074,81,1.48,0.6115,5,1.49,0.6157,4539,0
SPY190508P290,2019-05-06,2019-05-06 09:54:17,1.51,0.6239,982,1.47,0.6074,50,1.48,0.6115,5,1.49,0.6157,4539,0
SPY190508P290,2019-05-06,2019-05-06 09:54:19,1.5,0.6198,657,1.47,0.6074,2,1.48,0.6115,5,1.485,0.6136,4539,0
SPY190508P290,2019-05-06,2019-05-06 09:54:20,1.5,0.6198,937,1.47,0.6074,2,1.48,0.6115,5,1.485,0.6136,4539,0
SPY190508P290,2019-05-06,2019-05-06 09:54:22,1.49,0.6157,100,1.47,0.6074,2,1.48,0.6115,5,1.48,0.6115,4539,0
SPY190508P290,2019-05-06,2019-05-06 09:54:23,1.49,0.6157,100,1.47,0.6074,2,1.48,0.6115,5,1.48,0.6115,4539,0
SPY190508P290,2019-05-06,2019-05-06 09:54:25,1.49,0.6157,100,1.47,0.6074,2,1.48,0.6115,5,1.48,0.6115,4539,0
SPY190508P290,2019-05-06,2019-05-06 09:54:26,1.52,0.628,936,1.48,0.6115,90,1.48,0.6115,5,1.5,0.6198,4539,0
SPY190508P290,2019-05-06,2019-05-06 09:54:28,1.52,0.628,450,1.48,0.6115,116,1.48,0.6115,5,1.5,0.6198,4539,0
SPY190508P290,2019-05-06,2019-05-06 09:54:29,1.52,0.628,530,1.47,0.6074,459,1.48,0.6115,5,1.495,0.6177,4539,0
SPY190508P290,2019-05-06,2019-05-06 09:54:31,1.52,0.628,496,1.47,0.6074,477,1.48,0.6115,5,1.495,0.6177,4539,0
SPY190508P290,2019-05-06,2019-05-06 09:54:32,1.51,0.6239,75,1.47,0.6074,6,1.48,0.6115,5,1.49,0.6157,4539,0
SPY190508P290,2019-05-06,2019-05-06 09:54:34,1.49,0.6157,100,1.47,0.6074,2,1.48,0.6115,5,1.48,0.6115,4539,0
SPY190508P290,2019-05-06,2019-05-06 09:54:36,1.49,0.6157,50,1.47,0.6074,2,1.48,0.6115,5,1.48,0.6115,4539,0
SPY190508P290,2019-05-06,2019-05-06 09:54:38,1.5,0.6198,80,1.47,0.6074,2,1.48,0.6115,5,1.485,0.6136,4544,5
SPY190508P290,2019-05-06,2019-05-06 09:54:40,1.49,0.6157,1019,1.47,0.6074,2,1.48,0.6115,5,1.48,0.6115,4544,0
SPY190508P290,2019-05-06,2019-05-06 09:54:42,1.48,0.6115,130,1.45,0.5991,2,1.47,0.6074,2,1.465,0.6053,4546,2
SPY190508P290,2019-05-06,2019-05-06 09:54:43,1.46,0.6033,1,1.45,0.5991,6,1.46,0.6033,1,1.455,0.6012,4547,1
SPY190508P290,2019-05-06,2019-05-06 09:54:45,1.47,0.6074,100,1.45,0.5991,2,1.47,0.6074,1,1.46,0.6033,4549,2
SPY190508P290,2019-05-06,2019-05-06 09:54:46,1.47,0.6074,100,1.45,0.5991,2,1.47,0.6074,1,1.46,0.6033,4549,0
SPY190508P290,2019-05-06,2019-05-06 09:54:47,1.47,0.6074,105,1.45,0.5991,2,1.47,0.6074,1,1.46,0.6033,4549,0
SPY190508P290,2019-05-06,2019-05-06 09:54:49,1.47,0.6074,100,1.45,0.5991,2,1.47,0.6074,1,1.46,0.6033,4549,0
SPY190508P290,2019-05-06,2019-05-06 09:54:51,1.47,0.6074,60,1.45,0.5991,2,1.47,0.6074,1,1.46,0.6033,4549,0
SPY190508P290,2019-05-06,2019-05-06 09:54:52,1.46,0.6033,130,1.42,0.5867,422,1.46,0.6033,1,1.44,0.595,4552,3
SPY190508P290,2019-05-06,2019-05-06 09:54:55,1.45,0.5991,330,1.41,0.5826,150,1.45,0.5991,1,1.43,0.5909,4553,1
SPY190508P290,2019-05-06,2019-05-06 09:54:56,1.44,0.595,160,1.41,0.5826,50,1.45,0.5991,1,1.425,0.5888,4553,0
SPY190508P290,2019-05-06,2019-05-06 09:54:58,1.42,0.5867,65,1.4,0.5785,50,1.45,0.5991,1,1.41,0.5826,4553,0
SPY190508P290,2019-05-06,2019-05-06 09:55:00,1.43,0.5909,398,1.39,0.5743,333,1.45,0.5991,1,1.41,0.5826,4553,0
SPY190508P290,2019-05-06,2019-05-06 09:55:01,1.44,0.595,90,1.4,0.5785,229,1.45,0.5991,1,1.42,0.5867,4553,0
SPY190508P290,2019-05-06,2019-05-06 09:55:03,1.44,0.595,90,1.41,0.5826,100,1.45,0.5991,1,1.425,0.5888,4553,0
SPY190508P290,2019-05-06,2019-05-06 09:55:04,1.42,0.5867,90,1.39,0.5743,100,1.45,0.5991,1,1.405,0.5805,4553,0
SPY190508P290,2019-05-06,2019-05-06 09:55:06,1.43,0.5909,105,1.39,0.5743,532,1.45,0.5991,1,1.41,0.5826,4553,0
SPY190508P290,2019-05-06,2019-05-06 09:55:07,1.43,0.5909,341,1.39,0.5743,90,1.45,0.5991,1,1.41,0.5826,4553,0
SPY190508P290,2019-05-06,2019-05-06 09:55:09,1.42,0.5867,100,1.39,0.5743,90,1.45,0.5991,1,1.405,0.5805,4553,0
SPY190508P290,2019-05-06,2019-05-06 09:55:10,1.42,0.5867,100,1.39,0.5743,90,1.45,0.5991,1,1.405,0.5805,4553,0
SPY190508P290,2019-05-06,2019-05-06 09:55:12,1.42,0.5867,105,1.39,0.5743,63,1.45,0.5991,1,1.405,0.5805,4553,0
SPY190508P290,2019-05-06,2019-05-06 09:55:13,1.42,0.5867,100,1.39,0.5743,50,1.45,0.5991,1,1.405,0.5805,4553,0
SPY190508P290,2019-05-06,2019-05-06 09:55:15,1.42,0.5867,100,1.39,0.5743,90,1.45,0.5991,1,1.405,0.5805,4553,0
SPY190508P290,2019-05-06,2019-05-06 09:55:16,1.41,0.5826,1,1.4,0.5785,90,1.45,0.5991,1,1.405,0.5805,4553,0
SPY190508P290,2019-05-06,2019-05-06 09:55:18,1.43,0.5909,106,1.41,0.5826,1,1.41,0.5826,1,1.42,0.5867,4555,2
SPY190508P290,2019-05-06,2019-05-06 09:55:19,1.43,0.5909,100,1.4,0.5785,90,1.41,0.5826,1,1.415,0.5847,4555,0
SPY190508P290,2019-05-06,2019-05-06 09:55:21,1.44,0.595,425,1.4,0.5785,90,1.41,0.5826,1,1.42,0.5867,4555,0
SPY190508P290,2019-05-06,2019-05-06 09:55:22,1.44,0.595,50,1.41,0.5826,130,1.41,0.5826,1,1.425,0.5888,4555,0
SPY190508P290,2019-05-06,2019-05-06 09:55:24,1.45,0.5991,50,1.42,0.5867,160,1.42,0.5867,2,1.435,0.5929,4557,2
SPY190508P290,2019-05-06,2019-05-06 09:55:25,1.45,0.5991,50,1.42,0.5867,494,1.42,0.5867,2,1.435,0.5929,4557,0
SPY190508P290,2019-05-06,2019-05-06 09:55:27,1.45,0.5991,47,1.42,0.5867,464,1.45,0.5991,3,1.435,0.5929,4560,3
SPY190508P290,2019-05-06,2019-05-06 09:55:28,1.47,0.6074,431,1.43,0.5909,90,1.44,0.595,3,1.45,0.5991,4563,3
SPY190508P290,2019-05-06,2019-05-06 09:55:30,1.47,0.6074,369,1.43,0.5909,285,1.44,0.595,3,1.45,0.5991,4563,0
SPY190508P290,2019-05-06,2019-05-06 09:55:31,1.46,0.6033,100,1.43,0.5909,90,1.44,0.595,3,1.445,0.5971,4563,0
SPY190508P290,2019-05-06,2019-05-06 09:55:33,1.46,0.6033,668,1.43,0.5909,50,1.44,0.595,3,1.445,0.5971,4563,0
SPY190508P290,2019-05-06,2019-05-06 09:55:34,1.45,0.5991,130,1.41,0.5826,209,1.44,0.595,3,1.43,0.5909,4563,0
SPY190508P290,2019-05-06,2019-05-06 09:55:36,1.44,0.595,456,1.41,0.5826,50,1.44,0.595,3,1.425,0.5888,4563,0
SPY190508P290,2019-05-06,2019-05-06 09:55:37,1.44,0.595,424,1.41,0.5826,50,1.44,0.595,3,1.425,0.5888,4563,0
SPY190508P290,2019-05-06,2019-05-06 09:55:39,1.44,0.595,527,1.41,0.5826,50,1.44,0.595,3,1.425,0.5888,4563,0
SPY190508P290,2019-05-06,2019-05-06 09:55:40,1.44,0.595,105,1.41,0.5826,73,1.44,0.595,3,1.425,0.5888,4563,0
SPY190508P290,2019-05-06,2019-05-06 09:55:42,1.44,0.595,50,1.41,0.5826,435,1.44,0.595,3,1.425,0.5888,4563,0
SPY190508P290,2019-05-06,2019-05-06 09:55:43,1.45,0.5991,50,1.42,0.5867,378,1.44,0.595,3,1.435,0.5929,4563,0
SPY190508P290,2019-05-06,2019-05-06 09:55:45,1.46,0.6033,50,1.43,0.5909,86,1.44,0.595,3,1.445,0.5971,4563,0
SPY190508P290,2019-05-06,2019-05-06 09:55:47,1.47,0.6074,100,1.44,0.595,50,1.45,0.5991,1,1.455,0.6012,4564,1
SPY190508P290,2019-05-06,2019-05-06 09:55:48,1.47,0.6074,115,1.43,0.5909,206,1.45,0.5991,1,1.45,0.5991,4564,0
SPY190508P290,2019-05-06,2019-05-06 09:55:49,1.46,0.6033,100,1.43,0.5909,206,1.45,0.5991,1,1.445,0.5971,4564,0
SPY190508P290,2019-05-06,2019-05-06 09:55:51,1.47,0.6074,160,1.44,0.595,105,1.45,0.5991,10,1.455,0.6012,4574,10
SPY190508P290,2019-05-06,2019-05-06 09:55:52,1.46,0.6033,80,1.44,0.595,50,1.45,0.5991,10,1.45,0.5991,4574,0
SPY190508P290,2019-05-06,2019-05-06 09:55:54,1.46,0.6033,90,1.43,0.5909,206,1.45,0.5991,10,1.445,0.5971,4574,0
SPY190508P290,2019-05-06,2019-05-06 09:55:55,1.46,0.6033,90,1.43,0.5909,206,1.45,0.5991,10,1.445,0.5971,4574,0
SPY190508P290,2019-05-06,2019-05-06 09:55:57,1.45,0.5991,99,1.43,0.5909,206,1.45,0.5991,10,1.44,0.595,4574,0
SPY190508P290,2019-05-06,2019-05-06 09:55:59,1.44,0.595,160,1.43,0.5909,200,1.44,0.595,3,1.435,0.5929,4577,3
SPY190508P290,2019-05-06,2019-05-06 09:56:00,1.44,0.595,94,1.43,0.5909,200,1.44,0.595,3,1.435,0.5929,4580,3
SPY190508P290,2019-05-06,2019-05-06 09:56:02,1.44,0.595,100,1.43,0.5909,200,1.44,0.595,3,1.435,0.5929,4580,0
SPY190508P290,2019-05-06,2019-05-06 09:56:03,1.44,0.595,169,1.42,0.5867,5,1.44,0.595,3,1.43,0.5909,4580,0
SPY190508P290,2019-05-06,2019-05-06 09:56:05,1.44,0.595,50,1.42,0.5867,50,1.44,0.595,3,1.43,0.5909,4580,0
SPY190508P290,2019-05-06,2019-05-06 09:56:06,1.46,0.6033,593,1.42,0.5867,50,1.44,0.595,3,1.44,0.595,4580,0
SPY190508P290,2019-05-06,2019-05-06 09:56:07,1.46,0.6033,269,1.42,0.5867,503,1.44,0.595,3,1.44,0.595,4580,0
SPY190508P290,2019-05-06,2019-05-06 09:56:09,1.46,0.6033,269,1.43,0.5909,50,1.44,0.595,3,1.445,0.5971,4580,0
SPY190508P290,2019-05-06,2019-05-06 09:56:10,1.46,0.6033,335,1.44,0.595,1,1.44,0.595,2,1.45,0.5991,4582,2
SPY190508P290,2019-05-06,2019-05-06 09:56:12,1.45,0.5991,100,1.43,0.5909,11,1.44,0.595,2,1.44,0.595,4582,0
SPY190508P290,2019-05-06,2019-05-06 09:56:14,1.46,0.6033,335,1.43,0.5909,50,1.44,0.595,2,1.445,0.5971,4582,0
SPY190508P290,2019-05-06,2019-05-06 09:56:15,1.45,0.5991,335,1.43,0.5909,5,1.44,0.595,2,1.44,0.595,4582,0
SPY190508P290,2019-05-06,2019-05-06 09:56:17,1.45,0.5991,335,1.43,0.5909,5,1.44,0.595,2,1.44,0.595,4582,0
SPY190508P290,2019-05-06,2019-05-06 09:56:18,1.43,0.5909,86,1.42,0.5867,55,1.43,0.5909,5,1.425,0.5888,4587,5
SPY190508P290,2019-05-06,2019-05-06 09:56:20,1.44,0.595,344,1.42,0.5867,55,1.43,0.5909,5,1.43,0.5909,4587,0
SPY190508P290,2019-05-06,2019-05-06 09:56:21,1.44,0.595,100,1.42,0.5867,61,1.43,0.5909,5,1.43,0.5909,4587,0
SPY190508P290,2019-05-06,2019-05-06 09:56:23,1.44,0.595,100,1.42,0.5867,61,1.43,0.5909,5,1.43,0.5909,4587,0
SPY190508P290,2019-05-06,2019-05-06 09:56:24,1.44,0.595,100,1.42,0.5867,55,1.43,0.5909,5,1.43,0.5909,4587,0
SPY190508P290,2019-05-06,2019-05-06 09:56:25,1.44,0.595,279,1.42,0.5867,61,1.43,0.5909,5,1.43,0.5909,4587,0
SPY190508P290,2019-05-06,2019-05-06 09:56:27,1.45,0.5991,341,1.42,0.5867,55,1.43,0.5909,5,1.435,0.5929,4587,0
SPY190508P290,2019-05-06,2019-05-06 09:56:28,1.45,0.5991,156,1.42,0.5867,272,1.43,0.5909,5,1.435,0.5929,4587,0
SPY190508P290,2019-05-06,2019-05-06 09:56:30,1.45,0.5991,156,1.42,0.5867,399,1.43,0.5909,5,1.435,0.5929,4587,0
SPY190508P290,2019-05-06,2019-05-06 09:56:31,1.45,0.5991,156,1.42,0.5867,334,1.43,0.5909,5,1.435,0.5929,4587,0
SPY190508P290,2019-05-06,2019-05-06 09:56:33,1.45,0.5991,156,1.42,0.5867,350,1.43,0.5909,5,1.435,0.5929,4587,0
SPY190508P290,2019-05-06,2019-05-06 09:56:34,1.46,0.6033,446,1.42,0.5867,137,1.43,0.5909,5,1.44,0.595,4587,0
SPY190508P290,2019-05-06,2019-05-06 09:56:36,1.46,0.6033,446,1.42,0.5867,415,1.43,0.5909,5,1.44,0.595,4587,0
SPY190508P290,2019-05-06,2019-05-06 09:56:38,1.47,0.6074,50,1.42,0.5867,73,1.44,0.595,19,1.445,0.5971,4606,19
SPY190508P290,2019-05-06,2019-05-06 09:56:39,1.47,0.6074,500,1.42,0.5867,474,1.44,0.595,19,1.445,0.5971,4606,0
SPY190508P290,2019-05-06,2019-05-06 09:56:41,1.44,0.595,30,1.42,0.5867,425,1.44,0.595,19,1.43,0.5909,4606,0
SPY190508P290,2019-05-06,2019-05-06 09:56:42,1.44,0.595,30,1.42,0.5867,389,1.44,0.595,19,1.43,0.5909,4606,0
SPY190508P290,2019-05-06,2019-05-06 09:56:44,1.44,0.595,210,1.42,0.5867,50,1.44,0.595,1,1.43,0.5909,4638,32
SPY190508P290,2019-05-06,2019-05-06 09:56:46,1.44,0.595,40,1.43,0.5909,2,1.44,0.595,10,1.435,0.5929,4648,10
SPY190508P290,2019-05-06,2019-05-06 09:56:48,1.45,0.5991,351,1.43,0.5909,2,1.44,0.595,10,1.44,0.595,4648,0
SPY190508P290,2019-05-06,2019-05-06 09:56:49,1.46,0.6033,357,1.43,0.5909,50,1.44,0.595,10,1.445,0.5971,4648,0
SPY190508P290,2019-05-06,2019-05-06 09:56:51,1.46,0.6033,90,1.43,0.5909,37,1.44,0.595,10,1.445,0.5971,4648,0
SPY190508P290,2019-05-06,2019-05-06 09:56:52,1.47,0.6074,623,1.44,0.595,30,1.44,0.595,10,1.455,0.6012,4648,0
SPY190508P290,2019-05-06,2019-05-06 09:56:54,1.46,0.6033,500,1.44,0.595,30,1.44,0.595,10,1.45,0.5991,4648,0
SPY190508P290,2019-05-06,2019-05-06 09:56:55,1.45,0.5991,384,1.44,0.595,30,1.44,0.595,27,1.445,0.5971,4678,30
SPY190508P290,2019-05-06,2019-05-06 09:56:57,1.45,0.5991,126,1.43,0.5909,50,1.44,0.595,70,1.44,0.595,4748,70
SPY190508P290,2019-05-06,2019-05-06 09:56:58,1.46,0.6033,362,1.43,0.5909,90,1.44,0.595,5,1.445,0.5971,4753,5
SPY190508P290,2019-05-06,2019-05-06 09:57:01,1.46,0.6033,362,1.43,0.5909,45,1.44,0.595,5,1.445,0.5971,4753,0
SPY190508P290,2019-05-06,2019-05-06 09:57:02,1.46,0.6033,634,1.43,0.5909,2,1.44,0.595,5,1.445,0.5971,4753,0
SPY190508P290,2019-05-06,2019-05-06 09:57:04,1.45,0.5991,500,1.43,0.5909,2,1.44,0.595,5,1.44,0.595,4753,0
SPY190508P290,2019-05-06,2019-05-06 09:57:05,1.44,0.595,200,1.43,0.5909,2,1.44,0.595,5,1.435,0.5929,4753,0
SPY190508P290,2019-05-06,2019-05-06 09:57:07,1.44,0.595,500,1.42,0.5867,5,1.43,0.5909,2,1.43,0.5909,4755,2
SPY190508P290,2019-05-06,2019-05-06 09:57:08,1.43,0.5909,378,1.42,0.5867,5,1.43,0.5909,2,1.425,0.5888,4755,0
SPY190508P290,2019-05-06,2019-05-06 09:57:10,1.42,0.5867,1,1.4,0.5785,5,1.42,0.5867,5,1.41,0.5826,4760,5
SPY190508P290,2019-05-06,2019-05-06 09:57:11,1.42,0.5867,462,1.4,0.5785,5,1.42,0.5867,5,1.41,0.5826,4760,0
SPY190508P290,2019-05-06,2019-05-06 09:57:13,1.43,0.5909,475,1.4,0.5785,5,1.42,0.5867,5,1.415,0.5847,4760,0
SPY190508P290,2019-05-06,2019-05-06 09:57:14,1.42,0.5867,90,1.4,0.5785,5,1.42,0.5867,5,1.41,0.5826,4760,0
SPY190508P290,2019-05-06,2019-05-06 09:57:16,1.42,0.5867,256,1.4,0.5785,5,1.42,0.5867,5,1.41,0.5826,4760,0
SPY190508P290,2019-05-06,2019-05-06 09:57:17,1.42,0.5867,134,1.4,0.5785,43,1.42,0.5867,5,1.41,0.5826,4760,0
SPY190508P290,2019-05-06,2019-05-06 09:57:18,1.43,0.5909,139,1.4,0.5785,90,1.42,0.5867,5,1.415,0.5847,4760,0
SPY190508P290,2019-05-06,2019-05-06 09:57:20,1.43,0.5909,416,1.4,0.5785,5,1.42,0.5867,5,1.415,0.5847,4760,0
SPY190508P290,2019-05-06,2019-05-06 09:57:21,1.43,0.5909,416,1.4,0.5785,5,1.42,0.5867,5,1.415,0.5847,4760,0
SPY190508P290,2019-05-06,2019-05-06 09:57:23,1.42,0.5867,426,1.4,0.5785,5,1.42,0.5867,5,1.41,0.5826,4760,0
SPY190508P290,2019-05-06,2019-05-06 09:57:24,1.42,0.5867,426,1.4,0.5785,5,1.42,0.5867,5,1.41,0.5826,4760,0
SPY190508P290,2019-05-06,2019-05-06 09:57:26,1.41,0.5826,305,1.4,0.5785,5,1.42,0.5867,5,1.405,0.5805,4760,0
SPY190508P290,2019-05-06,2019-05-06 09:57:27,1.41,0.5826,150,1.4,0.5785,5,1.42,0.5867,5,1.405,0.5805,4760,0
SPY190508P290,2019-05-06,2019-05-06 09:57:29,1.42,0.5867,436,1.4,0.5785,5,1.42,0.5867,5,1.41,0.5826,4760,0
SPY190508P290,2019-05-06,2019-05-06 09:57:30,1.41,0.5826,119,1.38,0.5702,6,1.4,0.5785,5,1.395,0.5764,4965,205
SPY190508P290,2019-05-06,2019-05-06 09:57:31,1.39,0.5743,20,1.32,0.5454,160,1.37,0.5661,4,1.355,0.5599,4969,4
SPY190508P290,2019-05-06,2019-05-06 09:57:33,1.35,0.5578,50,1.32,0.5454,401,1.37,0.5661,4,1.335,0.5516,4969,0
SPY190508P290,2019-05-06,2019-05-06 09:57:34,1.37,0.5661,434,1.32,0.5454,688,1.37,0.5661,4,1.345,0.5557,4969,0
SPY190508P290,2019-05-06,2019-05-06 09:57:36,1.36,0.5619,105,1.32,0.5454,643,1.37,0.5661,4,1.34,0.5537,4969,0
SPY190508P290,2019-05-06,2019-05-06 09:57:37,1.37,0.5661,459,1.33,0.5495,213,1.37,0.5661,4,1.35,0.5578,4969,0
SPY190508P290,2019-05-06,2019-05-06 09:57:39,1.37,0.5661,402,1.33,0.5495,91,1.33,0.5495,1,1.35,0.5578,4970,1
SPY190508P290,2019-05-06,2019-05-06 09:57:41,1.36,0.5619,198,1.33,0.5495,74,1.33,0.5495,1,1.345,0.5557,4970,0
SPY190508P290,2019-05-06,2019-05-06 09:57:42,1.36,0.5619,505,1.33,0.5495,6,1.33,0.5495,1,1.345,0.5557,4970,0
SPY190508P290,2019-05-06,2019-05-06 09:57:44,1.35,0.5578,80,1.33,0.5495,1,1.33,0.5495,1,1.34,0.5537,4970,0
SPY190508P290,2019-05-06,2019-05-06 09:57:45,1.35,0.5578,211,1.33,0.5495,1,1.33,0.5495,1,1.34,0.5537,4970,0
SPY190508P290,2019-05-06,2019-05-06 09:57:47,1.35,0.5578,282,1.33,0.5495,1,1.33,0.5495,1,1.34,0.5537,4974,4
SPY190508P290,2019-05-06,2019-05-06 09:57:48,1.35,0.5578,168,1.33,0.5495,1,1.33,0.5495,1,1.34,0.5537,4974,0
SPY190508P290,2019-05-06,2019-05-06 09:57:50,1.35,0.5578,168,1.33,0.5495,34,1.33,0.5495,1,1.34,0.5537,4974,0
SPY190508P290,2019-05-06,2019-05-06 09:57:51,1.35,0.5578,168,1.33,0.5495,1,1.33,0.5495,1,1.34,0.5537,4974,0
SPY190508P290,2019-05-06,2019-05-06 09:57:53,1.33,0.5495,98,1.3,0.5371,184,1.33,0.5495,1,1.315,0.5433,4975,1
SPY190508P290,2019-05-06,2019-05-06 09:57:54,1.33,0.5495,154,1.3,0.5371,71,1.33,0.5495,1,1.315,0.5433,4975,0
SPY190508P290,2019-05-06,2019-05-06 09:57:56,1.33,0.5495,330,1.3,0.5371,50,1.33,0.5495,1,1.315,0.5433,4975,0
SPY190508P290,2019-05-06,2019-05-06 09:57:57,1.33,0.5495,346,1.29,0.533,50,1.33,0.5495,1,1.31,0.5413,4975,0
SPY190508P290,2019-05-06,2019-05-06 09:57:59,1.34,0.5537,421,1.3,0.5371,176,1.33,0.5495,1,1.32,0.5454,4975,0
SPY190508P290,2019-05-06,2019-05-06 09:58:00,1.34,0.5537,421,1.3,0.5371,258,1.33,0.5495,1,1.32,0.5454,4975,0
SPY190508P290,2019-05-06,2019-05-06 09:58:02,1.36,0.5619,438,1.32,0.5454,90,1.33,0.5495,1,1.34,0.5537,4975,0
SPY190508P290,2019-05-06,2019-05-06 09:58:03,1.35,0.5578,194,1.32,0.5454,50,1.35,0.5578,1,1.335,0.5516,4976,1
SPY190508P290,2019-05-06,2019-05-06 09:58:05,1.36,0.5619,500,1.32,0.5454,90,1.35,0.5578,1,1.34,0.5537,4976,0
SPY190508P290,2019-05-06,2019-05-06 09:58:06,1.35,0.5578,90,1.32,0.5454,90,1.35,0.5578,1,1.335,0.5516,4976,0
SPY190508P290,2019-05-06,2019-05-06 09:58:08,1.36,0.5619,252,1.33,0.5495,90,1.35,0.5578,1,1.345,0.5557,4976,0
SPY190508P290,2019-05-06,2019-05-06 09:58:09,1.37,0.5661,500,1.33,0.5495,90,1.35,0.5578,1,1.35,0.5578,4976,0
