symbol,Date,quote_time,ask_price,norm_ask_price,ask_size,bid_price,norm_bid_price,bid_size,last_trade_price,norm_last_trade_price,last_trade_size,mark_price,norm_mark_price,volume,Volume
IWM190906P148,2019-09-04,2019-09-04 10:03:35,1.11,1.0,69,1.09,0.9819,4,1.1,0.9909,1,1.1,0.9909,5741,5741
IWM190906P148,2019-09-04,2019-09-04 10:03:36,1.11,1.0,69,1.1,0.9909,7,1.1,0.9909,1,1.105,0.9954,5741,0
IWM190906P148,2019-09-04,2019-09-04 10:03:36,1.11,1.0,69,1.09,0.9819,17,1.1,0.9909,1,1.1,0.9909,5741,0
IWM190906P148,2019-09-04,2019-09-04 10:03:37,1.11,1.0,4,1.1,0.9909,10,1.1,0.9909,1,1.105,0.9954,5741,0
IWM190906P148,2019-09-04,2019-09-04 10:03:38,1.11,1.0,4,1.09,0.9819,47,1.1,0.9909,1,1.1,0.9909,5741,0
IWM190906P148,2019-09-04,2019-09-04 10:03:38,1.11,1.0,4,1.1,0.9909,15,1.1,0.9909,1,1.105,0.9954,5741,0
IWM190906P148,2019-09-04,2019-09-04 10:03:39,1.12,1.009,65,1.09,0.9819,47,1.1,0.9909,1,1.105,0.9954,5741,0
IWM190906P148,2019-09-04,2019-09-04 10:03:40,1.12,1.009,65,1.09,0.9819,47,1.1,0.9909,1,1.105,0.9954,5741,0
IWM190906P148,2019-09-04,2019-09-04 10:03:41,1.12,1.009,65,1.09,0.9819,47,1.1,0.9909,1,1.105,0.9954,5741,0
IWM190906P148,2019-09-04,2019-09-04 10:03:41,1.12,1.009,65,1.1,0.9909,8,1.1,0.9909,1,1.11,1.0,5741,0
IWM190906P148,2019-09-04,2019-09-04 10:03:42,1.12,1.009,65,1.1,0.9909,8,1.1,0.9909,1,1.11,1.0,5741,0
IWM190906P148,2019-09-04,2019-09-04 10:03:42,1.12,1.009,13,1.11,1.0,4,1.1,0.9909,1,1.115,1.0045,5741,0
IWM190906P148,2019-09-04,2019-09-04 10:03:43,1.12,1.009,38,1.1,0.9909,71,1.1,0.9909,1,1.11,1.0,5741,0
IWM190906P148,2019-09-04,2019-09-04 10:03:43,1.12,1.009,13,1.1,0.9909,47,1.1,0.9909,1,1.11,1.0,5741,0
IWM190906P148,2019-09-04,2019-09-04 10:03:44,1.12,1.009,14,1.11,1.0,7,1.1,0.9909,1,1.115,1.0045,5741,0
IWM190906P148,2019-09-04,2019-09-04 10:03:44,1.12,1.009,13,1.1,0.9909,47,1.1,0.9909,1,1.11,1.0,5741,0
IWM190906P148,2019-09-04,2019-09-04 10:03:45,1.12,1.009,13,1.1,0.9909,44,1.1,0.9909,1,1.11,1.0,5741,0
IWM190906P148,2019-09-04,2019-09-04 10:03:46,1.12,1.009,23,1.1,0.9909,44,1.1,0.9909,1,1.11,1.0,5741,0
IWM190906P148,2019-09-04,2019-09-04 10:03:46,1.12,1.009,13,1.1,0.9909,38,1.1,0.9909,1,1.11,1.0,5741,0
IWM190906P148,2019-09-04,2019-09-04 10:03:47,1.12,1.009,13,1.11,1.0,7,1.1,0.9909,1,1.115,1.0045,5741,0
IWM190906P148,2019-09-04,2019-09-04 10:03:47,1.12,1.009,13,1.1,0.9909,46,1.1,0.9909,1,1.11,1.0,5741,0
IWM190906P148,2019-09-04,2019-09-04 10:03:48,1.12,1.009,4,1.11,1.0,7,1.1,0.9909,1,1.115,1.0045,5741,0
IWM190906P148,2019-09-04,2019-09-04 10:03:48,1.12,1.009,13,1.11,1.0,7,1.1,0.9909,1,1.115,1.0045,5741,0
IWM190906P148,2019-09-04,2019-09-04 10:03:49,1.12,1.009,4,1.11,1.0,7,1.1,0.9909,1,1.115,1.0045,5741,0
IWM190906P148,2019-09-04,2019-09-04 10:03:50,1.13,1.018,29,1.11,1.0,7,1.1,0.9909,1,1.12,1.009,5741,0
IWM190906P148,2019-09-04,2019-09-04 10:03:51,1.13,1.018,4,1.11,1.0,32,1.1,0.9909,1,1.12,1.009,5741,0
IWM190906P148,2019-09-04,2019-09-04 10:03:51,1.13,1.018,13,1.11,1.0,32,1.1,0.9909,1,1.12,1.009,5741,0
IWM190906P148,2019-09-04,2019-09-04 10:03:52,1.14,1.027,99,1.11,1.0,45,1.1,0.9909,1,1.125,1.0135,5741,0
IWM190906P148,2019-09-04,2019-09-04 10:03:52,1.14,1.027,106,1.11,1.0,45,1.1,0.9909,1,1.125,1.0135,5741,0
IWM190906P148,2019-09-04,2019-09-04 10:03:53,1.14,1.027,24,1.11,1.0,45,1.1,0.9909,1,1.125,1.0135,5741,0
IWM190906P148,2019-09-04,2019-09-04 10:03:54,1.14,1.027,65,1.12,1.009,14,1.1,0.9909,1,1.13,1.018,5741,0
IWM190906P148,2019-09-04,2019-09-04 10:03:55,1.14,1.027,68,1.12,1.009,14,1.1,0.9909,1,1.13,1.018,5741,0
IWM190906P148,2019-09-04,2019-09-04 10:03:56,1.14,1.027,68,1.12,1.009,14,1.1,0.9909,1,1.13,1.018,5741,0
IWM190906P148,2019-09-04,2019-09-04 10:03:57,1.13,1.018,20,1.12,1.009,14,1.1,0.9909,1,1.125,1.0135,5741,0
IWM190906P148,2019-09-04,2019-09-04 10:03:57,1.13,1.018,22,1.12,1.009,14,1.1,0.9909,1,1.125,1.0135,5741,0
IWM190906P148,2019-09-04,2019-09-04 10:03:58,1.13,1.018,46,1.11,1.0,46,1.1,0.9909,1,1.12,1.009,5741,0
IWM190906P148,2019-09-04,2019-09-04 10:03:59,1.13,1.018,46,1.11,1.0,46,1.1,0.9909,1,1.12,1.009,5741,0
IWM190906P148,2019-09-04,2019-09-04 10:04:00,1.12,1.009,4,1.1,0.9909,35,1.1,0.9909,1,1.11,1.0,5741,0
IWM190906P148,2019-09-04,2019-09-04 10:04:00,1.13,1.018,46,1.11,1.0,46,1.1,0.9909,1,1.12,1.009,5741,0
IWM190906P148,2019-09-04,2019-09-04 10:04:01,1.13,1.018,41,1.1,0.9909,27,1.1,0.9909,1,1.115,1.0045,5741,0
IWM190906P148,2019-09-04,2019-09-04 10:04:02,1.13,1.018,38,1.11,1.0,5,1.1,0.9909,1,1.12,1.009,5741,0
IWM190906P148,2019-09-04,2019-09-04 10:04:02,1.13,1.018,38,1.11,1.0,10,1.1,0.9909,1,1.12,1.009,5741,0
IWM190906P148,2019-09-04,2019-09-04 10:04:03,1.13,1.018,38,1.11,1.0,5,1.1,0.9909,1,1.12,1.009,5741,0
IWM190906P148,2019-09-04,2019-09-04 10:04:04,1.13,1.018,38,1.11,1.0,8,1.1,0.9909,1,1.12,1.009,5741,0
IWM190906P148,2019-09-04,2019-09-04 10:04:05,1.13,1.018,78,1.11,1.0,20,1.1,0.9909,1,1.12,1.009,5741,0
IWM190906P148,2019-09-04,2019-09-04 10:04:06,1.13,1.018,41,1.11,1.0,20,1.1,0.9909,1,1.12,1.009,5741,0
IWM190906P148,2019-09-04,2019-09-04 10:04:06,1.13,1.018,20,1.11,1.0,46,1.1,0.9909,1,1.12,1.009,5741,0
IWM190906P148,2019-09-04,2019-09-04 10:04:07,1.13,1.018,14,1.11,1.0,30,1.1,0.9909,1,1.12,1.009,5741,0
IWM190906P148,2019-09-04,2019-09-04 10:04:07,1.13,1.018,14,1.11,1.0,46,1.1,0.9909,1,1.12,1.009,5741,0
IWM190906P148,2019-09-04,2019-09-04 10:04:08,1.13,1.018,14,1.11,1.0,38,1.1,0.9909,1,1.12,1.009,5741,0
IWM190906P148,2019-09-04,2019-09-04 10:04:08,1.13,1.018,50,1.11,1.0,38,1.1,0.9909,1,1.12,1.009,5741,0
IWM190906P148,2019-09-04,2019-09-04 10:04:09,1.12,1.009,10,1.11,1.0,16,1.1,0.9909,1,1.115,1.0045,5741,0
IWM190906P148,2019-09-04,2019-09-04 10:04:09,1.13,1.018,56,1.11,1.0,38,1.1,0.9909,1,1.12,1.009,5741,0
IWM190906P148,2019-09-04,2019-09-04 10:04:10,1.13,1.018,46,1.11,1.0,42,1.1,0.9909,1,1.12,1.009,5741,0
IWM190906P148,2019-09-04,2019-09-04 10:04:10,1.12,1.009,10,1.11,1.0,24,1.1,0.9909,1,1.115,1.0045,5741,0
IWM190906P148,2019-09-04,2019-09-04 10:04:11,1.13,1.018,20,1.12,1.009,6,1.1,0.9909,1,1.125,1.0135,5741,0
IWM190906P148,2019-09-04,2019-09-04 10:04:11,1.14,1.027,46,1.12,1.009,12,1.1,0.9909,1,1.13,1.018,5741,0
IWM190906P148,2019-09-04,2019-09-04 10:04:12,1.14,1.027,4,1.13,1.018,20,1.1,0.9909,1,1.135,1.0225,5741,0
IWM190906P148,2019-09-04,2019-09-04 10:04:12,1.14,1.027,30,1.12,1.009,12,1.1,0.9909,1,1.13,1.018,5741,0
IWM190906P148,2019-09-04,2019-09-04 10:04:13,1.14,1.027,4,1.13,1.018,20,1.1,0.9909,1,1.135,1.0225,5741,0
IWM190906P148,2019-09-04,2019-09-04 10:04:13,1.15,1.036,50,1.13,1.018,30,1.1,0.9909,1,1.14,1.027,5741,0
IWM190906P148,2019-09-04,2019-09-04 10:04:14,1.15,1.036,71,1.13,1.018,30,1.1,0.9909,1,1.14,1.027,5741,0
IWM190906P148,2019-09-04,2019-09-04 10:04:14,1.15,1.036,50,1.13,1.018,30,1.1,0.9909,1,1.14,1.027,5741,0
IWM190906P148,2019-09-04,2019-09-04 10:04:15,1.15,1.036,38,1.13,1.018,39,1.1,0.9909,1,1.14,1.027,5741,0
IWM190906P148,2019-09-04,2019-09-04 10:04:16,1.15,1.036,4,1.14,1.027,4,1.1,0.9909,1,1.145,1.0315,5741,0
IWM190906P148,2019-09-04,2019-09-04 10:04:16,1.15,1.036,38,1.13,1.018,46,1.1,0.9909,1,1.14,1.027,5741,0
IWM190906P148,2019-09-04,2019-09-04 10:04:17,1.15,1.036,4,1.14,1.027,4,1.1,0.9909,1,1.145,1.0315,5741,0
IWM190906P148,2019-09-04,2019-09-04 10:04:17,1.15,1.036,4,1.14,1.027,5,1.1,0.9909,1,1.145,1.0315,5741,0
IWM190906P148,2019-09-04,2019-09-04 10:04:18,1.15,1.036,5,1.14,1.027,41,1.1,0.9909,1,1.145,1.0315,5741,0
IWM190906P148,2019-09-04,2019-09-04 10:04:18,1.17,1.054,47,1.15,1.036,17,1.1,0.9909,1,1.16,1.045,5741,0
IWM190906P148,2019-09-04,2019-09-04 10:04:19,1.17,1.054,24,1.15,1.036,17,1.1,0.9909,1,1.16,1.045,5741,0
IWM190906P148,2019-09-04,2019-09-04 10:04:19,1.17,1.054,24,1.15,1.036,25,1.1,0.9909,1,1.16,1.045,5741,0
IWM190906P148,2019-09-04,2019-09-04 10:04:20,1.17,1.054,35,1.15,1.036,37,1.1,0.9909,1,1.16,1.045,5741,0
IWM190906P148,2019-09-04,2019-09-04 10:04:20,1.17,1.054,24,1.15,1.036,37,1.1,0.9909,1,1.16,1.045,5741,0
IWM190906P148,2019-09-04,2019-09-04 10:04:21,1.17,1.054,26,1.15,1.036,20,1.1,0.9909,1,1.16,1.045,5741,0
IWM190906P148,2019-09-04,2019-09-04 10:04:21,1.17,1.054,13,1.15,1.036,20,1.1,0.9909,1,1.16,1.045,5741,0
IWM190906P148,2019-09-04,2019-09-04 10:04:22,1.17,1.054,4,1.15,1.036,28,1.1,0.9909,1,1.16,1.045,5741,0
IWM190906P148,2019-09-04,2019-09-04 10:04:22,1.17,1.054,13,1.16,1.045,12,1.1,0.9909,1,1.165,1.0495,5741,0
IWM190906P148,2019-09-04,2019-09-04 10:04:23,1.17,1.054,4,1.16,1.045,12,1.1,0.9909,1,1.165,1.0495,5741,0
IWM190906P148,2019-09-04,2019-09-04 10:04:23,1.17,1.054,8,1.15,1.036,28,1.1,0.9909,1,1.16,1.045,5741,0
IWM190906P148,2019-09-04,2019-09-04 10:04:24,1.17,1.054,4,1.15,1.036,44,1.1,0.9909,1,1.16,1.045,5741,0
IWM190906P148,2019-09-04,2019-09-04 10:04:24,1.17,1.054,4,1.16,1.045,12,1.1,0.9909,1,1.165,1.0495,5741,0
IWM190906P148,2019-09-04,2019-09-04 10:04:25,1.18,1.063,42,1.16,1.045,6,1.1,0.9909,1,1.17,1.054,5741,0
IWM190906P148,2019-09-04,2019-09-04 10:04:25,1.17,1.054,4,1.16,1.045,23,1.1,0.9909,1,1.165,1.0495,5741,0
IWM190906P148,2019-09-04,2019-09-04 10:04:26,1.18,1.063,31,1.16,1.045,27,1.1,0.9909,1,1.17,1.054,5741,0
IWM190906P148,2019-09-04,2019-09-04 10:04:27,1.17,1.054,9,1.15,1.036,4,1.1,0.9909,1,1.16,1.045,5741,0
IWM190906P148,2019-09-04,2019-09-04 10:04:27,1.18,1.063,31,1.16,1.045,27,1.1,0.9909,1,1.17,1.054,5741,0
IWM190906P148,2019-09-04,2019-09-04 10:04:28,1.18,1.063,33,1.15,1.036,42,1.1,0.9909,1,1.165,1.0495,5741,0
IWM190906P148,2019-09-04,2019-09-04 10:04:28,1.17,1.054,31,1.15,1.036,29,1.1,0.9909,1,1.16,1.045,5741,0
IWM190906P148,2019-09-04,2019-09-04 10:04:29,1.19,1.072,97,1.16,1.045,17,1.1,0.9909,1,1.175,1.0585,5741,0
IWM190906P148,2019-09-04,2019-09-04 10:04:29,1.18,1.063,18,1.16,1.045,22,1.1,0.9909,1,1.17,1.054,5741,0
IWM190906P148,2019-09-04,2019-09-04 10:04:30,1.17,1.054,44,1.15,1.036,8,1.1,0.9909,1,1.16,1.045,5741,0
IWM190906P148,2019-09-04,2019-09-04 10:04:30,1.17,1.054,44,1.16,1.045,4,1.1,0.9909,1,1.165,1.0495,5741,0
IWM190906P148,2019-09-04,2019-09-04 10:04:31,1.17,1.054,44,1.15,1.036,8,1.1,0.9909,1,1.16,1.045,5741,0
IWM190906P148,2019-09-04,2019-09-04 10:04:31,1.18,1.063,115,1.15,1.036,8,1.1,0.9909,1,1.165,1.0495,5741,0
IWM190906P148,2019-09-04,2019-09-04 10:04:32,1.17,1.054,4,1.15,1.036,38,1.1,0.9909,1,1.16,1.045,5741,0
IWM190906P148,2019-09-04,2019-09-04 10:04:33,1.18,1.063,39,1.16,1.045,45,1.1,0.9909,1,1.17,1.054,5741,0
IWM190906P148,2019-09-04,2019-09-04 10:04:33,1.18,1.063,16,1.16,1.045,45,1.1,0.9909,1,1.17,1.054,5741,0
IWM190906P148,2019-09-04,2019-09-04 10:04:34,1.17,1.054,88,1.16,1.045,45,1.1,0.9909,1,1.165,1.0495,5741,0
IWM190906P148,2019-09-04,2019-09-04 10:04:34,1.17,1.054,88,1.15,1.036,8,1.1,0.9909,1,1.16,1.045,5741,0
IWM190906P148,2019-09-04,2019-09-04 10:04:35,1.17,1.054,88,1.15,1.036,12,1.1,0.9909,1,1.16,1.045,5741,0
IWM190906P148,2019-09-04,2019-09-04 10:04:36,1.17,1.054,88,1.15,1.036,12,1.1,0.9909,1,1.16,1.045,5741,0
IWM190906P148,2019-09-04,2019-09-04 10:04:37,1.17,1.054,88,1.15,1.036,12,1.1,0.9909,1,1.16,1.045,5741,0
IWM190906P148,2019-09-04,2019-09-04 10:04:37,1.17,1.054,88,1.15,1.036,8,1.1,0.9909,1,1.16,1.045,5741,0
IWM190906P148,2019-09-04,2019-09-04 10:04:38,1.17,1.054,4,1.15,1.036,30,1.1,0.9909,1,1.16,1.045,5741,0
IWM190906P148,2019-09-04,2019-09-04 10:04:39,1.17,1.054,4,1.15,1.036,44,1.1,0.9909,1,1.16,1.045,5741,0
IWM190906P148,2019-09-04,2019-09-04 10:04:40,1.18,1.063,15,1.16,1.045,25,1.1,0.9909,1,1.17,1.054,5741,0
IWM190906P148,2019-09-04,2019-09-04 10:04:40,1.18,1.063,44,1.16,1.045,25,1.1,0.9909,1,1.17,1.054,5741,0
IWM190906P148,2019-09-04,2019-09-04 10:04:41,1.18,1.063,33,1.17,1.054,9,1.1,0.9909,1,1.175,1.0585,5741,0
IWM190906P148,2019-09-04,2019-09-04 10:04:42,1.19,1.072,4,1.17,1.054,10,1.1,0.9909,1,1.18,1.063,5741,0
IWM190906P148,2019-09-04,2019-09-04 10:04:42,1.19,1.072,22,1.17,1.054,9,1.1,0.9909,1,1.18,1.063,5741,0
IWM190906P148,2019-09-04,2019-09-04 10:04:43,1.19,1.072,44,1.17,1.054,10,1.1,0.9909,1,1.18,1.063,5741,0
IWM190906P148,2019-09-04,2019-09-04 10:04:43,1.19,1.072,4,1.17,1.054,10,1.1,0.9909,1,1.18,1.063,5741,0
IWM190906P148,2019-09-04,2019-09-04 10:04:44,1.19,1.072,34,1.17,1.054,10,1.1,0.9909,1,1.18,1.063,5741,0
IWM190906P148,2019-09-04,2019-09-04 10:04:44,1.19,1.072,44,1.17,1.054,10,1.1,0.9909,1,1.18,1.063,5741,0
IWM190906P148,2019-09-04,2019-09-04 10:04:45,1.19,1.072,34,1.17,1.054,10,1.1,0.9909,1,1.18,1.063,5741,0
IWM190906P148,2019-09-04,2019-09-04 10:04:46,1.19,1.072,34,1.17,1.054,10,1.1,0.9909,1,1.18,1.063,5741,0
IWM190906P148,2019-09-04,2019-09-04 10:04:47,1.19,1.072,34,1.17,1.054,10,1.1,0.9909,1,1.18,1.063,5741,0
IWM190906P148,2019-09-04,2019-09-04 10:04:48,1.19,1.072,34,1.17,1.054,10,1.1,0.9909,1,1.18,1.063,5741,0
IWM190906P148,2019-09-04,2019-09-04 10:04:48,1.18,1.063,117,1.16,1.045,4,1.1,0.9909,1,1.17,1.054,5741,0
IWM190906P148,2019-09-04,2019-09-04 10:04:49,1.17,1.054,43,1.16,1.045,8,1.1,0.9909,1,1.165,1.0495,5741,0
IWM190906P148,2019-09-04,2019-09-04 10:04:50,1.17,1.054,43,1.16,1.045,8,1.1,0.9909,1,1.165,1.0495,5741,0
IWM190906P148,2019-09-04,2019-09-04 10:04:51,1.17,1.054,23,1.16,1.045,8,1.1,0.9909,1,1.165,1.0495,5741,0
IWM190906P148,2019-09-04,2019-09-04 10:04:51,1.17,1.054,40,1.16,1.045,8,1.1,0.9909,1,1.165,1.0495,5741,0
IWM190906P148,2019-09-04,2019-09-04 10:04:52,1.17,1.054,51,1.15,1.036,43,1.1,0.9909,1,1.16,1.045,5741,0
IWM190906P148,2019-09-04,2019-09-04 10:04:52,1.17,1.054,23,1.16,1.045,12,1.1,0.9909,1,1.165,1.0495,5741,0
IWM190906P148,2019-09-04,2019-09-04 10:04:53,1.17,1.054,69,1.15,1.036,21,1.1,0.9909,1,1.16,1.045,5741,0
IWM190906P148,2019-09-04,2019-09-04 10:04:53,1.17,1.054,51,1.15,1.036,21,1.1,0.9909,1,1.16,1.045,5741,0
IWM190906P148,2019-09-04,2019-09-04 10:04:54,1.17,1.054,69,1.15,1.036,21,1.1,0.9909,1,1.16,1.045,5741,0
IWM190906P148,2019-09-04,2019-09-04 10:04:55,1.17,1.054,69,1.15,1.036,21,1.1,0.9909,1,1.16,1.045,5741,0
IWM190906P148,2019-09-04,2019-09-04 10:04:55,1.17,1.054,42,1.15,1.036,34,1.1,0.9909,1,1.16,1.045,5741,0
IWM190906P148,2019-09-04,2019-09-04 10:04:56,1.16,1.045,43,1.14,1.027,35,1.1,0.9909,1,1.15,1.036,5741,0
IWM190906P148,2019-09-04,2019-09-04 10:04:56,1.17,1.054,51,1.15,1.036,34,1.1,0.9909,1,1.16,1.045,5741,0
IWM190906P148,2019-09-04,2019-09-04 10:04:57,1.16,1.045,43,1.14,1.027,35,1.1,0.9909,1,1.15,1.036,5741,0
IWM190906P148,2019-09-04,2019-09-04 10:04:57,1.16,1.045,63,1.14,1.027,35,1.1,0.9909,1,1.15,1.036,5741,0
IWM190906P148,2019-09-04,2019-09-04 10:04:58,1.16,1.045,99,1.14,1.027,43,1.1,0.9909,1,1.15,1.036,5741,0
IWM190906P148,2019-09-04,2019-09-04 10:04:58,1.16,1.045,63,1.14,1.027,43,1.1,0.9909,1,1.15,1.036,5741,0
IWM190906P148,2019-09-04,2019-09-04 10:04:59,1.15,1.036,40,1.13,1.018,62,1.1,0.9909,1,1.14,1.027,5741,0
IWM190906P148,2019-09-04,2019-09-04 10:04:59,1.15,1.036,40,1.13,1.018,41,1.1,0.9909,1,1.14,1.027,5741,0
IWM190906P148,2019-09-04,2019-09-04 10:05:00,1.15,1.036,35,1.13,1.018,62,1.1,0.9909,1,1.14,1.027,5741,0
IWM190906P148,2019-09-04,2019-09-04 10:05:00,1.15,1.036,40,1.13,1.018,62,1.1,0.9909,1,1.14,1.027,5741,0
IWM190906P148,2019-09-04,2019-09-04 10:05:01,1.15,1.036,35,1.13,1.018,43,1.1,0.9909,1,1.14,1.027,5741,0
IWM190906P148,2019-09-04,2019-09-04 10:05:02,1.15,1.036,43,1.13,1.018,43,1.1,0.9909,1,1.14,1.027,5741,0
IWM190906P148,2019-09-04,2019-09-04 10:05:02,1.15,1.036,35,1.13,1.018,43,1.1,0.9909,1,1.14,1.027,5741,0
IWM190906P148,2019-09-04,2019-09-04 10:05:03,1.14,1.027,62,1.12,1.009,31,1.1,0.9909,1,1.13,1.018,5741,0
IWM190906P148,2019-09-04,2019-09-04 10:05:03,1.15,1.036,87,1.13,1.018,14,1.1,0.9909,1,1.14,1.027,5741,0
IWM190906P148,2019-09-04,2019-09-04 10:05:04,1.14,1.027,62,1.12,1.009,47,1.1,0.9909,1,1.13,1.018,5741,0
IWM190906P148,2019-09-04,2019-09-04 10:05:05,1.14,1.027,52,1.12,1.009,14,1.1,0.9909,1,1.13,1.018,5741,0
IWM190906P148,2019-09-04,2019-09-04 10:05:06,1.13,1.018,45,1.11,1.0,41,1.1,0.9909,1,1.12,1.009,5741,0
IWM190906P148,2019-09-04,2019-09-04 10:05:06,1.13,1.018,44,1.11,1.0,41,1.1,0.9909,1,1.12,1.009,5741,0
IWM190906P148,2019-09-04,2019-09-04 10:05:07,1.13,1.018,45,1.11,1.0,43,1.1,0.9909,1,1.12,1.009,5741,0
IWM190906P148,2019-09-04,2019-09-04 10:05:08,1.13,1.018,45,1.11,1.0,43,1.1,0.9909,1,1.12,1.009,5741,0
IWM190906P148,2019-09-04,2019-09-04 10:05:08,1.13,1.018,45,1.11,1.0,65,1.1,0.9909,1,1.12,1.009,5741,0
IWM190906P148,2019-09-04,2019-09-04 10:05:09,1.12,1.009,5,1.1,0.9909,27,1.1,0.9909,1,1.11,1.0,5741,0
IWM190906P148,2019-09-04,2019-09-04 10:05:09,1.12,1.009,34,1.1,0.9909,22,1.1,0.9909,1,1.11,1.0,5741,0
IWM190906P148,2019-09-04,2019-09-04 10:05:10,1.12,1.009,5,1.11,1.0,4,1.1,0.9909,1,1.115,1.0045,5741,0
IWM190906P148,2019-09-04,2019-09-04 10:05:10,1.12,1.009,5,1.1,0.9909,27,1.1,0.9909,1,1.11,1.0,5741,0
IWM190906P148,2019-09-04,2019-09-04 10:05:11,1.12,1.009,5,1.11,1.0,6,1.1,0.9909,1,1.115,1.0045,5741,0
IWM190906P148,2019-09-04,2019-09-04 10:05:11,1.12,1.009,5,1.11,1.0,4,1.1,0.9909,1,1.115,1.0045,5741,0
IWM190906P148,2019-09-04,2019-09-04 10:05:12,1.12,1.009,5,1.11,1.0,15,1.1,0.9909,1,1.115,1.0045,5741,0
IWM190906P148,2019-09-04,2019-09-04 10:05:12,1.12,1.009,5,1.11,1.0,6,1.1,0.9909,1,1.115,1.0045,5741,0
IWM190906P148,2019-09-04,2019-09-04 10:05:13,1.13,1.018,32,1.11,1.0,36,1.1,0.9909,1,1.12,1.009,5741,0
IWM190906P148,2019-09-04,2019-09-04 10:05:14,1.13,1.018,60,1.11,1.0,9,1.1,0.9909,1,1.12,1.009,5741,0
IWM190906P148,2019-09-04,2019-09-04 10:05:14,1.13,1.018,32,1.11,1.0,9,1.1,0.9909,1,1.12,1.009,5741,0
IWM190906P148,2019-09-04,2019-09-04 10:05:15,1.13,1.018,60,1.11,1.0,9,1.1,0.9909,1,1.12,1.009,5741,0
IWM190906P148,2019-09-04,2019-09-04 10:05:15,1.13,1.018,60,1.11,1.0,13,1.1,0.9909,1,1.12,1.009,5741,0
IWM190906P148,2019-09-04,2019-09-04 10:05:16,1.13,1.018,60,1.11,1.0,13,1.1,0.9909,1,1.12,1.009,5741,0
IWM190906P148,2019-09-04,2019-09-04 10:05:17,1.13,1.018,60,1.11,1.0,13,1.1,0.9909,1,1.12,1.009,5741,0
IWM190906P148,2019-09-04,2019-09-04 10:05:18,1.12,1.009,44,1.1,0.9909,17,1.1,0.9909,1,1.11,1.0,5741,0
IWM190906P148,2019-09-04,2019-09-04 10:05:18,1.12,1.009,19,1.1,0.9909,26,1.1,0.9909,1,1.11,1.0,5741,0
IWM190906P148,2019-09-04,2019-09-04 10:05:19,1.12,1.009,19,1.1,0.9909,53,1.1,0.9909,1,1.11,1.0,5741,0
IWM190906P148,2019-09-04,2019-09-04 10:05:19,1.12,1.009,19,1.1,0.9909,35,1.1,0.9909,1,1.11,1.0,5741,0
IWM190906P148,2019-09-04,2019-09-04 10:05:20,1.12,1.009,19,1.1,0.9909,40,1.1,0.9909,1,1.11,1.0,5741,0
IWM190906P148,2019-09-04,2019-09-04 10:05:21,1.12,1.009,19,1.1,0.9909,44,1.1,0.9909,1,1.11,1.0,5741,0
IWM190906P148,2019-09-04,2019-09-04 10:05:21,1.12,1.009,19,1.11,1.0,1,1.1,0.9909,1,1.115,1.0045,5741,0
IWM190906P148,2019-09-04,2019-09-04 10:05:22,1.13,1.018,79,1.11,1.0,14,1.1,0.9909,1,1.12,1.009,5741,0
IWM190906P148,2019-09-04,2019-09-04 10:05:22,1.13,1.018,79,1.11,1.0,5,1.1,0.9909,1,1.12,1.009,5741,0
IWM190906P148,2019-09-04,2019-09-04 10:05:23,1.13,1.018,79,1.11,1.0,14,1.1,0.9909,1,1.12,1.009,5741,0
IWM190906P148,2019-09-04,2019-09-04 10:05:24,1.13,1.018,55,1.11,1.0,44,1.1,0.9909,1,1.12,1.009,5741,0
IWM190906P148,2019-09-04,2019-09-04 10:05:24,1.13,1.018,55,1.11,1.0,53,1.1,0.9909,1,1.12,1.009,5741,0
IWM190906P148,2019-09-04,2019-09-04 10:05:25,1.13,1.018,147,1.11,1.0,53,1.1,0.9909,1,1.12,1.009,5741,0
IWM190906P148,2019-09-04,2019-09-04 10:05:25,1.13,1.018,111,1.11,1.0,21,1.1,0.9909,1,1.12,1.009,5741,0
IWM190906P148,2019-09-04,2019-09-04 10:05:26,1.13,1.018,111,1.11,1.0,38,1.1,0.9909,1,1.12,1.009,5741,0
IWM190906P148,2019-09-04,2019-09-04 10:05:26,1.13,1.018,111,1.11,1.0,21,1.1,0.9909,1,1.12,1.009,5741,0
IWM190906P148,2019-09-04,2019-09-04 10:05:27,1.13,1.018,111,1.11,1.0,21,1.1,0.9909,1,1.12,1.009,5741,0
IWM190906P148,2019-09-04,2019-09-04 10:05:27,1.13,1.018,111,1.11,1.0,47,1.1,0.9909,1,1.12,1.009,5741,0
IWM190906P148,2019-09-04,2019-09-04 10:05:28,1.13,1.018,111,1.11,1.0,47,1.1,0.9909,1,1.12,1.009,5741,0
IWM190906P148,2019-09-04,2019-09-04 10:05:28,1.13,1.018,54,1.11,1.0,47,1.1,0.9909,1,1.12,1.009,5741,0
IWM190906P148,2019-09-04,2019-09-04 10:05:29,1.13,1.018,54,1.11,1.0,47,1.1,0.9909,1,1.12,1.009,5741,0
IWM190906P148,2019-09-04,2019-09-04 10:05:29,1.13,1.018,54,1.11,1.0,45,1.1,0.9909,1,1.12,1.009,5741,0
IWM190906P148,2019-09-04,2019-09-04 10:05:30,1.13,1.018,54,1.11,1.0,45,1.1,0.9909,1,1.12,1.009,5741,0
IWM190906P148,2019-09-04,2019-09-04 10:05:30,1.13,1.018,58,1.11,1.0,51,1.1,0.9909,1,1.12,1.009,5741,0
IWM190906P148,2019-09-04,2019-09-04 10:05:31,1.13,1.018,58,1.11,1.0,66,1.1,0.9909,1,1.12,1.009,5741,0
IWM190906P148,2019-09-04,2019-09-04 10:05:32,1.13,1.018,67,1.11,1.0,66,1.1,0.9909,1,1.12,1.009,5741,0
IWM190906P148,2019-09-04,2019-09-04 10:05:32,1.13,1.018,67,1.11,1.0,29,1.1,0.9909,1,1.12,1.009,5741,0
IWM190906P148,2019-09-04,2019-09-04 10:05:33,1.13,1.018,67,1.11,1.0,31,1.1,0.9909,1,1.12,1.009,5741,0
IWM190906P148,2019-09-04,2019-09-04 10:05:33,1.13,1.018,67,1.11,1.0,29,1.1,0.9909,1,1.12,1.009,5741,0
IWM190906P148,2019-09-04,2019-09-04 10:05:34,1.13,1.018,67,1.11,1.0,45,1.1,0.9909,1,1.12,1.009,5741,0
IWM190906P148,2019-09-04,2019-09-04 10:05:35,1.13,1.018,16,1.12,1.009,2,1.1,0.9909,1,1.125,1.0135,5741,0
IWM190906P148,2019-09-04,2019-09-04 10:05:35,1.13,1.018,16,1.12,1.009,3,1.1,0.9909,1,1.125,1.0135,5741,0
IWM190906P148,2019-09-04,2019-09-04 10:05:36,1.13,1.018,16,1.12,1.009,3,1.1,0.9909,1,1.125,1.0135,5741,0
IWM190906P148,2019-09-04,2019-09-04 10:05:37,1.13,1.018,16,1.12,1.009,3,1.1,0.9909,1,1.125,1.0135,5741,0
IWM190906P148,2019-09-04,2019-09-04 10:05:38,1.13,1.018,33,1.12,1.009,1,1.1,0.9909,1,1.125,1.0135,5741,0
IWM190906P148,2019-09-04,2019-09-04 10:05:38,1.13,1.018,16,1.12,1.009,3,1.1,0.9909,1,1.125,1.0135,5741,0
IWM190906P148,2019-09-04,2019-09-04 10:05:39,1.13,1.018,20,1.11,1.0,35,1.1,0.9909,1,1.12,1.009,5741,0
IWM190906P148,2019-09-04,2019-09-04 10:05:39,1.13,1.018,20,1.12,1.009,3,1.1,0.9909,1,1.125,1.0135,5741,0
IWM190906P148,2019-09-04,2019-09-04 10:05:40,1.13,1.018,34,1.11,1.0,30,1.1,0.9909,1,1.12,1.009,5741,0
IWM190906P148,2019-09-04,2019-09-04 10:05:40,1.13,1.018,16,1.11,1.0,45,1.1,0.9909,1,1.12,1.009,5741,0
IWM190906P148,2019-09-04,2019-09-04 10:05:41,1.13,1.018,16,1.11,1.0,45,1.1,0.9909,1,1.12,1.009,5741,0
IWM190906P148,2019-09-04,2019-09-04 10:05:42,1.13,1.018,42,1.11,1.0,20,1.1,0.9909,1,1.12,1.009,5741,0
IWM190906P148,2019-09-04,2019-09-04 10:05:42,1.13,1.018,59,1.11,1.0,20,1.1,0.9909,1,1.12,1.009,5741,0
IWM190906P148,2019-09-04,2019-09-04 10:05:43,1.13,1.018,42,1.11,1.0,26,1.1,0.9909,1,1.12,1.009,5741,0
IWM190906P148,2019-09-04,2019-09-04 10:05:43,1.13,1.018,42,1.11,1.0,39,1.1,0.9909,1,1.12,1.009,5741,0
IWM190906P148,2019-09-04,2019-09-04 10:05:44,1.14,1.027,53,1.12,1.009,12,1.1,0.9909,1,1.13,1.018,5741,0
IWM190906P148,2019-09-04,2019-09-04 10:05:44,1.14,1.027,30,1.12,1.009,12,1.1,0.9909,1,1.13,1.018,5741,0
IWM190906P148,2019-09-04,2019-09-04 10:05:45,1.14,1.027,53,1.12,1.009,12,1.1,0.9909,1,1.13,1.018,5741,0
IWM190906P148,2019-09-04,2019-09-04 10:05:46,1.14,1.027,53,1.12,1.009,8,1.1,0.9909,1,1.13,1.018,5741,0
IWM190906P148,2019-09-04,2019-09-04 10:05:46,1.14,1.027,53,1.12,1.009,12,1.1,0.9909,1,1.13,1.018,5741,0
IWM190906P148,2019-09-04,2019-09-04 10:05:47,1.14,1.027,53,1.12,1.009,12,1.14,1.027,1,1.13,1.018,5742,0
IWM190906P148,2019-09-04,2019-09-04 10:05:47,1.14,1.027,53,1.12,1.009,12,1.14,1.027,1,1.13,1.018,5742,1
IWM190906P148,2019-09-04,2019-09-04 10:05:48,1.14,1.027,53,1.12,1.009,12,1.14,1.027,1,1.13,1.018,5742,0
IWM190906P148,2019-09-04,2019-09-04 10:05:49,1.14,1.027,53,1.12,1.009,12,1.14,1.027,1,1.13,1.018,5742,0
IWM190906P148,2019-09-04,2019-09-04 10:05:50,1.14,1.027,30,1.12,1.009,15,1.14,1.027,1,1.13,1.018,5742,0
IWM190906P148,2019-09-04,2019-09-04 10:05:51,1.14,1.027,87,1.12,1.009,11,1.14,1.027,1,1.13,1.018,5742,0
IWM190906P148,2019-09-04,2019-09-04 10:05:52,1.13,1.018,31,1.12,1.009,11,1.14,1.027,1,1.125,1.0135,5742,0
IWM190906P148,2019-09-04,2019-09-04 10:05:52,1.14,1.027,54,1.12,1.009,11,1.14,1.027,1,1.13,1.018,5742,0
IWM190906P148,2019-09-04,2019-09-04 10:05:53,1.13,1.018,31,1.12,1.009,11,1.14,1.027,1,1.125,1.0135,5742,0
IWM190906P148,2019-09-04,2019-09-04 10:05:54,1.13,1.018,31,1.11,1.0,30,1.14,1.027,1,1.12,1.009,5742,0
IWM190906P148,2019-09-04,2019-09-04 10:05:55,1.13,1.018,31,1.11,1.0,30,1.14,1.027,1,1.12,1.009,5742,0
IWM190906P148,2019-09-04,2019-09-04 10:05:56,1.13,1.018,31,1.11,1.0,45,1.14,1.027,1,1.12,1.009,5742,0
IWM190906P148,2019-09-04,2019-09-04 10:05:57,1.13,1.018,31,1.11,1.0,45,1.14,1.027,1,1.12,1.009,5742,0
IWM190906P148,2019-09-04,2019-09-04 10:05:58,1.13,1.018,45,1.11,1.0,45,1.14,1.027,1,1.12,1.009,5742,0
IWM190906P148,2019-09-04,2019-09-04 10:05:58,1.13,1.018,33,1.11,1.0,45,1.14,1.027,1,1.12,1.009,5742,0
IWM190906P148,2019-09-04,2019-09-04 10:05:59,1.12,1.009,8,1.1,0.9909,45,1.14,1.027,1,1.11,1.0,5742,0
IWM190906P148,2019-09-04,2019-09-04 10:05:59,1.12,1.009,30,1.1,0.9909,45,1.14,1.027,1,1.11,1.0,5742,0
IWM190906P148,2019-09-04,2019-09-04 10:06:00,1.12,1.009,30,1.1,0.9909,68,1.14,1.027,1,1.11,1.0,5742,0
IWM190906P148,2019-09-04,2019-09-04 10:06:01,1.12,1.009,30,1.1,0.9909,68,1.14,1.027,1,1.11,1.0,5742,0
IWM190906P148,2019-09-04,2019-09-04 10:06:01,1.12,1.009,30,1.1,0.9909,4,1.14,1.027,1,1.11,1.0,5742,0
IWM190906P148,2019-09-04,2019-09-04 10:06:02,1.11,1.0,14,1.09,0.9819,58,1.14,1.027,1,1.1,0.9909,5742,0
IWM190906P148,2019-09-04,2019-09-04 10:06:02,1.12,1.009,60,1.09,0.9819,58,1.14,1.027,1,1.105,0.9954,5742,0
IWM190906P148,2019-09-04,2019-09-04 10:06:03,1.11,1.0,14,1.09,0.9819,36,1.14,1.027,1,1.1,0.9909,5742,0
IWM190906P148,2019-09-04,2019-09-04 10:06:03,1.11,1.0,14,1.09,0.9819,54,1.14,1.027,1,1.1,0.9909,5742,0
IWM190906P148,2019-09-04,2019-09-04 10:06:04,1.12,1.009,26,1.09,0.9819,54,1.14,1.027,1,1.105,0.9954,5742,0
IWM190906P148,2019-09-04,2019-09-04 10:06:04,1.11,1.0,14,1.09,0.9819,54,1.14,1.027,1,1.1,0.9909,5742,0
IWM190906P148,2019-09-04,2019-09-04 10:06:05,1.12,1.009,26,1.1,0.9909,56,1.14,1.027,1,1.11,1.0,5742,0
IWM190906P148,2019-09-04,2019-09-04 10:06:06,1.14,1.027,92,1.12,1.009,32,1.14,1.027,1,1.13,1.018,5742,0
IWM190906P148,2019-09-04,2019-09-04 10:06:06,1.14,1.027,4,1.12,1.009,29,1.14,1.027,1,1.13,1.018,5742,0
IWM190906P148,2019-09-04,2019-09-04 10:06:07,1.14,1.027,92,1.12,1.009,32,1.14,1.027,1,1.13,1.018,5742,0
IWM190906P148,2019-09-04,2019-09-04 10:06:08,1.14,1.027,18,1.12,1.009,46,1.14,1.027,1,1.13,1.018,5742,0
IWM190906P148,2019-09-04,2019-09-04 10:06:09,1.14,1.027,18,1.12,1.009,42,1.14,1.027,1,1.13,1.018,5742,0
IWM190906P148,2019-09-04,2019-09-04 10:06:09,1.14,1.027,18,1.12,1.009,58,1.14,1.027,1,1.13,1.018,5742,0
IWM190906P148,2019-09-04,2019-09-04 10:06:10,1.14,1.027,18,1.12,1.009,45,1.14,1.027,1,1.13,1.018,5742,0
IWM190906P148,2019-09-04,2019-09-04 10:06:10,1.14,1.027,4,1.12,1.009,45,1.14,1.027,1,1.13,1.018,5742,0
IWM190906P148,2019-09-04,2019-09-04 10:06:11,1.14,1.027,17,1.12,1.009,29,1.14,1.027,1,1.13,1.018,5742,0
IWM190906P148,2019-09-04,2019-09-04 10:06:11,1.14,1.027,8,1.12,1.009,45,1.14,1.027,1,1.13,1.018,5742,0
IWM190906P148,2019-09-04,2019-09-04 10:06:12,1.14,1.027,17,1.12,1.009,29,1.14,1.027,1,1.13,1.018,5742,0
IWM190906P148,2019-09-04,2019-09-04 10:06:12,1.14,1.027,17,1.12,1.009,6,1.14,1.027,1,1.13,1.018,5742,0
IWM190906P148,2019-09-04,2019-09-04 10:06:13,1.15,1.036,88,1.13,1.018,18,1.14,1.027,1,1.14,1.027,5742,0
IWM190906P148,2019-09-04,2019-09-04 10:06:13,1.14,1.027,17,1.12,1.009,15,1.14,1.027,1,1.13,1.018,5742,0
IWM190906P148,2019-09-04,2019-09-04 10:06:14,1.15,1.036,4,1.13,1.018,18,1.14,1.027,1,1.14,1.027,5742,0
IWM190906P148,2019-09-04,2019-09-04 10:06:14,1.16,1.045,72,1.14,1.027,26,1.14,1.027,1,1.15,1.036,5742,0
IWM190906P148,2019-09-04,2019-09-04 10:06:15,1.16,1.045,25,1.14,1.027,8,1.14,1.027,1,1.15,1.036,5742,0
IWM190906P148,2019-09-04,2019-09-04 10:06:15,1.15,1.036,4,1.13,1.018,21,1.14,1.027,1,1.14,1.027,5742,0
IWM190906P148,2019-09-04,2019-09-04 10:06:16,1.16,1.045,40,1.14,1.027,23,1.14,1.027,1,1.15,1.036,5742,0
IWM190906P148,2019-09-04,2019-09-04 10:06:16,1.16,1.045,25,1.14,1.027,21,1.14,1.027,1,1.15,1.036,5742,0
IWM190906P148,2019-09-04,2019-09-04 10:06:17,1.16,1.045,40,1.14,1.027,23,1.14,1.027,1,1.15,1.036,5742,0
IWM190906P148,2019-09-04,2019-09-04 10:06:17,1.15,1.036,4,1.13,1.018,45,1.14,1.027,1,1.14,1.027,5742,0
IWM190906P148,2019-09-04,2019-09-04 10:06:18,1.15,1.036,19,1.13,1.018,45,1.14,1.027,1,1.14,1.027,5742,0
IWM190906P148,2019-09-04,2019-09-04 10:06:18,1.16,1.045,57,1.13,1.018,55,1.14,1.027,1,1.145,1.0315,5742,0
IWM190906P148,2019-09-04,2019-09-04 10:06:19,1.16,1.045,57,1.14,1.027,1,1.14,1.027,1,1.15,1.036,5742,0
IWM190906P148,2019-09-04,2019-09-04 10:06:19,1.16,1.045,57,1.13,1.018,68,1.14,1.027,1,1.145,1.0315,5742,0
IWM190906P148,2019-09-04,2019-09-04 10:06:20,1.16,1.045,57,1.14,1.027,1,1.14,1.027,1,1.15,1.036,5742,0
IWM190906P148,2019-09-04,2019-09-04 10:06:20,1.16,1.045,79,1.13,1.018,42,1.14,1.027,1,1.145,1.0315,5742,0
IWM190906P148,2019-09-04,2019-09-04 10:06:21,1.16,1.045,79,1.13,1.018,42,1.14,1.027,1,1.145,1.0315,5742,0
IWM190906P148,2019-09-04,2019-09-04 10:06:22,1.16,1.045,28,1.14,1.027,34,1.14,1.027,1,1.15,1.036,5742,0
IWM190906P148,2019-09-04,2019-09-04 10:06:22,1.16,1.045,24,1.14,1.027,34,1.14,1.027,1,1.15,1.036,5742,0
IWM190906P148,2019-09-04,2019-09-04 10:06:23,1.16,1.045,4,1.14,1.027,51,1.14,1.027,1,1.15,1.036,5742,0
IWM190906P148,2019-09-04,2019-09-04 10:06:23,1.16,1.045,15,1.14,1.027,34,1.14,1.027,1,1.15,1.036,5742,0
IWM190906P148,2019-09-04,2019-09-04 10:06:24,1.16,1.045,15,1.14,1.027,34,1.14,1.027,1,1.15,1.036,5742,0
IWM190906P148,2019-09-04,2019-09-04 10:06:25,1.16,1.045,10,1.14,1.027,51,1.14,1.027,1,1.15,1.036,5742,0
IWM190906P148,2019-09-04,2019-09-04 10:06:25,1.16,1.045,4,1.14,1.027,34,1.14,1.027,1,1.15,1.036,5742,0
IWM190906P148,2019-09-04,2019-09-04 10:06:26,1.16,1.045,7,1.14,1.027,19,1.14,1.027,1,1.15,1.036,5742,0
IWM190906P148,2019-09-04,2019-09-04 10:06:27,1.16,1.045,5,1.14,1.027,19,1.14,1.027,1,1.15,1.036,5742,0
IWM190906P148,2019-09-04,2019-09-04 10:06:28,1.16,1.045,16,1.14,1.027,8,1.14,1.027,1,1.15,1.036,5742,0
IWM190906P148,2019-09-04,2019-09-04 10:06:28,1.17,1.054,27,1.14,1.027,10,1.14,1.027,1,1.155,1.0405,5742,0
IWM190906P148,2019-09-04,2019-09-04 10:06:29,1.16,1.045,53,1.14,1.027,50,1.14,1.027,1,1.15,1.036,5742,0
IWM190906P148,2019-09-04,2019-09-04 10:06:29,1.17,1.054,27,1.14,1.027,38,1.14,1.027,1,1.155,1.0405,5742,0
IWM190906P148,2019-09-04,2019-09-04 10:06:30,1.16,1.045,53,1.14,1.027,33,1.14,1.027,1,1.15,1.036,5742,0
IWM190906P148,2019-09-04,2019-09-04 10:06:30,1.16,1.045,53,1.14,1.027,48,1.14,1.027,1,1.15,1.036,5742,0
IWM190906P148,2019-09-04,2019-09-04 10:06:31,1.16,1.045,53,1.14,1.027,44,1.14,1.027,1,1.15,1.036,5742,0
IWM190906P148,2019-09-04,2019-09-04 10:06:31,1.16,1.045,4,1.14,1.027,44,1.14,1.027,1,1.15,1.036,5742,0
IWM190906P148,2019-09-04,2019-09-04 10:06:32,1.16,1.045,8,1.14,1.027,34,1.14,1.027,1,1.15,1.036,5742,0
IWM190906P148,2019-09-04,2019-09-04 10:06:32,1.17,1.054,30,1.15,1.036,24,1.14,1.027,1,1.16,1.045,5742,0
IWM190906P148,2019-09-04,2019-09-04 10:06:33,1.16,1.045,44,1.14,1.027,33,1.14,1.027,1,1.15,1.036,5742,0
IWM190906P148,2019-09-04,2019-09-04 10:06:33,1.16,1.045,44,1.14,1.027,34,1.14,1.027,1,1.15,1.036,5742,0
IWM190906P148,2019-09-04,2019-09-04 10:06:34,1.17,1.054,62,1.14,1.027,45,1.14,1.027,1,1.155,1.0405,5742,0
IWM190906P148,2019-09-04,2019-09-04 10:06:34,1.16,1.045,4,1.14,1.027,45,1.14,1.027,1,1.15,1.036,5742,0
IWM190906P148,2019-09-04,2019-09-04 10:06:35,1.17,1.054,62,1.14,1.027,44,1.14,1.027,1,1.155,1.0405,5742,0
IWM190906P148,2019-09-04,2019-09-04 10:06:35,1.17,1.054,62,1.14,1.027,45,1.14,1.027,1,1.155,1.0405,5742,0
IWM190906P148,2019-09-04,2019-09-04 10:06:36,1.17,1.054,62,1.14,1.027,44,1.14,1.027,1,1.155,1.0405,5742,0
IWM190906P148,2019-09-04,2019-09-04 10:06:37,1.17,1.054,113,1.14,1.027,66,1.14,1.027,1,1.155,1.0405,5742,0
IWM190906P148,2019-09-04,2019-09-04 10:06:37,1.17,1.054,62,1.14,1.027,44,1.14,1.027,1,1.155,1.0405,5742,0
IWM190906P148,2019-09-04,2019-09-04 10:06:38,1.17,1.054,66,1.15,1.036,8,1.14,1.027,1,1.16,1.045,5742,0
IWM190906P148,2019-09-04,2019-09-04 10:06:38,1.17,1.054,118,1.15,1.036,4,1.14,1.027,1,1.16,1.045,5742,0
IWM190906P148,2019-09-04,2019-09-04 10:06:39,1.17,1.054,100,1.14,1.027,70,1.14,1.027,1,1.155,1.0405,5742,0
IWM190906P148,2019-09-04,2019-09-04 10:06:39,1.17,1.054,118,1.15,1.036,4,1.14,1.027,1,1.16,1.045,5742,0
IWM190906P148,2019-09-04,2019-09-04 10:06:40,1.17,1.054,129,1.14,1.027,44,1.14,1.027,1,1.155,1.0405,5742,0
IWM190906P148,2019-09-04,2019-09-04 10:06:40,1.17,1.054,153,1.14,1.027,44,1.14,1.027,1,1.155,1.0405,5742,0
IWM190906P148,2019-09-04,2019-09-04 10:06:41,1.17,1.054,22,1.14,1.027,66,1.14,1.027,1,1.155,1.0405,5742,0
IWM190906P148,2019-09-04,2019-09-04 10:06:41,1.17,1.054,107,1.14,1.027,44,1.14,1.027,1,1.155,1.0405,5742,0
IWM190906P148,2019-09-04,2019-09-04 10:06:42,1.17,1.054,74,1.15,1.036,18,1.14,1.027,1,1.16,1.045,5742,0
IWM190906P148,2019-09-04,2019-09-04 10:06:42,1.17,1.054,22,1.15,1.036,18,1.14,1.027,1,1.16,1.045,5742,0
IWM190906P148,2019-09-04,2019-09-04 10:06:43,1.17,1.054,32,1.15,1.036,55,1.14,1.027,1,1.16,1.045,5742,0
IWM190906P148,2019-09-04,2019-09-04 10:06:43,1.17,1.054,32,1.15,1.036,45,1.14,1.027,1,1.16,1.045,5742,0
IWM190906P148,2019-09-04,2019-09-04 10:06:44,1.17,1.054,15,1.15,1.036,44,1.14,1.027,1,1.16,1.045,5742,0
IWM190906P148,2019-09-04,2019-09-04 10:06:44,1.17,1.054,15,1.16,1.045,14,1.14,1.027,1,1.165,1.0495,5742,0
IWM190906P148,2019-09-04,2019-09-04 10:06:45,1.18,1.063,67,1.16,1.045,14,1.14,1.027,1,1.17,1.054,5742,0
IWM190906P148,2019-09-04,2019-09-04 10:06:45,1.18,1.063,82,1.16,1.045,21,1.14,1.027,1,1.17,1.054,5742,0
IWM190906P148,2019-09-04,2019-09-04 10:06:46,1.18,1.063,32,1.16,1.045,21,1.14,1.027,1,1.17,1.054,5742,0
IWM190906P148,2019-09-04,2019-09-04 10:06:46,1.18,1.063,82,1.16,1.045,21,1.14,1.027,1,1.17,1.054,5742,0
IWM190906P148,2019-09-04,2019-09-04 10:06:47,1.18,1.063,41,1.16,1.045,21,1.14,1.027,1,1.17,1.054,5742,0
IWM190906P148,2019-09-04,2019-09-04 10:06:48,1.18,1.063,41,1.16,1.045,23,1.14,1.027,1,1.17,1.054,5742,0
IWM190906P148,2019-09-04,2019-09-04 10:06:48,1.18,1.063,63,1.16,1.045,23,1.14,1.027,1,1.17,1.054,5742,0
IWM190906P148,2019-09-04,2019-09-04 10:06:49,1.18,1.063,75,1.16,1.045,14,1.14,1.027,1,1.17,1.054,5742,0
IWM190906P148,2019-09-04,2019-09-04 10:06:49,1.18,1.063,63,1.16,1.045,14,1.14,1.027,1,1.17,1.054,5742,0
IWM190906P148,2019-09-04,2019-09-04 10:06:50,1.18,1.063,75,1.16,1.045,21,1.14,1.027,1,1.17,1.054,5742,0
IWM190906P148,2019-09-04,2019-09-04 10:06:51,1.18,1.063,121,1.16,1.045,14,1.14,1.027,1,1.17,1.054,5742,0
IWM190906P148,2019-09-04,2019-09-04 10:06:52,1.17,1.054,4,1.16,1.045,15,1.14,1.027,1,1.165,1.0495,5742,0
IWM190906P148,2019-09-04,2019-09-04 10:06:52,1.17,1.054,4,1.16,1.045,10,1.14,1.027,1,1.165,1.0495,5742,0
IWM190906P148,2019-09-04,2019-09-04 10:06:53,1.17,1.054,4,1.15,1.036,22,1.14,1.027,1,1.16,1.045,5742,0
IWM190906P148,2019-09-04,2019-09-04 10:06:53,1.16,1.045,14,1.14,1.027,22,1.14,1.027,1,1.15,1.036,5742,0
IWM190906P148,2019-09-04,2019-09-04 10:06:54,1.16,1.045,45,1.14,1.027,34,1.14,1.027,1,1.15,1.036,5742,0
IWM190906P148,2019-09-04,2019-09-04 10:06:54,1.16,1.045,14,1.14,1.027,22,1.14,1.027,1,1.15,1.036,5742,0
IWM190906P148,2019-09-04,2019-09-04 10:06:55,1.17,1.054,76,1.14,1.027,34,1.14,1.027,1,1.155,1.0405,5742,0
IWM190906P148,2019-09-04,2019-09-04 10:06:55,1.18,1.063,75,1.16,1.045,36,1.14,1.027,1,1.17,1.054,5742,0
IWM190906P148,2019-09-04,2019-09-04 10:06:56,1.18,1.063,4,1.16,1.045,17,1.14,1.027,1,1.17,1.054,5742,0
IWM190906P148,2019-09-04,2019-09-04 10:06:57,1.18,1.063,4,1.16,1.045,44,1.14,1.027,1,1.17,1.054,5742,0
IWM190906P148,2019-09-04,2019-09-04 10:06:57,1.18,1.063,4,1.16,1.045,48,1.14,1.027,1,1.17,1.054,5742,0
IWM190906P148,2019-09-04,2019-09-04 10:06:58,1.18,1.063,4,1.16,1.045,44,1.14,1.027,1,1.17,1.054,5742,0
IWM190906P148,2019-09-04,2019-09-04 10:06:59,1.18,1.063,8,1.16,1.045,51,1.14,1.027,1,1.17,1.054,5742,0
IWM190906P148,2019-09-04,2019-09-04 10:07:00,1.18,1.063,4,1.16,1.045,44,1.14,1.027,1,1.17,1.054,5742,0
IWM190906P148,2019-09-04,2019-09-04 10:07:01,1.18,1.063,4,1.16,1.045,44,1.14,1.027,1,1.17,1.054,5742,0
IWM190906P148,2019-09-04,2019-09-04 10:07:01,1.18,1.063,4,1.16,1.045,66,1.14,1.027,1,1.17,1.054,5742,0
IWM190906P148,2019-09-04,2019-09-04 10:07:02,1.18,1.063,4,1.16,1.045,44,1.14,1.027,1,1.17,1.054,5742,0
IWM190906P148,2019-09-04,2019-09-04 10:07:02,1.19,1.072,4,1.17,1.054,41,1.14,1.027,1,1.18,1.063,5742,0
IWM190906P148,2019-09-04,2019-09-04 10:07:03,1.19,1.072,31,1.17,1.054,41,1.14,1.027,1,1.18,1.063,5742,0
IWM190906P148,2019-09-04,2019-09-04 10:07:03,1.19,1.072,41,1.17,1.054,62,1.14,1.027,1,1.18,1.063,5742,0
IWM190906P148,2019-09-04,2019-09-04 10:07:04,1.19,1.072,44,1.17,1.054,5,1.14,1.027,1,1.18,1.063,5742,0
IWM190906P148,2019-09-04,2019-09-04 10:07:04,1.2,1.081,45,1.18,1.063,12,1.14,1.027,1,1.19,1.072,5742,0
IWM190906P148,2019-09-04,2019-09-04 10:07:05,1.2,1.081,45,1.18,1.063,18,1.14,1.027,1,1.19,1.072,5742,0
IWM190906P148,2019-09-04,2019-09-04 10:07:05,1.2,1.081,45,1.18,1.063,14,1.14,1.027,1,1.19,1.072,5742,0
IWM190906P148,2019-09-04,2019-09-04 10:07:06,1.2,1.081,93,1.18,1.063,8,1.14,1.027,1,1.19,1.072,5742,0
IWM190906P148,2019-09-04,2019-09-04 10:07:06,1.2,1.081,45,1.18,1.063,14,1.14,1.027,1,1.19,1.072,5742,0
IWM190906P148,2019-09-04,2019-09-04 10:07:07,1.19,1.072,50,1.17,1.054,6,1.14,1.027,1,1.18,1.063,5742,0
IWM190906P148,2019-09-04,2019-09-04 10:07:07,1.2,1.081,120,1.18,1.063,8,1.14,1.027,1,1.19,1.072,5742,0
IWM190906P148,2019-09-04,2019-09-04 10:07:08,1.19,1.072,50,1.17,1.054,6,1.14,1.027,1,1.18,1.063,5742,0
IWM190906P148,2019-09-04,2019-09-04 10:07:08,1.19,1.072,37,1.17,1.054,18,1.14,1.027,1,1.18,1.063,5742,0
IWM190906P148,2019-09-04,2019-09-04 10:07:09,1.19,1.072,49,1.17,1.054,12,1.14,1.027,1,1.18,1.063,5742,0
IWM190906P148,2019-09-04,2019-09-04 10:07:10,1.19,1.072,49,1.17,1.054,12,1.14,1.027,1,1.18,1.063,5742,0
IWM190906P148,2019-09-04,2019-09-04 10:07:11,1.2,1.081,100,1.17,1.054,72,1.14,1.027,1,1.185,1.0675,5742,0
IWM190906P148,2019-09-04,2019-09-04 10:07:12,1.19,1.072,24,1.17,1.054,72,1.14,1.027,1,1.18,1.063,5742,0
IWM190906P148,2019-09-04,2019-09-04 10:07:12,1.2,1.081,63,1.18,1.063,17,1.14,1.027,1,1.19,1.072,5742,0
IWM190906P148,2019-09-04,2019-09-04 10:07:13,1.2,1.081,48,1.18,1.063,22,1.14,1.027,1,1.19,1.072,5742,0
IWM190906P148,2019-09-04,2019-09-04 10:07:13,1.2,1.081,100,1.18,1.063,9,1.14,1.027,1,1.19,1.072,5742,0
IWM190906P148,2019-09-04,2019-09-04 10:07:14,1.2,1.081,48,1.18,1.063,22,1.14,1.027,1,1.19,1.072,5742,0
IWM190906P148,2019-09-04,2019-09-04 10:07:14,1.21,1.09,70,1.19,1.072,4,1.14,1.027,1,1.2,1.081,5742,0
IWM190906P148,2019-09-04,2019-09-04 10:07:15,1.21,1.09,9,1.19,1.072,45,1.14,1.027,1,1.2,1.081,5742,0
IWM190906P148,2019-09-04,2019-09-04 10:07:15,1.21,1.09,33,1.2,1.081,6,1.14,1.027,1,1.205,1.0855,5742,0
IWM190906P148,2019-09-04,2019-09-04 10:07:16,1.2,1.081,50,1.18,1.063,16,1.14,1.027,1,1.19,1.072,5742,0
IWM190906P148,2019-09-04,2019-09-04 10:07:16,1.2,1.081,36,1.18,1.063,8,1.14,1.027,1,1.19,1.072,5742,0
IWM190906P148,2019-09-04,2019-09-04 10:07:17,1.2,1.081,36,1.18,1.063,24,1.14,1.027,1,1.19,1.072,5742,0
IWM190906P148,2019-09-04,2019-09-04 10:07:17,1.2,1.081,50,1.18,1.063,16,1.14,1.027,1,1.19,1.072,5742,0
IWM190906P148,2019-09-04,2019-09-04 10:07:18,1.2,1.081,14,1.19,1.072,1,1.14,1.027,1,1.195,1.0765,5742,0
IWM190906P148,2019-09-04,2019-09-04 10:07:18,1.2,1.081,21,1.18,1.063,58,1.14,1.027,1,1.19,1.072,5742,0
IWM190906P148,2019-09-04,2019-09-04 10:07:19,1.21,1.09,44,1.18,1.063,83,1.14,1.027,1,1.195,1.0765,5742,0
IWM190906P148,2019-09-04,2019-09-04 10:07:20,1.21,1.09,44,1.19,1.072,9,1.14,1.027,1,1.2,1.081,5742,0
IWM190906P148,2019-09-04,2019-09-04 10:07:20,1.2,1.081,8,1.18,1.063,44,1.14,1.027,1,1.19,1.072,5742,0
IWM190906P148,2019-09-04,2019-09-04 10:07:21,1.21,1.09,44,1.19,1.072,12,1.14,1.027,1,1.2,1.081,5742,0
IWM190906P148,2019-09-04,2019-09-04 10:07:21,1.2,1.081,16,1.18,1.063,44,1.14,1.027,1,1.19,1.072,5742,0
IWM190906P148,2019-09-04,2019-09-04 10:07:22,1.22,1.099,43,1.2,1.081,50,1.14,1.027,1,1.21,1.09,5742,0
IWM190906P148,2019-09-04,2019-09-04 10:07:22,1.22,1.099,17,1.2,1.081,36,1.14,1.027,1,1.21,1.09,5742,0
IWM190906P148,2019-09-04,2019-09-04 10:07:23,1.22,1.099,43,1.2,1.081,61,1.14,1.027,1,1.21,1.09,5742,0
IWM190906P148,2019-09-04,2019-09-04 10:07:23,1.22,1.099,40,1.2,1.081,73,1.14,1.027,1,1.21,1.09,5742,0
IWM190906P148,2019-09-04,2019-09-04 10:07:24,1.22,1.099,40,1.2,1.081,73,1.14,1.027,1,1.21,1.09,5742,0
IWM190906P148,2019-09-04,2019-09-04 10:07:25,1.22,1.099,69,1.2,1.081,73,1.14,1.027,1,1.21,1.09,5742,0
IWM190906P148,2019-09-04,2019-09-04 10:07:25,1.22,1.099,89,1.2,1.081,73,1.14,1.027,1,1.21,1.09,5742,0
IWM190906P148,2019-09-04,2019-09-04 10:07:26,1.22,1.099,93,1.2,1.081,4,1.14,1.027,1,1.21,1.09,5742,0
IWM190906P148,2019-09-04,2019-09-04 10:07:26,1.21,1.09,37,1.19,1.072,44,1.14,1.027,1,1.2,1.081,5742,0
IWM190906P148,2019-09-04,2019-09-04 10:07:27,1.21,1.09,29,1.2,1.081,8,1.14,1.027,1,1.205,1.0855,5742,0
IWM190906P148,2019-09-04,2019-09-04 10:07:27,1.22,1.099,93,1.2,1.081,8,1.14,1.027,1,1.21,1.09,5742,0
IWM190906P148,2019-09-04,2019-09-04 10:07:28,1.21,1.09,29,1.19,1.072,8,1.14,1.027,1,1.2,1.081,5742,0
IWM190906P148,2019-09-04,2019-09-04 10:07:28,1.21,1.09,29,1.19,1.072,15,1.14,1.027,1,1.2,1.081,5742,0
IWM190906P148,2019-09-04,2019-09-04 10:07:29,1.2,1.081,101,1.18,1.063,18,1.14,1.027,1,1.19,1.072,5742,0
IWM190906P148,2019-09-04,2019-09-04 10:07:30,1.2,1.081,85,1.18,1.063,18,1.14,1.027,1,1.19,1.072,5742,0
IWM190906P148,2019-09-04,2019-09-04 10:07:31,1.2,1.081,10,1.18,1.063,30,1.14,1.027,1,1.19,1.072,5742,0
IWM190906P148,2019-09-04,2019-09-04 10:07:31,1.21,1.09,18,1.19,1.072,30,1.14,1.027,1,1.2,1.081,5742,0
IWM190906P148,2019-09-04,2019-09-04 10:07:32,1.21,1.09,18,1.19,1.072,30,1.14,1.027,1,1.2,1.081,5742,0
IWM190906P148,2019-09-04,2019-09-04 10:07:33,1.21,1.09,48,1.2,1.081,4,1.14,1.027,1,1.205,1.0855,5742,0
IWM190906P148,2019-09-04,2019-09-04 10:07:33,1.21,1.09,49,1.19,1.072,44,1.14,1.027,1,1.2,1.081,5742,0
IWM190906P148,2019-09-04,2019-09-04 10:07:34,1.21,1.09,39,1.19,1.072,44,1.14,1.027,1,1.2,1.081,5742,0
IWM190906P148,2019-09-04,2019-09-04 10:07:34,1.21,1.09,59,1.19,1.072,38,1.14,1.027,1,1.2,1.081,5742,0
IWM190906P148,2019-09-04,2019-09-04 10:07:35,1.21,1.09,44,1.19,1.072,44,1.14,1.027,1,1.2,1.081,5742,0
IWM190906P148,2019-09-04,2019-09-04 10:07:35,1.21,1.09,40,1.19,1.072,44,1.14,1.027,1,1.2,1.081,5742,0
IWM190906P148,2019-09-04,2019-09-04 10:07:36,1.21,1.09,5,1.19,1.072,44,1.14,1.027,1,1.2,1.081,5742,0
IWM190906P148,2019-09-04,2019-09-04 10:07:36,1.21,1.09,43,1.19,1.072,43,1.14,1.027,1,1.2,1.081,5742,0
IWM190906P148,2019-09-04,2019-09-04 10:07:37,1.22,1.099,136,1.19,1.072,44,1.14,1.027,1,1.205,1.0855,5742,0
IWM190906P148,2019-09-04,2019-09-04 10:07:37,1.22,1.099,154,1.19,1.072,44,1.14,1.027,1,1.205,1.0855,5742,0
IWM190906P148,2019-09-04,2019-09-04 10:07:38,1.21,1.09,49,1.19,1.072,4,1.14,1.027,1,1.2,1.081,5742,0
IWM190906P148,2019-09-04,2019-09-04 10:07:38,1.22,1.099,154,1.19,1.072,44,1.14,1.027,1,1.205,1.0855,5742,0
IWM190906P148,2019-09-04,2019-09-04 10:07:39,1.2,1.081,85,1.18,1.063,28,1.14,1.027,1,1.19,1.072,5742,0
IWM190906P148,2019-09-04,2019-09-04 10:07:39,1.21,1.09,104,1.19,1.072,12,1.14,1.027,1,1.2,1.081,5742,0
IWM190906P148,2019-09-04,2019-09-04 10:07:40,1.2,1.081,85,1.18,1.063,32,1.14,1.027,1,1.19,1.072,5742,0
IWM190906P148,2019-09-04,2019-09-04 10:07:40,1.2,1.081,85,1.18,1.063,21,1.14,1.027,1,1.19,1.072,5742,0
IWM190906P148,2019-09-04,2019-09-04 10:07:41,1.2,1.081,116,1.18,1.063,6,1.14,1.027,1,1.19,1.072,5742,0
IWM190906P148,2019-09-04,2019-09-04 10:07:42,1.2,1.081,85,1.18,1.063,9,1.14,1.027,1,1.19,1.072,5742,0
IWM190906P148,2019-09-04,2019-09-04 10:07:42,1.2,1.081,116,1.18,1.063,6,1.14,1.027,1,1.19,1.072,5742,0
IWM190906P148,2019-09-04,2019-09-04 10:07:43,1.21,1.09,70,1.19,1.072,5,1.14,1.027,1,1.2,1.081,5742,0
IWM190906P148,2019-09-04,2019-09-04 10:07:43,1.21,1.09,141,1.18,1.063,36,1.14,1.027,1,1.195,1.0765,5742,0
IWM190906P148,2019-09-04,2019-09-04 10:07:44,1.21,1.09,44,1.19,1.072,5,1.14,1.027,1,1.2,1.081,5742,0
IWM190906P148,2019-09-04,2019-09-04 10:07:45,1.21,1.09,44,1.19,1.072,34,1.14,1.027,1,1.2,1.081,5742,0
IWM190906P148,2019-09-04,2019-09-04 10:07:45,1.21,1.09,49,1.19,1.072,51,1.14,1.027,1,1.2,1.081,5742,0
IWM190906P148,2019-09-04,2019-09-04 10:07:46,1.21,1.09,49,1.19,1.072,51,1.14,1.027,1,1.2,1.081,5742,0
IWM190906P148,2019-09-04,2019-09-04 10:07:46,1.21,1.09,46,1.19,1.072,4,1.14,1.027,1,1.2,1.081,5742,0
IWM190906P148,2019-09-04,2019-09-04 10:07:47,1.21,1.09,46,1.19,1.072,6,1.14,1.027,1,1.2,1.081,5742,0
IWM190906P148,2019-09-04,2019-09-04 10:07:48,1.21,1.09,55,1.19,1.072,11,1.14,1.027,1,1.2,1.081,5742,0
IWM190906P148,2019-09-04,2019-09-04 10:07:48,1.21,1.09,80,1.19,1.072,18,1.14,1.027,1,1.2,1.081,5742,0
IWM190906P148,2019-09-04,2019-09-04 10:07:49,1.21,1.09,55,1.19,1.072,11,1.14,1.027,1,1.2,1.081,5742,0
IWM190906P148,2019-09-04,2019-09-04 10:07:49,1.21,1.09,43,1.19,1.072,11,1.14,1.027,1,1.2,1.081,5742,0
IWM190906P148,2019-09-04,2019-09-04 10:07:50,1.22,1.099,119,1.2,1.081,12,1.14,1.027,1,1.21,1.09,5742,0
IWM190906P148,2019-09-04,2019-09-04 10:07:50,1.22,1.099,35,1.2,1.081,12,1.14,1.027,1,1.21,1.09,5742,0
IWM190906P148,2019-09-04,2019-09-04 10:07:51,1.21,1.09,14,1.2,1.081,17,1.14,1.027,1,1.205,1.0855,5742,0
IWM190906P148,2019-09-04,2019-09-04 10:07:52,1.22,1.099,123,1.2,1.081,17,1.14,1.027,1,1.21,1.09,5742,0
IWM190906P148,2019-09-04,2019-09-04 10:07:53,1.22,1.099,38,1.2,1.081,44,1.14,1.027,1,1.21,1.09,5742,0
IWM190906P148,2019-09-04,2019-09-04 10:07:53,1.23,1.1081,74,1.2,1.081,44,1.14,1.027,1,1.215,1.0945,5742,0
IWM190906P148,2019-09-04,2019-09-04 10:07:54,1.23,1.1081,35,1.21,1.09,33,1.14,1.027,1,1.22,1.099,5742,0
IWM190906P148,2019-09-04,2019-09-04 10:07:54,1.23,1.1081,56,1.21,1.09,42,1.14,1.027,1,1.22,1.099,5742,0
IWM190906P148,2019-09-04,2019-09-04 10:07:55,1.24,1.1171,49,1.22,1.099,54,1.14,1.027,1,1.23,1.1081,5742,0
IWM190906P148,2019-09-04,2019-09-04 10:07:55,1.23,1.1081,35,1.22,1.099,8,1.14,1.027,1,1.225,1.1036,5742,0
IWM190906P148,2019-09-04,2019-09-04 10:07:56,1.24,1.1171,105,1.22,1.099,54,1.14,1.027,1,1.23,1.1081,5742,0
IWM190906P148,2019-09-04,2019-09-04 10:07:56,1.24,1.1171,49,1.22,1.099,54,1.14,1.027,1,1.23,1.1081,5742,0
IWM190906P148,2019-09-04,2019-09-04 10:07:57,1.24,1.1171,105,1.22,1.099,8,1.14,1.027,1,1.23,1.1081,5742,0
IWM190906P148,2019-09-04,2019-09-04 10:07:58,1.24,1.1171,64,1.22,1.099,8,1.14,1.027,1,1.23,1.1081,5742,0
IWM190906P148,2019-09-04,2019-09-04 10:07:59,1.24,1.1171,28,1.22,1.099,12,1.14,1.027,1,1.23,1.1081,5742,0
IWM190906P148,2019-09-04,2019-09-04 10:07:59,1.25,1.1261,60,1.23,1.1081,19,1.14,1.027,1,1.24,1.1171,5742,0
IWM190906P148,2019-09-04,2019-09-04 10:08:00,1.25,1.1261,117,1.23,1.1081,19,1.14,1.027,1,1.24,1.1171,5742,0
IWM190906P148,2019-09-04,2019-09-04 10:08:01,1.25,1.1261,113,1.23,1.1081,15,1.14,1.027,1,1.24,1.1171,5742,0
IWM190906P148,2019-09-04,2019-09-04 10:08:01,1.25,1.1261,142,1.23,1.1081,8,1.14,1.027,1,1.24,1.1171,5742,0
IWM190906P148,2019-09-04,2019-09-04 10:08:02,1.25,1.1261,65,1.23,1.1081,47,1.14,1.027,1,1.24,1.1171,5742,0
IWM190906P148,2019-09-04,2019-09-04 10:08:02,1.25,1.1261,56,1.23,1.1081,8,1.14,1.027,1,1.24,1.1171,5742,0
IWM190906P148,2019-09-04,2019-09-04 10:08:03,1.25,1.1261,50,1.23,1.1081,45,1.14,1.027,1,1.24,1.1171,5742,0
IWM190906P148,2019-09-04,2019-09-04 10:08:03,1.25,1.1261,63,1.23,1.1081,35,1.14,1.027,1,1.24,1.1171,5742,0
IWM190906P148,2019-09-04,2019-09-04 10:08:04,1.25,1.1261,38,1.23,1.1081,45,1.14,1.027,1,1.24,1.1171,5742,0
IWM190906P148,2019-09-04,2019-09-04 10:08:04,1.25,1.1261,44,1.23,1.1081,43,1.14,1.027,1,1.24,1.1171,5742,0
IWM190906P148,2019-09-04,2019-09-04 10:08:05,1.25,1.1261,128,1.23,1.1081,35,1.14,1.027,1,1.24,1.1171,5742,0
IWM190906P148,2019-09-04,2019-09-04 10:08:05,1.25,1.1261,71,1.23,1.1081,35,1.14,1.027,1,1.24,1.1171,5742,0
IWM190906P148,2019-09-04,2019-09-04 10:08:06,1.24,1.1171,18,1.23,1.1081,8,1.14,1.027,1,1.235,1.1126,5742,0
IWM190906P148,2019-09-04,2019-09-04 10:08:06,1.25,1.1261,128,1.23,1.1081,35,1.14,1.027,1,1.24,1.1171,5742,0
IWM190906P148,2019-09-04,2019-09-04 10:08:07,1.24,1.1171,52,1.22,1.099,15,1.14,1.027,1,1.23,1.1081,5742,0
IWM190906P148,2019-09-04,2019-09-04 10:08:08,1.24,1.1171,126,1.21,1.09,62,1.14,1.027,1,1.225,1.1036,5742,0
IWM190906P148,2019-09-04,2019-09-04 10:08:09,1.24,1.1171,126,1.21,1.09,62,1.14,1.027,1,1.225,1.1036,5742,0
IWM190906P148,2019-09-04,2019-09-04 10:08:10,1.23,1.1081,48,1.21,1.09,62,1.14,1.027,1,1.22,1.099,5742,0
IWM190906P148,2019-09-04,2019-09-04 10:08:10,1.24,1.1171,126,1.21,1.09,62,1.14,1.027,1,1.225,1.1036,5742,0
IWM190906P148,2019-09-04,2019-09-04 10:08:11,1.23,1.1081,48,1.21,1.09,62,1.14,1.027,1,1.22,1.099,5742,0
IWM190906P148,2019-09-04,2019-09-04 10:08:11,1.23,1.1081,61,1.21,1.09,62,1.14,1.027,1,1.22,1.099,5742,0
IWM190906P148,2019-09-04,2019-09-04 10:08:12,1.23,1.1081,61,1.21,1.09,62,1.14,1.027,1,1.22,1.099,5742,0
IWM190906P148,2019-09-04,2019-09-04 10:08:13,1.23,1.1081,61,1.21,1.09,62,1.14,1.027,1,1.22,1.099,5742,0
IWM190906P148,2019-09-04,2019-09-04 10:08:14,1.24,1.1171,10,1.22,1.099,33,1.14,1.027,1,1.23,1.1081,5742,0
IWM190906P148,2019-09-04,2019-09-04 10:08:14,1.24,1.1171,49,1.22,1.099,17,1.14,1.027,1,1.23,1.1081,5742,0
IWM190906P148,2019-09-04,2019-09-04 10:08:15,1.24,1.1171,27,1.22,1.099,62,1.14,1.027,1,1.23,1.1081,5742,0
IWM190906P148,2019-09-04,2019-09-04 10:08:15,1.24,1.1171,34,1.22,1.099,45,1.14,1.027,1,1.23,1.1081,5742,0
IWM190906P148,2019-09-04,2019-09-04 10:08:16,1.24,1.1171,27,1.22,1.099,103,1.14,1.027,1,1.23,1.1081,5742,0
IWM190906P148,2019-09-04,2019-09-04 10:08:17,1.24,1.1171,18,1.22,1.099,7,1.14,1.027,1,1.23,1.1081,5742,0
IWM190906P148,2019-09-04,2019-09-04 10:08:17,1.24,1.1171,27,1.22,1.099,103,1.14,1.027,1,1.23,1.1081,5742,0
IWM190906P148,2019-09-04,2019-09-04 10:08:18,1.24,1.1171,24,1.22,1.099,14,1.14,1.027,1,1.23,1.1081,5742,0
IWM190906P148,2019-09-04,2019-09-04 10:08:19,1.24,1.1171,24,1.22,1.099,22,1.14,1.027,1,1.23,1.1081,5742,0
IWM190906P148,2019-09-04,2019-09-04 10:08:20,1.24,1.1171,24,1.22,1.099,27,1.14,1.027,1,1.23,1.1081,5742,0
IWM190906P148,2019-09-04,2019-09-04 10:08:20,1.24,1.1171,24,1.22,1.099,1,1.14,1.027,1,1.23,1.1081,5742,0
IWM190906P148,2019-09-04,2019-09-04 10:08:21,1.24,1.1171,10,1.21,1.09,66,1.14,1.027,1,1.225,1.1036,5742,0
IWM190906P148,2019-09-04,2019-09-04 10:08:21,1.24,1.1171,44,1.22,1.099,6,1.14,1.027,1,1.23,1.1081,5742,0
IWM190906P148,2019-09-04,2019-09-04 10:08:22,1.24,1.1171,42,1.22,1.099,12,1.14,1.027,1,1.23,1.1081,5742,0
IWM190906P148,2019-09-04,2019-09-04 10:08:22,1.24,1.1171,44,1.22,1.099,12,1.14,1.027,1,1.23,1.1081,5742,0
IWM190906P148,2019-09-04,2019-09-04 10:08:23,1.24,1.1171,38,1.22,1.099,12,1.14,1.027,1,1.23,1.1081,5742,0
IWM190906P148,2019-09-04,2019-09-04 10:08:24,1.24,1.1171,4,1.22,1.099,44,1.14,1.027,1,1.23,1.1081,5742,0
IWM190906P148,2019-09-04,2019-09-04 10:08:24,1.24,1.1171,34,1.22,1.099,12,1.14,1.027,1,1.23,1.1081,5742,0
IWM190906P148,2019-09-04,2019-09-04 10:08:25,1.24,1.1171,44,1.22,1.099,13,1.14,1.027,1,1.23,1.1081,5742,0
IWM190906P148,2019-09-04,2019-09-04 10:08:25,1.24,1.1171,8,1.22,1.099,6,1.14,1.027,1,1.23,1.1081,5742,0
IWM190906P148,2019-09-04,2019-09-04 10:08:26,1.23,1.1081,40,1.21,1.09,66,1.23,1.1081,5,1.22,1.099,5747,5
IWM190906P148,2019-09-04,2019-09-04 10:08:26,1.23,1.1081,8,1.21,1.09,44,1.14,1.027,1,1.22,1.099,5742,0
IWM190906P148,2019-09-04,2019-09-04 10:08:27,1.23,1.1081,40,1.21,1.09,66,1.23,1.1081,5,1.22,1.099,5747,0
IWM190906P148,2019-09-04,2019-09-04 10:08:28,1.24,1.1171,69,1.22,1.099,12,1.23,1.1081,5,1.23,1.1081,5747,0
IWM190906P148,2019-09-04,2019-09-04 10:08:28,1.23,1.1081,56,1.21,1.09,66,1.23,1.1081,5,1.22,1.099,5747,0
IWM190906P148,2019-09-04,2019-09-04 10:08:29,1.24,1.1171,69,1.22,1.099,9,1.23,1.1081,5,1.23,1.1081,5747,0
IWM190906P148,2019-09-04,2019-09-04 10:08:29,1.24,1.1171,69,1.22,1.099,8,1.23,1.1081,5,1.23,1.1081,5747,0
IWM190906P148,2019-09-04,2019-09-04 10:08:30,1.25,1.1261,61,1.23,1.1081,1,1.23,1.1081,5,1.24,1.1171,5747,0
IWM190906P148,2019-09-04,2019-09-04 10:08:31,1.25,1.1261,61,1.22,1.099,28,1.23,1.1081,5,1.235,1.1126,5747,0
IWM190906P148,2019-09-04,2019-09-04 10:08:31,1.25,1.1261,71,1.22,1.099,39,1.23,1.1081,5,1.235,1.1126,5747,0
IWM190906P148,2019-09-04,2019-09-04 10:08:32,1.24,1.1171,42,1.22,1.099,39,1.23,1.1081,5,1.23,1.1081,5747,0
IWM190906P148,2019-09-04,2019-09-04 10:08:32,1.24,1.1171,85,1.22,1.099,39,1.23,1.1081,5,1.23,1.1081,5747,0
IWM190906P148,2019-09-04,2019-09-04 10:08:33,1.24,1.1171,42,1.22,1.099,24,1.23,1.1081,5,1.23,1.1081,5747,0
IWM190906P148,2019-09-04,2019-09-04 10:08:33,1.23,1.1081,44,1.21,1.09,23,1.23,1.1081,5,1.22,1.099,5747,0
IWM190906P148,2019-09-04,2019-09-04 10:08:34,1.23,1.1081,47,1.21,1.09,12,1.23,1.1081,5,1.22,1.099,5747,0
IWM190906P148,2019-09-04,2019-09-04 10:08:34,1.23,1.1081,44,1.21,1.09,4,1.23,1.1081,5,1.22,1.099,5747,0
IWM190906P148,2019-09-04,2019-09-04 10:08:35,1.23,1.1081,44,1.21,1.09,43,1.23,1.1081,5,1.22,1.099,5747,0
IWM190906P148,2019-09-04,2019-09-04 10:08:35,1.23,1.1081,34,1.21,1.09,24,1.23,1.1081,5,1.22,1.099,5747,0
IWM190906P148,2019-09-04,2019-09-04 10:08:36,1.23,1.1081,34,1.21,1.09,43,1.23,1.1081,5,1.22,1.099,5747,0
IWM190906P148,2019-09-04,2019-09-04 10:08:36,1.23,1.1081,44,1.21,1.09,43,1.23,1.1081,5,1.22,1.099,5747,0
IWM190906P148,2019-09-04,2019-09-04 10:08:37,1.23,1.1081,52,1.21,1.09,27,1.23,1.1081,5,1.22,1.099,5747,0
IWM190906P148,2019-09-04,2019-09-04 10:08:38,1.23,1.1081,34,1.21,1.09,27,1.23,1.1081,5,1.22,1.099,5747,0
IWM190906P148,2019-09-04,2019-09-04 10:08:38,1.23,1.1081,37,1.22,1.099,13,1.23,1.1081,5,1.225,1.1036,5747,0
IWM190906P148,2019-09-04,2019-09-04 10:08:39,1.23,1.1081,37,1.21,1.09,72,1.23,1.1081,5,1.22,1.099,5747,0
IWM190906P148,2019-09-04,2019-09-04 10:08:40,1.23,1.1081,86,1.2,1.081,61,1.23,1.1081,5,1.215,1.0945,5747,0
IWM190906P148,2019-09-04,2019-09-04 10:08:40,1.23,1.1081,60,1.2,1.081,65,1.23,1.1081,5,1.215,1.0945,5747,0
IWM190906P148,2019-09-04,2019-09-04 10:08:41,1.23,1.1081,60,1.2,1.081,65,1.23,1.1081,5,1.215,1.0945,5747,0
IWM190906P148,2019-09-04,2019-09-04 10:08:41,1.23,1.1081,60,1.21,1.09,12,1.23,1.1081,5,1.22,1.099,5747,0
IWM190906P148,2019-09-04,2019-09-04 10:08:42,1.23,1.1081,60,1.21,1.09,8,1.23,1.1081,5,1.22,1.099,5747,0
IWM190906P148,2019-09-04,2019-09-04 10:08:42,1.23,1.1081,60,1.2,1.081,31,1.23,1.1081,5,1.215,1.0945,5747,0
IWM190906P148,2019-09-04,2019-09-04 10:08:43,1.23,1.1081,60,1.2,1.081,31,1.23,1.1081,5,1.215,1.0945,5747,0
IWM190906P148,2019-09-04,2019-09-04 10:08:43,1.23,1.1081,60,1.2,1.081,75,1.23,1.1081,5,1.215,1.0945,5747,0
IWM190906P148,2019-09-04,2019-09-04 10:08:44,1.23,1.1081,60,1.21,1.09,6,1.23,1.1081,5,1.22,1.099,5747,0
IWM190906P148,2019-09-04,2019-09-04 10:08:45,1.23,1.1081,60,1.2,1.081,43,1.23,1.1081,5,1.215,1.0945,5747,0
IWM190906P148,2019-09-04,2019-09-04 10:08:45,1.22,1.099,47,1.2,1.081,4,1.23,1.1081,5,1.21,1.09,5747,0
IWM190906P148,2019-09-04,2019-09-04 10:08:46,1.22,1.099,52,1.2,1.081,20,1.23,1.1081,5,1.21,1.09,5747,0
IWM190906P148,2019-09-04,2019-09-04 10:08:46,1.22,1.099,31,1.2,1.081,6,1.23,1.1081,5,1.21,1.09,5747,0
IWM190906P148,2019-09-04,2019-09-04 10:08:47,1.22,1.099,27,1.2,1.081,6,1.23,1.1081,5,1.21,1.09,5747,0
IWM190906P148,2019-09-04,2019-09-04 10:08:47,1.23,1.1081,68,1.21,1.09,15,1.23,1.1081,5,1.22,1.099,5747,0
IWM190906P148,2019-09-04,2019-09-04 10:08:48,1.23,1.1081,53,1.21,1.09,6,1.23,1.1081,5,1.22,1.099,5747,0
IWM190906P148,2019-09-04,2019-09-04 10:08:49,1.23,1.1081,63,1.2,1.081,75,1.23,1.1081,5,1.215,1.0945,5747,0
IWM190906P148,2019-09-04,2019-09-04 10:08:50,1.23,1.1081,37,1.21,1.09,40,1.23,1.1081,5,1.22,1.099,5747,0
IWM190906P148,2019-09-04,2019-09-04 10:08:50,1.23,1.1081,63,1.2,1.081,72,1.23,1.1081,5,1.215,1.0945,5747,0
IWM190906P148,2019-09-04,2019-09-04 10:08:51,1.23,1.1081,53,1.21,1.09,44,1.23,1.1081,5,1.22,1.099,5747,0
IWM190906P148,2019-09-04,2019-09-04 10:08:51,1.23,1.1081,37,1.21,1.09,40,1.23,1.1081,5,1.22,1.099,5747,0
IWM190906P148,2019-09-04,2019-09-04 10:08:52,1.23,1.1081,63,1.21,1.09,4,1.23,1.1081,5,1.22,1.099,5747,0
IWM190906P148,2019-09-04,2019-09-04 10:08:52,1.23,1.1081,59,1.21,1.09,4,1.23,1.1081,5,1.22,1.099,5747,0
IWM190906P148,2019-09-04,2019-09-04 10:08:53,1.23,1.1081,63,1.21,1.09,6,1.23,1.1081,5,1.22,1.099,5747,0
IWM190906P148,2019-09-04,2019-09-04 10:08:53,1.23,1.1081,63,1.21,1.09,4,1.23,1.1081,5,1.22,1.099,5747,0
IWM190906P148,2019-09-04,2019-09-04 10:08:54,1.23,1.1081,63,1.21,1.09,6,1.23,1.1081,5,1.22,1.099,5747,0
IWM190906P148,2019-09-04,2019-09-04 10:08:54,1.23,1.1081,59,1.21,1.09,6,1.23,1.1081,5,1.22,1.099,5747,0
IWM190906P148,2019-09-04,2019-09-04 10:08:55,1.23,1.1081,60,1.21,1.09,6,1.23,1.1081,5,1.22,1.099,5747,0
IWM190906P148,2019-09-04,2019-09-04 10:08:55,1.23,1.1081,60,1.21,1.09,9,1.23,1.1081,5,1.22,1.099,5747,0
IWM190906P148,2019-09-04,2019-09-04 10:08:56,1.22,1.099,43,1.2,1.081,29,1.23,1.1081,5,1.21,1.09,5747,0
IWM190906P148,2019-09-04,2019-09-04 10:08:57,1.22,1.099,43,1.2,1.081,42,1.23,1.1081,5,1.21,1.09,5747,0
IWM190906P148,2019-09-04,2019-09-04 10:08:57,1.22,1.099,43,1.2,1.081,61,1.23,1.1081,5,1.21,1.09,5747,0
IWM190906P148,2019-09-04,2019-09-04 10:08:58,1.22,1.099,43,1.2,1.081,42,1.23,1.1081,5,1.21,1.09,5747,0
IWM190906P148,2019-09-04,2019-09-04 10:08:59,1.22,1.099,43,1.2,1.081,6,1.23,1.1081,5,1.21,1.09,5747,0
IWM190906P148,2019-09-04,2019-09-04 10:08:59,1.22,1.099,43,1.2,1.081,21,1.23,1.1081,5,1.21,1.09,5747,0
IWM190906P148,2019-09-04,2019-09-04 10:09:00,1.22,1.099,79,1.2,1.081,21,1.23,1.1081,5,1.21,1.09,5747,0
IWM190906P148,2019-09-04,2019-09-04 10:09:01,1.22,1.099,89,1.19,1.072,20,1.23,1.1081,5,1.205,1.0855,5747,0
IWM190906P148,2019-09-04,2019-09-04 10:09:01,1.22,1.099,89,1.19,1.072,53,1.23,1.1081,5,1.205,1.0855,5747,0
IWM190906P148,2019-09-04,2019-09-04 10:09:02,1.21,1.09,30,1.19,1.072,53,1.23,1.1081,5,1.2,1.081,5747,0
IWM190906P148,2019-09-04,2019-09-04 10:09:02,1.22,1.099,89,1.19,1.072,53,1.23,1.1081,5,1.205,1.0855,5747,0
IWM190906P148,2019-09-04,2019-09-04 10:09:03,1.21,1.09,30,1.19,1.072,53,1.23,1.1081,5,1.2,1.081,5747,0
IWM190906P148,2019-09-04,2019-09-04 10:09:03,1.21,1.09,45,1.19,1.072,53,1.23,1.1081,5,1.2,1.081,5747,0
IWM190906P148,2019-09-04,2019-09-04 10:09:04,1.2,1.081,27,1.19,1.072,53,1.23,1.1081,5,1.195,1.0765,5747,0
IWM190906P148,2019-09-04,2019-09-04 10:09:04,1.2,1.081,10,1.19,1.072,20,1.23,1.1081,5,1.195,1.0765,5747,0
IWM190906P148,2019-09-04,2019-09-04 10:09:05,1.21,1.09,59,1.19,1.072,6,1.23,1.1081,5,1.2,1.081,5747,0
IWM190906P148,2019-09-04,2019-09-04 10:09:06,1.21,1.09,59,1.19,1.072,2,1.23,1.1081,5,1.2,1.081,5747,0
IWM190906P148,2019-09-04,2019-09-04 10:09:07,1.21,1.09,59,1.19,1.072,3,1.23,1.1081,5,1.2,1.081,5747,0
IWM190906P148,2019-09-04,2019-09-04 10:09:08,1.21,1.09,25,1.19,1.072,25,1.23,1.1081,5,1.2,1.081,5747,0
IWM190906P148,2019-09-04,2019-09-04 10:09:08,1.21,1.09,25,1.19,1.072,3,1.23,1.1081,5,1.2,1.081,5747,0
IWM190906P148,2019-09-04,2019-09-04 10:09:09,1.21,1.09,43,1.19,1.072,8,1.23,1.1081,5,1.2,1.081,5747,0
IWM190906P148,2019-09-04,2019-09-04 10:09:10,1.21,1.09,43,1.19,1.072,22,1.23,1.1081,5,1.2,1.081,5747,0
IWM190906P148,2019-09-04,2019-09-04 10:09:10,1.21,1.09,43,1.19,1.072,3,1.23,1.1081,5,1.2,1.081,5747,0
IWM190906P148,2019-09-04,2019-09-04 10:09:11,1.21,1.09,54,1.19,1.072,3,1.23,1.1081,5,1.2,1.081,5747,0
IWM190906P148,2019-09-04,2019-09-04 10:09:11,1.2,1.081,4,1.18,1.063,19,1.23,1.1081,5,1.19,1.072,5747,0
IWM190906P148,2019-09-04,2019-09-04 10:09:12,1.2,1.081,4,1.18,1.063,8,1.23,1.1081,5,1.19,1.072,5747,0
IWM190906P148,2019-09-04,2019-09-04 10:09:12,1.2,1.081,4,1.18,1.063,12,1.23,1.1081,5,1.19,1.072,5747,0
IWM190906P148,2019-09-04,2019-09-04 10:09:13,1.2,1.081,43,1.18,1.063,12,1.23,1.1081,5,1.19,1.072,5747,0
IWM190906P148,2019-09-04,2019-09-04 10:09:13,1.2,1.081,48,1.18,1.063,36,1.23,1.1081,5,1.19,1.072,5747,0
IWM190906P148,2019-09-04,2019-09-04 10:09:14,1.2,1.081,61,1.18,1.063,19,1.23,1.1081,5,1.19,1.072,5747,0
IWM190906P148,2019-09-04,2019-09-04 10:09:14,1.2,1.081,43,1.18,1.063,19,1.23,1.1081,5,1.19,1.072,5747,0
IWM190906P148,2019-09-04,2019-09-04 10:09:15,1.2,1.081,61,1.18,1.063,19,1.23,1.1081,5,1.19,1.072,5747,0
IWM190906P148,2019-09-04,2019-09-04 10:09:16,1.19,1.072,46,1.18,1.063,12,1.23,1.1081,5,1.185,1.0675,5747,0
IWM190906P148,2019-09-04,2019-09-04 10:09:16,1.2,1.081,61,1.18,1.063,19,1.23,1.1081,5,1.19,1.072,5747,0
IWM190906P148,2019-09-04,2019-09-04 10:09:17,1.19,1.072,45,1.17,1.054,53,1.23,1.1081,5,1.18,1.063,5747,0
IWM190906P148,2019-09-04,2019-09-04 10:09:17,1.19,1.072,28,1.17,1.054,53,1.23,1.1081,5,1.18,1.063,5747,0
IWM190906P148,2019-09-04,2019-09-04 10:09:18,1.19,1.072,4,1.18,1.063,12,1.23,1.1081,5,1.185,1.0675,5747,0
IWM190906P148,2019-09-04,2019-09-04 10:09:18,1.19,1.072,28,1.17,1.054,53,1.23,1.1081,5,1.18,1.063,5747,0
IWM190906P148,2019-09-04,2019-09-04 10:09:19,1.2,1.081,42,1.17,1.054,78,1.23,1.1081,5,1.185,1.0675,5747,0
IWM190906P148,2019-09-04,2019-09-04 10:09:19,1.2,1.081,42,1.17,1.054,53,1.23,1.1081,5,1.185,1.0675,5747,0
IWM190906P148,2019-09-04,2019-09-04 10:09:20,1.2,1.081,29,1.18,1.063,13,1.23,1.1081,5,1.19,1.072,5747,0
IWM190906P148,2019-09-04,2019-09-04 10:09:20,1.2,1.081,42,1.18,1.063,3,1.23,1.1081,5,1.19,1.072,5747,0
IWM190906P148,2019-09-04,2019-09-04 10:09:21,1.2,1.081,29,1.18,1.063,56,1.23,1.1081,5,1.19,1.072,5747,0
IWM190906P148,2019-09-04,2019-09-04 10:09:22,1.2,1.081,4,1.19,1.072,1,1.23,1.1081,5,1.195,1.0765,5747,0
IWM190906P148,2019-09-04,2019-09-04 10:09:22,1.2,1.081,4,1.18,1.063,59,1.23,1.1081,5,1.19,1.072,5747,0
IWM190906P148,2019-09-04,2019-09-04 10:09:23,1.2,1.081,4,1.19,1.072,1,1.23,1.1081,5,1.195,1.0765,5747,0
IWM190906P148,2019-09-04,2019-09-04 10:09:23,1.2,1.081,59,1.19,1.072,65,1.23,1.1081,5,1.195,1.0765,5747,0
IWM190906P148,2019-09-04,2019-09-04 10:09:24,1.2,1.081,4,1.18,1.063,42,1.23,1.1081,5,1.19,1.072,5747,0
IWM190906P148,2019-09-04,2019-09-04 10:09:24,1.21,1.09,77,1.18,1.063,42,1.23,1.1081,5,1.195,1.0765,5747,0
IWM190906P148,2019-09-04,2019-09-04 10:09:25,1.21,1.09,77,1.18,1.063,42,1.23,1.1081,5,1.195,1.0765,5747,0
IWM190906P148,2019-09-04,2019-09-04 10:09:26,1.21,1.09,38,1.18,1.063,42,1.23,1.1081,5,1.195,1.0765,5747,0
IWM190906P148,2019-09-04,2019-09-04 10:09:27,1.2,1.081,4,1.18,1.063,42,1.23,1.1081,5,1.19,1.072,5747,0
IWM190906P148,2019-09-04,2019-09-04 10:09:27,1.2,1.081,4,1.18,1.063,53,1.23,1.1081,5,1.19,1.072,5747,0
IWM190906P148,2019-09-04,2019-09-04 10:09:28,1.2,1.081,42,1.18,1.063,42,1.23,1.1081,5,1.19,1.072,5747,0
IWM190906P148,2019-09-04,2019-09-04 10:09:29,1.2,1.081,42,1.18,1.063,53,1.23,1.1081,5,1.19,1.072,5747,0
IWM190906P148,2019-09-04,2019-09-04 10:09:29,1.2,1.081,42,1.18,1.063,42,1.23,1.1081,5,1.19,1.072,5747,0
IWM190906P148,2019-09-04,2019-09-04 10:09:30,1.2,1.081,32,1.18,1.063,42,1.23,1.1081,5,1.19,1.072,5747,0
IWM190906P148,2019-09-04,2019-09-04 10:09:31,1.2,1.081,32,1.18,1.063,42,1.23,1.1081,5,1.19,1.072,5747,0
IWM190906P148,2019-09-04,2019-09-04 10:09:32,1.21,1.09,84,1.19,1.072,50,1.23,1.1081,5,1.2,1.081,5747,0
IWM190906P148,2019-09-04,2019-09-04 10:09:32,1.21,1.09,84,1.19,1.072,54,1.23,1.1081,5,1.2,1.081,5747,0
IWM190906P148,2019-09-04,2019-09-04 10:09:33,1.21,1.09,84,1.19,1.072,54,1.23,1.1081,5,1.2,1.081,5747,0
IWM190906P148,2019-09-04,2019-09-04 10:09:33,1.21,1.09,84,1.19,1.072,4,1.23,1.1081,5,1.2,1.081,5747,0
IWM190906P148,2019-09-04,2019-09-04 10:09:34,1.21,1.09,84,1.19,1.072,15,1.23,1.1081,5,1.2,1.081,5747,0
IWM190906P148,2019-09-04,2019-09-04 10:09:34,1.21,1.09,76,1.19,1.072,29,1.23,1.1081,5,1.2,1.081,5747,0
IWM190906P148,2019-09-04,2019-09-04 10:09:35,1.21,1.09,76,1.19,1.072,29,1.23,1.1081,5,1.2,1.081,5747,0
IWM190906P148,2019-09-04,2019-09-04 10:09:35,1.21,1.09,76,1.19,1.072,50,1.23,1.1081,5,1.2,1.081,5747,0
IWM190906P148,2019-09-04,2019-09-04 10:09:36,1.21,1.09,76,1.19,1.072,4,1.23,1.1081,5,1.2,1.081,5747,0
IWM190906P148,2019-09-04,2019-09-04 10:09:36,1.21,1.09,76,1.19,1.072,50,1.23,1.1081,5,1.2,1.081,5747,0
IWM190906P148,2019-09-04,2019-09-04 10:09:37,1.22,1.099,28,1.2,1.081,50,1.23,1.1081,5,1.21,1.09,5747,0
IWM190906P148,2019-09-04,2019-09-04 10:09:37,1.21,1.09,76,1.19,1.072,22,1.23,1.1081,5,1.2,1.081,5747,0
IWM190906P148,2019-09-04,2019-09-04 10:09:38,1.22,1.099,28,1.2,1.081,31,1.23,1.1081,5,1.21,1.09,5747,0
IWM190906P148,2019-09-04,2019-09-04 10:09:38,1.22,1.099,43,1.2,1.081,47,1.23,1.1081,5,1.21,1.09,5747,0
IWM190906P148,2019-09-04,2019-09-04 10:09:39,1.22,1.099,4,1.2,1.081,18,1.23,1.1081,5,1.21,1.09,5747,0
IWM190906P148,2019-09-04,2019-09-04 10:09:39,1.23,1.1081,60,1.21,1.09,24,1.23,1.1081,5,1.22,1.099,5747,0
IWM190906P148,2019-09-04,2019-09-04 10:09:40,1.23,1.1081,39,1.21,1.09,10,1.23,1.1081,5,1.22,1.099,5747,0
IWM190906P148,2019-09-04,2019-09-04 10:09:40,1.23,1.1081,39,1.21,1.09,80,1.23,1.1081,5,1.22,1.099,5747,0
IWM190906P148,2019-09-04,2019-09-04 10:09:41,1.24,1.1171,4,1.22,1.099,57,1.23,1.1081,5,1.23,1.1081,5747,0
IWM190906P148,2019-09-04,2019-09-04 10:09:41,1.23,1.1081,39,1.21,1.09,15,1.23,1.1081,5,1.22,1.099,5747,0
IWM190906P148,2019-09-04,2019-09-04 10:09:42,1.24,1.1171,4,1.22,1.099,57,1.23,1.1081,5,1.23,1.1081,5747,0
IWM190906P148,2019-09-04,2019-09-04 10:09:42,1.24,1.1171,4,1.22,1.099,82,1.23,1.1081,5,1.23,1.1081,5747,0
IWM190906P148,2019-09-04,2019-09-04 10:09:43,1.24,1.1171,4,1.22,1.099,82,1.23,1.1081,5,1.23,1.1081,5747,0
IWM190906P148,2019-09-04,2019-09-04 10:09:44,1.24,1.1171,52,1.22,1.099,82,1.23,1.1081,5,1.23,1.1081,5747,0
IWM190906P148,2019-09-04,2019-09-04 10:09:45,1.24,1.1171,52,1.22,1.099,82,1.23,1.1081,5,1.23,1.1081,5747,0
IWM190906P148,2019-09-04,2019-09-04 10:09:46,1.24,1.1171,52,1.22,1.099,82,1.23,1.1081,5,1.23,1.1081,5747,0
IWM190906P148,2019-09-04,2019-09-04 10:09:46,1.24,1.1171,44,1.22,1.099,82,1.23,1.1081,5,1.23,1.1081,5747,0
IWM190906P148,2019-09-04,2019-09-04 10:09:47,1.24,1.1171,4,1.22,1.099,82,1.23,1.1081,5,1.23,1.1081,5747,0
IWM190906P148,2019-09-04,2019-09-04 10:09:48,1.24,1.1171,48,1.22,1.099,63,1.23,1.1081,5,1.23,1.1081,5747,0
IWM190906P148,2019-09-04,2019-09-04 10:09:48,1.24,1.1171,4,1.22,1.099,82,1.23,1.1081,5,1.23,1.1081,5747,0
IWM190906P148,2019-09-04,2019-09-04 10:09:49,1.24,1.1171,4,1.22,1.099,14,1.23,1.1081,5,1.23,1.1081,5747,0
IWM190906P148,2019-09-04,2019-09-04 10:09:49,1.24,1.1171,48,1.22,1.099,21,1.23,1.1081,5,1.23,1.1081,5747,0
IWM190906P148,2019-09-04,2019-09-04 10:09:50,1.24,1.1171,50,1.22,1.099,21,1.23,1.1081,5,1.23,1.1081,5747,0
IWM190906P148,2019-09-04,2019-09-04 10:09:50,1.24,1.1171,43,1.22,1.099,21,1.23,1.1081,5,1.23,1.1081,5747,0
IWM190906P148,2019-09-04,2019-09-04 10:09:51,1.24,1.1171,50,1.22,1.099,43,1.23,1.1081,5,1.23,1.1081,5747,0
IWM190906P148,2019-09-04,2019-09-04 10:09:51,1.24,1.1171,50,1.22,1.099,32,1.23,1.1081,5,1.23,1.1081,5747,0
IWM190906P148,2019-09-04,2019-09-04 10:09:52,1.25,1.1261,54,1.22,1.099,43,1.23,1.1081,5,1.235,1.1126,5747,0
IWM190906P148,2019-09-04,2019-09-04 10:09:53,1.25,1.1261,54,1.23,1.1081,29,1.23,1.1081,5,1.24,1.1171,5747,0
IWM190906P148,2019-09-04,2019-09-04 10:09:54,1.24,1.1171,4,1.22,1.099,43,1.23,1.1081,5,1.23,1.1081,5747,0
IWM190906P148,2019-09-04,2019-09-04 10:09:54,1.24,1.1171,41,1.22,1.099,7,1.23,1.1081,5,1.23,1.1081,5747,0
IWM190906P148,2019-09-04,2019-09-04 10:09:55,1.24,1.1171,41,1.22,1.099,7,1.23,1.1081,5,1.23,1.1081,5747,0
IWM190906P148,2019-09-04,2019-09-04 10:09:56,1.25,1.1261,53,1.23,1.1081,26,1.23,1.1081,5,1.24,1.1171,5747,0
IWM190906P148,2019-09-04,2019-09-04 10:09:57,1.25,1.1261,53,1.23,1.1081,15,1.23,1.1081,5,1.24,1.1171,5747,0
IWM190906P148,2019-09-04,2019-09-04 10:09:57,1.26,1.1351,37,1.24,1.1171,7,1.23,1.1081,5,1.25,1.1261,5747,0
IWM190906P148,2019-09-04,2019-09-04 10:09:58,1.26,1.1351,31,1.24,1.1171,7,1.23,1.1081,5,1.25,1.1261,5747,0
IWM190906P148,2019-09-04,2019-09-04 10:09:58,1.26,1.1351,25,1.24,1.1171,20,1.23,1.1081,5,1.25,1.1261,5747,0
IWM190906P148,2019-09-04,2019-09-04 10:09:59,1.26,1.1351,31,1.23,1.1081,43,1.23,1.1081,5,1.245,1.1216,5747,0
IWM190906P148,2019-09-04,2019-09-04 10:09:59,1.26,1.1351,25,1.24,1.1171,27,1.23,1.1081,5,1.25,1.1261,5747,0
IWM190906P148,2019-09-04,2019-09-04 10:10:00,1.25,1.1261,4,1.23,1.1081,28,1.23,1.1081,5,1.24,1.1171,5747,0
IWM190906P148,2019-09-04,2019-09-04 10:10:00,1.26,1.1351,10,1.23,1.1081,28,1.23,1.1081,5,1.245,1.1216,5747,0
IWM190906P148,2019-09-04,2019-09-04 10:10:01,1.27,1.1441,21,1.24,1.1171,33,1.23,1.1081,5,1.255,1.1306,5747,0
IWM190906P148,2019-09-04,2019-09-04 10:10:01,1.26,1.1351,43,1.24,1.1171,44,1.23,1.1081,5,1.25,1.1261,5747,0
IWM190906P148,2019-09-04,2019-09-04 10:10:02,1.27,1.1441,21,1.25,1.1261,26,1.23,1.1081,5,1.26,1.1351,5747,0
IWM190906P148,2019-09-04,2019-09-04 10:10:02,1.27,1.1441,21,1.24,1.1171,43,1.23,1.1081,5,1.255,1.1306,5747,0
IWM190906P148,2019-09-04,2019-09-04 10:10:03,1.26,1.1351,48,1.24,1.1171,39,1.23,1.1081,5,1.25,1.1261,5747,0
IWM190906P148,2019-09-04,2019-09-04 10:10:03,1.27,1.1441,21,1.25,1.1261,14,1.23,1.1081,5,1.26,1.1351,5747,0
IWM190906P148,2019-09-04,2019-09-04 10:10:04,1.26,1.1351,48,1.24,1.1171,39,1.23,1.1081,5,1.25,1.1261,5747,0
IWM190906P148,2019-09-04,2019-09-04 10:10:05,1.25,1.1261,26,1.23,1.1081,43,1.23,1.1081,5,1.24,1.1171,5747,0
IWM190906P148,2019-09-04,2019-09-04 10:10:05,1.25,1.1261,52,1.23,1.1081,4,1.23,1.1081,5,1.24,1.1171,5747,0
IWM190906P148,2019-09-04,2019-09-04 10:10:06,1.25,1.1261,52,1.23,1.1081,21,1.23,1.1081,5,1.24,1.1171,5747,0
IWM190906P148,2019-09-04,2019-09-04 10:10:06,1.26,1.1351,98,1.23,1.1081,21,1.23,1.1081,5,1.245,1.1216,5747,0
IWM190906P148,2019-09-04,2019-09-04 10:10:07,1.26,1.1351,98,1.23,1.1081,43,1.23,1.1081,5,1.245,1.1216,5747,0
IWM190906P148,2019-09-04,2019-09-04 10:10:07,1.26,1.1351,98,1.24,1.1171,3,1.23,1.1081,5,1.25,1.1261,5747,0
IWM190906P148,2019-09-04,2019-09-04 10:10:08,1.26,1.1351,50,1.24,1.1171,39,1.23,1.1081,5,1.25,1.1261,5747,0
IWM190906P148,2019-09-04,2019-09-04 10:10:08,1.26,1.1351,60,1.24,1.1171,39,1.23,1.1081,5,1.25,1.1261,5747,0
IWM190906P148,2019-09-04,2019-09-04 10:10:09,1.26,1.1351,81,1.24,1.1171,4,1.23,1.1081,5,1.25,1.1261,5747,0
IWM190906P148,2019-09-04,2019-09-04 10:10:09,1.26,1.1351,81,1.24,1.1171,30,1.23,1.1081,5,1.25,1.1261,5747,0
IWM190906P148,2019-09-04,2019-09-04 10:10:10,1.26,1.1351,81,1.24,1.1171,24,1.23,1.1081,5,1.25,1.1261,5747,0
IWM190906P148,2019-09-04,2019-09-04 10:10:10,1.26,1.1351,81,1.24,1.1171,4,1.23,1.1081,5,1.25,1.1261,5747,0
IWM190906P148,2019-09-04,2019-09-04 10:10:11,1.25,1.1261,88,1.23,1.1081,8,1.23,1.1081,5,1.24,1.1171,5747,0
IWM190906P148,2019-09-04,2019-09-04 10:10:11,1.25,1.1261,88,1.23,1.1081,4,1.23,1.1081,5,1.24,1.1171,5747,0
IWM190906P148,2019-09-04,2019-09-04 10:10:12,1.25,1.1261,88,1.23,1.1081,12,1.23,1.1081,5,1.24,1.1171,5747,0
IWM190906P148,2019-09-04,2019-09-04 10:10:12,1.25,1.1261,88,1.23,1.1081,35,1.23,1.1081,5,1.24,1.1171,5747,0
IWM190906P148,2019-09-04,2019-09-04 10:10:13,1.25,1.1261,88,1.23,1.1081,12,1.23,1.1081,5,1.24,1.1171,5747,0
IWM190906P148,2019-09-04,2019-09-04 10:10:14,1.25,1.1261,88,1.23,1.1081,12,1.23,1.1081,5,1.24,1.1171,5747,0
IWM190906P148,2019-09-04,2019-09-04 10:10:14,1.25,1.1261,80,1.23,1.1081,12,1.23,1.1081,5,1.24,1.1171,5747,0
IWM190906P148,2019-09-04,2019-09-04 10:10:15,1.25,1.1261,43,1.23,1.1081,43,1.23,1.1081,5,1.24,1.1171,5747,0
IWM190906P148,2019-09-04,2019-09-04 10:10:16,1.26,1.1351,48,1.23,1.1081,43,1.23,1.1081,5,1.245,1.1216,5747,0
IWM190906P148,2019-09-04,2019-09-04 10:10:16,1.26,1.1351,48,1.24,1.1171,43,1.23,1.1081,5,1.25,1.1261,5747,0
IWM190906P148,2019-09-04,2019-09-04 10:10:17,1.26,1.1351,48,1.24,1.1171,43,1.23,1.1081,5,1.25,1.1261,5747,0
IWM190906P148,2019-09-04,2019-09-04 10:10:17,1.26,1.1351,58,1.24,1.1171,21,1.23,1.1081,5,1.25,1.1261,5747,0
IWM190906P148,2019-09-04,2019-09-04 10:10:18,1.26,1.1351,48,1.24,1.1171,6,1.23,1.1081,5,1.25,1.1261,5747,0
IWM190906P148,2019-09-04,2019-09-04 10:10:18,1.26,1.1351,58,1.24,1.1171,6,1.23,1.1081,5,1.25,1.1261,5747,0
IWM190906P148,2019-09-04,2019-09-04 10:10:19,1.26,1.1351,48,1.24,1.1171,27,1.23,1.1081,5,1.25,1.1261,5747,0
IWM190906P148,2019-09-04,2019-09-04 10:10:19,1.26,1.1351,48,1.24,1.1171,6,1.23,1.1081,5,1.25,1.1261,5747,0
IWM190906P148,2019-09-04,2019-09-04 10:10:20,1.26,1.1351,48,1.23,1.1081,43,1.23,1.1081,5,1.245,1.1216,5747,0
IWM190906P148,2019-09-04,2019-09-04 10:10:20,1.25,1.1261,42,1.23,1.1081,4,1.23,1.1081,5,1.24,1.1171,5747,0
IWM190906P148,2019-09-04,2019-09-04 10:10:21,1.25,1.1261,42,1.23,1.1081,4,1.23,1.1081,5,1.24,1.1171,5747,0
IWM190906P148,2019-09-04,2019-09-04 10:10:21,1.25,1.1261,42,1.23,1.1081,5,1.23,1.1081,5,1.24,1.1171,5747,0
IWM190906P148,2019-09-04,2019-09-04 10:10:22,1.25,1.1261,39,1.23,1.1081,22,1.23,1.1081,5,1.24,1.1171,5747,0
IWM190906P148,2019-09-04,2019-09-04 10:10:22,1.25,1.1261,34,1.23,1.1081,23,1.23,1.1081,5,1.24,1.1171,5747,0
IWM190906P148,2019-09-04,2019-09-04 10:10:23,1.25,1.1261,15,1.23,1.1081,56,1.23,1.1081,5,1.24,1.1171,5747,0
IWM190906P148,2019-09-04,2019-09-04 10:10:23,1.26,1.1351,88,1.23,1.1081,56,1.23,1.1081,5,1.245,1.1216,5747,0
IWM190906P148,2019-09-04,2019-09-04 10:10:24,1.26,1.1351,62,1.24,1.1171,25,1.23,1.1081,5,1.25,1.1261,5747,0
IWM190906P148,2019-09-04,2019-09-04 10:10:24,1.26,1.1351,62,1.24,1.1171,4,1.23,1.1081,5,1.25,1.1261,5747,0
IWM190906P148,2019-09-04,2019-09-04 10:10:25,1.27,1.1441,57,1.25,1.1261,23,1.23,1.1081,5,1.26,1.1351,5747,0
IWM190906P148,2019-09-04,2019-09-04 10:10:25,1.26,1.1351,43,1.24,1.1171,15,1.23,1.1081,5,1.25,1.1261,5747,0
IWM190906P148,2019-09-04,2019-09-04 10:10:26,1.27,1.1441,21,1.25,1.1261,29,1.23,1.1081,5,1.26,1.1351,5747,0
IWM190906P148,2019-09-04,2019-09-04 10:10:27,1.27,1.1441,43,1.25,1.1261,27,1.23,1.1081,5,1.26,1.1351,5747,0
IWM190906P148,2019-09-04,2019-09-04 10:10:27,1.27,1.1441,37,1.25,1.1261,29,1.23,1.1081,5,1.26,1.1351,5747,0
IWM190906P148,2019-09-04,2019-09-04 10:10:28,1.27,1.1441,37,1.25,1.1261,31,1.23,1.1081,5,1.26,1.1351,5747,0
IWM190906P148,2019-09-04,2019-09-04 10:10:29,1.27,1.1441,37,1.25,1.1261,27,1.23,1.1081,5,1.26,1.1351,5747,0
IWM190906P148,2019-09-04,2019-09-04 10:10:30,1.26,1.1351,44,1.24,1.1171,20,1.23,1.1081,5,1.25,1.1261,5747,0
IWM190906P148,2019-09-04,2019-09-04 10:10:30,1.27,1.1441,37,1.25,1.1261,23,1.23,1.1081,5,1.26,1.1351,5747,0
IWM190906P148,2019-09-04,2019-09-04 10:10:31,1.26,1.1351,45,1.24,1.1171,29,1.23,1.1081,5,1.25,1.1261,5747,0
IWM190906P148,2019-09-04,2019-09-04 10:10:32,1.26,1.1351,4,1.24,1.1171,43,1.23,1.1081,5,1.25,1.1261,5747,0
IWM190906P148,2019-09-04,2019-09-04 10:10:33,1.27,1.1441,32,1.25,1.1261,43,1.23,1.1081,5,1.26,1.1351,5747,0
IWM190906P148,2019-09-04,2019-09-04 10:10:33,1.26,1.1351,4,1.24,1.1171,80,1.23,1.1081,5,1.25,1.1261,5747,0
IWM190906P148,2019-09-04,2019-09-04 10:10:34,1.27,1.1441,39,1.26,1.1351,16,1.23,1.1081,5,1.265,1.1396,5747,0
IWM190906P148,2019-09-04,2019-09-04 10:10:34,1.27,1.1441,32,1.25,1.1261,32,1.23,1.1081,5,1.26,1.1351,5747,0
IWM190906P148,2019-09-04,2019-09-04 10:10:35,1.29,1.1621,22,1.26,1.1351,8,1.27,1.1441,1,1.275,1.1486,5748,1
IWM190906P148,2019-09-04,2019-09-04 10:10:35,1.27,1.1441,39,1.26,1.1351,4,1.23,1.1081,5,1.265,1.1396,5747,0
IWM190906P148,2019-09-04,2019-09-04 10:10:36,1.29,1.1621,45,1.26,1.1351,43,1.27,1.1441,1,1.275,1.1486,5748,0
IWM190906P148,2019-09-04,2019-09-04 10:10:36,1.29,1.1621,45,1.27,1.1441,15,1.27,1.1441,1,1.28,1.1531,5748,0
IWM190906P148,2019-09-04,2019-09-04 10:10:37,1.29,1.1621,45,1.27,1.1441,15,1.27,1.1441,1,1.28,1.1531,5748,0
IWM190906P148,2019-09-04,2019-09-04 10:10:38,1.29,1.1621,45,1.27,1.1441,15,1.27,1.1441,1,1.28,1.1531,5748,0
IWM190906P148,2019-09-04,2019-09-04 10:10:39,1.29,1.1621,46,1.27,1.1441,88,1.27,1.1441,1,1.28,1.1531,5748,0
IWM190906P148,2019-09-04,2019-09-04 10:10:39,1.29,1.1621,36,1.26,1.1351,10,1.27,1.1441,1,1.275,1.1486,5748,0
IWM190906P148,2019-09-04,2019-09-04 10:10:40,1.3,1.1711,15,1.28,1.1531,42,1.27,1.1441,1,1.29,1.1621,5748,0
IWM190906P148,2019-09-04,2019-09-04 10:10:40,1.3,1.1711,33,1.28,1.1531,54,1.27,1.1441,1,1.29,1.1621,5748,0
IWM190906P148,2019-09-04,2019-09-04 10:10:41,1.3,1.1711,13,1.28,1.1531,79,1.27,1.1441,1,1.29,1.1621,5748,0
IWM190906P148,2019-09-04,2019-09-04 10:10:41,1.31,1.1801,38,1.29,1.1621,35,1.27,1.1441,1,1.3,1.1711,5748,0
IWM190906P148,2019-09-04,2019-09-04 10:10:42,1.3,1.1711,19,1.28,1.1531,43,1.27,1.1441,1,1.29,1.1621,5748,0
IWM190906P148,2019-09-04,2019-09-04 10:10:42,1.31,1.1801,27,1.28,1.1531,43,1.27,1.1441,1,1.295,1.1666,5748,0
IWM190906P148,2019-09-04,2019-09-04 10:10:43,1.31,1.1801,25,1.29,1.1621,85,1.27,1.1441,1,1.3,1.1711,5748,0
IWM190906P148,2019-09-04,2019-09-04 10:10:43,1.31,1.1801,43,1.29,1.1621,25,1.27,1.1441,1,1.3,1.1711,5748,0
IWM190906P148,2019-09-04,2019-09-04 10:10:44,1.31,1.1801,4,1.29,1.1621,43,1.27,1.1441,1,1.3,1.1711,5748,0
IWM190906P148,2019-09-04,2019-09-04 10:10:44,1.31,1.1801,4,1.29,1.1621,28,1.27,1.1441,1,1.3,1.1711,5748,0
IWM190906P148,2019-09-04,2019-09-04 10:10:45,1.31,1.1801,4,1.29,1.1621,51,1.27,1.1441,1,1.3,1.1711,5748,0
IWM190906P148,2019-09-04,2019-09-04 10:10:45,1.31,1.1801,4,1.29,1.1621,88,1.27,1.1441,1,1.3,1.1711,5748,0
IWM190906P148,2019-09-04,2019-09-04 10:10:46,1.32,1.1891,34,1.3,1.1711,51,1.27,1.1441,1,1.31,1.1801,5748,0
IWM190906P148,2019-09-04,2019-09-04 10:10:46,1.31,1.1801,7,1.3,1.1711,8,1.27,1.1441,1,1.305,1.1756,5748,0
IWM190906P148,2019-09-04,2019-09-04 10:10:47,1.32,1.1891,26,1.3,1.1711,38,1.27,1.1441,1,1.31,1.1801,5748,0
IWM190906P148,2019-09-04,2019-09-04 10:10:48,1.33,1.1981,21,1.3,1.1711,82,1.27,1.1441,1,1.315,1.1846,5748,0
IWM190906P148,2019-09-04,2019-09-04 10:10:48,1.32,1.1891,4,1.3,1.1711,82,1.27,1.1441,1,1.31,1.1801,5748,0
IWM190906P148,2019-09-04,2019-09-04 10:10:49,1.32,1.1891,4,1.3,1.1711,43,1.27,1.1441,1,1.31,1.1801,5748,0
IWM190906P148,2019-09-04,2019-09-04 10:10:49,1.33,1.1981,58,1.3,1.1711,85,1.27,1.1441,1,1.315,1.1846,5748,0
IWM190906P148,2019-09-04,2019-09-04 10:10:50,1.32,1.1891,4,1.3,1.1711,39,1.27,1.1441,1,1.31,1.1801,5748,0
IWM190906P148,2019-09-04,2019-09-04 10:10:50,1.32,1.1891,4,1.3,1.1711,43,1.27,1.1441,1,1.31,1.1801,5748,0
IWM190906P148,2019-09-04,2019-09-04 10:10:51,1.33,1.1981,23,1.31,1.1801,33,1.27,1.1441,1,1.32,1.1891,5748,0
IWM190906P148,2019-09-04,2019-09-04 10:10:51,1.33,1.1981,23,1.31,1.1801,63,1.27,1.1441,1,1.32,1.1891,5748,0
IWM190906P148,2019-09-04,2019-09-04 10:10:52,1.33,1.1981,15,1.31,1.1801,61,1.27,1.1441,1,1.32,1.1891,5748,0
IWM190906P148,2019-09-04,2019-09-04 10:10:53,1.33,1.1981,15,1.31,1.1801,61,1.27,1.1441,1,1.32,1.1891,5748,0
IWM190906P148,2019-09-04,2019-09-04 10:10:54,1.32,1.1891,4,1.3,1.1711,101,1.27,1.1441,1,1.31,1.1801,5748,0
IWM190906P148,2019-09-04,2019-09-04 10:10:54,1.33,1.1981,15,1.31,1.1801,61,1.27,1.1441,1,1.32,1.1891,5748,0
IWM190906P148,2019-09-04,2019-09-04 10:10:55,1.33,1.1981,34,1.3,1.1711,101,1.27,1.1441,1,1.315,1.1846,5748,0
IWM190906P148,2019-09-04,2019-09-04 10:10:55,1.32,1.1891,4,1.3,1.1711,101,1.27,1.1441,1,1.31,1.1801,5748,0
IWM190906P148,2019-09-04,2019-09-04 10:10:56,1.33,1.1981,34,1.31,1.1801,8,1.27,1.1441,1,1.32,1.1891,5748,0
IWM190906P148,2019-09-04,2019-09-04 10:10:56,1.33,1.1981,34,1.31,1.1801,5,1.27,1.1441,1,1.32,1.1891,5748,0
IWM190906P148,2019-09-04,2019-09-04 10:10:57,1.34,1.2072,95,1.32,1.1891,6,1.27,1.1441,1,1.33,1.1981,5748,0
IWM190906P148,2019-09-04,2019-09-04 10:10:57,1.33,1.1981,24,1.31,1.1801,4,1.27,1.1441,1,1.32,1.1891,5748,0
IWM190906P148,2019-09-04,2019-09-04 10:10:58,1.34,1.2072,82,1.32,1.1891,6,1.27,1.1441,1,1.33,1.1981,5748,0
IWM190906P148,2019-09-04,2019-09-04 10:10:58,1.34,1.2072,82,1.32,1.1891,10,1.27,1.1441,1,1.33,1.1981,5748,0
IWM190906P148,2019-09-04,2019-09-04 10:10:59,1.34,1.2072,68,1.32,1.1891,5,1.27,1.1441,1,1.33,1.1981,5748,0
IWM190906P148,2019-09-04,2019-09-04 10:10:59,1.34,1.2072,43,1.32,1.1891,8,1.27,1.1441,1,1.33,1.1981,5748,0
IWM190906P148,2019-09-04,2019-09-04 10:11:00,1.34,1.2072,36,1.32,1.1891,8,1.27,1.1441,1,1.33,1.1981,5748,0
IWM190906P148,2019-09-04,2019-09-04 10:11:00,1.34,1.2072,24,1.32,1.1891,18,1.27,1.1441,1,1.33,1.1981,5748,0
IWM190906P148,2019-09-04,2019-09-04 10:11:01,1.35,1.2162,4,1.33,1.1981,43,1.36,1.2252,1,1.34,1.2072,5749,1
IWM190906P148,2019-09-04,2019-09-04 10:11:01,1.34,1.2072,4,1.33,1.1981,16,1.27,1.1441,1,1.335,1.2027,5748,0
IWM190906P148,2019-09-04,2019-09-04 10:11:02,1.35,1.2162,5,1.33,1.1981,47,1.36,1.2252,1,1.34,1.2072,5749,0
IWM190906P148,2019-09-04,2019-09-04 10:11:03,1.35,1.2162,10,1.33,1.1981,47,1.36,1.2252,1,1.34,1.2072,5749,0
IWM190906P148,2019-09-04,2019-09-04 10:11:03,1.35,1.2162,26,1.33,1.1981,47,1.36,1.2252,1,1.34,1.2072,5749,0
IWM190906P148,2019-09-04,2019-09-04 10:11:04,1.35,1.2162,5,1.33,1.1981,47,1.36,1.2252,1,1.34,1.2072,5749,0
IWM190906P148,2019-09-04,2019-09-04 10:11:05,1.35,1.2162,5,1.33,1.1981,47,1.36,1.2252,1,1.34,1.2072,5749,0
IWM190906P148,2019-09-04,2019-09-04 10:11:06,1.35,1.2162,5,1.33,1.1981,47,1.36,1.2252,1,1.34,1.2072,5749,0
IWM190906P148,2019-09-04,2019-09-04 10:11:06,1.35,1.2162,1,1.33,1.1981,47,1.36,1.2252,1,1.34,1.2072,5749,0
IWM190906P148,2019-09-04,2019-09-04 10:11:07,1.36,1.2252,22,1.34,1.2072,10,1.36,1.2252,1,1.35,1.2162,5749,0
IWM190906P148,2019-09-04,2019-09-04 10:11:07,1.35,1.2162,1,1.33,1.1981,47,1.36,1.2252,1,1.34,1.2072,5749,0
IWM190906P148,2019-09-04,2019-09-04 10:11:08,1.37,1.2342,48,1.34,1.2072,19,1.36,1.2252,1,1.355,1.2207,5749,0
IWM190906P148,2019-09-04,2019-09-04 10:11:08,1.37,1.2342,59,1.34,1.2072,19,1.36,1.2252,1,1.355,1.2207,5749,0
IWM190906P148,2019-09-04,2019-09-04 10:11:09,1.37,1.2342,48,1.34,1.2072,19,1.36,1.2252,1,1.355,1.2207,5749,0
IWM190906P148,2019-09-04,2019-09-04 10:11:10,1.37,1.2342,13,1.35,1.2162,27,1.36,1.2252,1,1.36,1.2252,5749,0
IWM190906P148,2019-09-04,2019-09-04 10:11:10,1.37,1.2342,23,1.35,1.2162,9,1.36,1.2252,1,1.36,1.2252,5749,0
IWM190906P148,2019-09-04,2019-09-04 10:11:11,1.37,1.2342,13,1.35,1.2162,43,1.36,1.2252,1,1.36,1.2252,5749,0
IWM190906P148,2019-09-04,2019-09-04 10:11:11,1.38,1.2432,45,1.35,1.2162,57,1.36,1.2252,1,1.365,1.2297,5749,0
IWM190906P148,2019-09-04,2019-09-04 10:11:12,1.38,1.2432,35,1.35,1.2162,57,1.36,1.2252,1,1.365,1.2297,5749,0
IWM190906P148,2019-09-04,2019-09-04 10:11:12,1.38,1.2432,45,1.35,1.2162,47,1.36,1.2252,1,1.365,1.2297,5749,0
IWM190906P148,2019-09-04,2019-09-04 10:11:13,1.38,1.2432,45,1.35,1.2162,47,1.36,1.2252,1,1.365,1.2297,5749,0
IWM190906P148,2019-09-04,2019-09-04 10:11:14,1.37,1.2342,81,1.35,1.2162,18,1.36,1.2252,1,1.36,1.2252,5749,0
IWM190906P148,2019-09-04,2019-09-04 10:11:15,1.37,1.2342,81,1.35,1.2162,18,1.36,1.2252,1,1.36,1.2252,5749,0
IWM190906P148,2019-09-04,2019-09-04 10:11:16,1.37,1.2342,90,1.35,1.2162,18,1.36,1.2252,1,1.36,1.2252,5749,0
IWM190906P148,2019-09-04,2019-09-04 10:11:16,1.37,1.2342,81,1.35,1.2162,18,1.36,1.2252,1,1.36,1.2252,5749,0
IWM190906P148,2019-09-04,2019-09-04 10:11:17,1.37,1.2342,5,1.35,1.2162,26,1.36,1.2252,1,1.36,1.2252,5749,0
IWM190906P148,2019-09-04,2019-09-04 10:11:17,1.37,1.2342,81,1.35,1.2162,18,1.36,1.2252,1,1.36,1.2252,5749,0
IWM190906P148,2019-09-04,2019-09-04 10:11:18,1.38,1.2432,52,1.36,1.2252,4,1.36,1.2252,1,1.37,1.2342,5749,0
IWM190906P148,2019-09-04,2019-09-04 10:11:18,1.37,1.2342,4,1.35,1.2162,26,1.36,1.2252,1,1.36,1.2252,5749,0
IWM190906P148,2019-09-04,2019-09-04 10:11:19,1.39,1.2522,45,1.36,1.2252,4,1.36,1.2252,1,1.375,1.2387,5749,0
IWM190906P148,2019-09-04,2019-09-04 10:11:19,1.39,1.2522,23,1.36,1.2252,4,1.36,1.2252,1,1.375,1.2387,5749,0
IWM190906P148,2019-09-04,2019-09-04 10:11:20,1.39,1.2522,16,1.37,1.2342,8,1.36,1.2252,1,1.38,1.2432,5749,0
IWM190906P148,2019-09-04,2019-09-04 10:11:20,1.39,1.2522,43,1.37,1.2342,8,1.36,1.2252,1,1.38,1.2432,5749,0
IWM190906P148,2019-09-04,2019-09-04 10:11:21,1.39,1.2522,42,1.37,1.2342,8,1.36,1.2252,1,1.38,1.2432,5749,0
IWM190906P148,2019-09-04,2019-09-04 10:11:22,1.39,1.2522,64,1.36,1.2252,53,1.36,1.2252,1,1.375,1.2387,5749,0
IWM190906P148,2019-09-04,2019-09-04 10:11:22,1.38,1.2432,159,1.36,1.2252,53,1.36,1.2252,1,1.37,1.2342,5749,0
IWM190906P148,2019-09-04,2019-09-04 10:11:23,1.37,1.2342,33,1.35,1.2162,8,1.36,1.2252,1,1.36,1.2252,5749,0
IWM190906P148,2019-09-04,2019-09-04 10:11:24,1.37,1.2342,211,1.35,1.2162,8,1.36,1.2252,1,1.36,1.2252,5749,0
IWM190906P148,2019-09-04,2019-09-04 10:11:24,1.37,1.2342,211,1.34,1.2072,19,1.36,1.2252,1,1.355,1.2207,5749,0
IWM190906P148,2019-09-04,2019-09-04 10:11:25,1.37,1.2342,33,1.35,1.2162,9,1.36,1.2252,1,1.36,1.2252,5749,0
IWM190906P148,2019-09-04,2019-09-04 10:11:25,1.37,1.2342,33,1.35,1.2162,4,1.36,1.2252,1,1.36,1.2252,5749,0
IWM190906P148,2019-09-04,2019-09-04 10:11:26,1.38,1.2432,47,1.35,1.2162,9,1.36,1.2252,1,1.365,1.2297,5749,0
IWM190906P148,2019-09-04,2019-09-04 10:11:27,1.38,1.2432,47,1.35,1.2162,20,1.36,1.2252,1,1.365,1.2297,5749,0
IWM190906P148,2019-09-04,2019-09-04 10:11:28,1.38,1.2432,13,1.36,1.2252,20,1.36,1.2252,1,1.37,1.2342,5749,0
IWM190906P148,2019-09-04,2019-09-04 10:11:28,1.38,1.2432,47,1.36,1.2252,20,1.36,1.2252,1,1.37,1.2342,5749,0
IWM190906P148,2019-09-04,2019-09-04 10:11:29,1.39,1.2522,50,1.36,1.2252,30,1.36,1.2252,1,1.375,1.2387,5749,0
IWM190906P148,2019-09-04,2019-09-04 10:11:29,1.38,1.2432,13,1.36,1.2252,30,1.36,1.2252,1,1.37,1.2342,5749,0
IWM190906P148,2019-09-04,2019-09-04 10:11:30,1.39,1.2522,50,1.36,1.2252,53,1.36,1.2252,1,1.375,1.2387,5749,0
IWM190906P148,2019-09-04,2019-09-04 10:11:30,1.39,1.2522,50,1.37,1.2342,17,1.36,1.2252,1,1.38,1.2432,5749,0
IWM190906P148,2019-09-04,2019-09-04 10:11:31,1.39,1.2522,50,1.37,1.2342,4,1.36,1.2252,1,1.38,1.2432,5749,0
IWM190906P148,2019-09-04,2019-09-04 10:11:31,1.39,1.2522,50,1.37,1.2342,26,1.36,1.2252,1,1.38,1.2432,5749,0
IWM190906P148,2019-09-04,2019-09-04 10:11:32,1.39,1.2522,50,1.37,1.2342,4,1.36,1.2252,1,1.38,1.2432,5749,0
IWM190906P148,2019-09-04,2019-09-04 10:11:32,1.39,1.2522,16,1.37,1.2342,24,1.36,1.2252,1,1.38,1.2432,5749,0
IWM190906P148,2019-09-04,2019-09-04 10:11:33,1.39,1.2522,16,1.37,1.2342,24,1.36,1.2252,1,1.38,1.2432,5749,0
IWM190906P148,2019-09-04,2019-09-04 10:11:34,1.39,1.2522,16,1.38,1.2432,8,1.36,1.2252,1,1.385,1.2477,5749,0
IWM190906P148,2019-09-04,2019-09-04 10:11:34,1.4,1.2612,249,1.37,1.2342,44,1.36,1.2252,1,1.385,1.2477,5749,0
IWM190906P148,2019-09-04,2019-09-04 10:11:35,1.39,1.2522,41,1.37,1.2342,44,1.36,1.2252,1,1.38,1.2432,5749,0
IWM190906P148,2019-09-04,2019-09-04 10:11:36,1.39,1.2522,41,1.37,1.2342,42,1.36,1.2252,1,1.38,1.2432,5749,0
IWM190906P148,2019-09-04,2019-09-04 10:11:36,1.39,1.2522,41,1.38,1.2432,6,1.36,1.2252,1,1.385,1.2477,5749,0
IWM190906P148,2019-09-04,2019-09-04 10:11:37,1.39,1.2522,41,1.38,1.2432,6,1.36,1.2252,1,1.385,1.2477,5749,0
IWM190906P148,2019-09-04,2019-09-04 10:11:37,1.4,1.2612,11,1.38,1.2432,4,1.36,1.2252,1,1.39,1.2522,5749,0
IWM190906P148,2019-09-04,2019-09-04 10:11:38,1.4,1.2612,11,1.38,1.2432,18,1.36,1.2252,1,1.39,1.2522,5749,0
IWM190906P148,2019-09-04,2019-09-04 10:11:39,1.4,1.2612,11,1.39,1.2522,12,1.36,1.2252,1,1.395,1.2567,5749,0
IWM190906P148,2019-09-04,2019-09-04 10:11:39,1.4,1.2612,11,1.38,1.2432,18,1.36,1.2252,1,1.39,1.2522,5749,0
IWM190906P148,2019-09-04,2019-09-04 10:11:40,1.4,1.2612,11,1.39,1.2522,30,1.36,1.2252,1,1.395,1.2567,5749,0
IWM190906P148,2019-09-04,2019-09-04 10:11:41,1.4,1.2612,11,1.39,1.2522,29,1.4,1.2612,2,1.395,1.2567,5751,2
IWM190906P148,2019-09-04,2019-09-04 10:11:41,1.4,1.2612,11,1.39,1.2522,29,1.4,1.2612,2,1.395,1.2567,5751,0
IWM190906P148,2019-09-04,2019-09-04 10:11:42,1.41,1.2702,4,1.4,1.2612,19,1.4,1.2612,2,1.405,1.2657,5753,2
IWM190906P148,2019-09-04,2019-09-04 10:11:42,1.4,1.2612,11,1.39,1.2522,33,1.4,1.2612,2,1.395,1.2567,5751,0
IWM190906P148,2019-09-04,2019-09-04 10:11:43,1.42,1.2792,22,1.39,1.2522,8,1.4,1.2612,2,1.405,1.2657,5753,0
IWM190906P148,2019-09-04,2019-09-04 10:11:43,1.42,1.2792,16,1.4,1.2612,12,1.4,1.2612,2,1.41,1.2702,5753,0
IWM190906P148,2019-09-04,2019-09-04 10:11:44,1.42,1.2792,15,1.4,1.2612,12,1.4,1.2612,2,1.41,1.2702,5753,0
IWM190906P148,2019-09-04,2019-09-04 10:11:44,1.41,1.2702,4,1.4,1.2612,12,1.4,1.2612,2,1.405,1.2657,5753,0
IWM190906P148,2019-09-04,2019-09-04 10:11:45,1.42,1.2792,40,1.4,1.2612,8,1.4,1.2612,2,1.41,1.2702,5753,0
IWM190906P148,2019-09-04,2019-09-04 10:11:45,1.41,1.2702,14,1.39,1.2522,29,1.4,1.2612,2,1.4,1.2612,5753,0
IWM190906P148,2019-09-04,2019-09-04 10:11:46,1.41,1.2702,4,1.39,1.2522,29,1.4,1.2612,2,1.4,1.2612,5753,0
IWM190906P148,2019-09-04,2019-09-04 10:11:46,1.41,1.2702,4,1.39,1.2522,48,1.4,1.2612,2,1.4,1.2612,5753,0
IWM190906P148,2019-09-04,2019-09-04 10:11:47,1.41,1.2702,4,1.39,1.2522,41,1.4,1.2612,2,1.4,1.2612,5753,0
IWM190906P148,2019-09-04,2019-09-04 10:11:47,1.42,1.2792,4,1.4,1.2612,8,1.4,1.2612,2,1.41,1.2702,5753,0
IWM190906P148,2019-09-04,2019-09-04 10:11:48,1.42,1.2792,31,1.4,1.2612,1,1.4,1.2612,2,1.41,1.2702,5753,0
IWM190906P148,2019-09-04,2019-09-04 10:11:48,1.42,1.2792,31,1.39,1.2522,41,1.4,1.2612,2,1.405,1.2657,5753,0
IWM190906P148,2019-09-04,2019-09-04 10:11:49,1.41,1.2702,4,1.4,1.2612,1,1.4,1.2612,2,1.405,1.2657,5753,0
IWM190906P148,2019-09-04,2019-09-04 10:11:50,1.41,1.2702,4,1.4,1.2612,1,1.4,1.2612,2,1.405,1.2657,5753,0
IWM190906P148,2019-09-04,2019-09-04 10:11:51,1.41,1.2702,14,1.4,1.2612,1,1.4,1.2612,2,1.405,1.2657,5753,0
IWM190906P148,2019-09-04,2019-09-04 10:11:52,1.42,1.2792,76,1.39,1.2522,41,1.4,1.2612,2,1.405,1.2657,5753,0
IWM190906P148,2019-09-04,2019-09-04 10:11:53,1.42,1.2792,66,1.39,1.2522,41,1.4,1.2612,2,1.405,1.2657,5753,0
IWM190906P148,2019-09-04,2019-09-04 10:11:54,1.43,1.2882,4,1.41,1.2702,22,1.4,1.2612,2,1.42,1.2792,5753,0
IWM190906P148,2019-09-04,2019-09-04 10:11:54,1.42,1.2792,66,1.4,1.2612,4,1.4,1.2612,2,1.41,1.2702,5753,0
IWM190906P148,2019-09-04,2019-09-04 10:11:55,1.43,1.2882,31,1.41,1.2702,22,1.4,1.2612,2,1.42,1.2792,5753,0
IWM190906P148,2019-09-04,2019-09-04 10:11:55,1.43,1.2882,23,1.41,1.2702,22,1.4,1.2612,2,1.42,1.2792,5753,0
IWM190906P148,2019-09-04,2019-09-04 10:11:56,1.43,1.2882,4,1.41,1.2702,41,1.4,1.2612,2,1.42,1.2792,5753,0
IWM190906P148,2019-09-04,2019-09-04 10:11:56,1.43,1.2882,4,1.41,1.2702,22,1.4,1.2612,2,1.42,1.2792,5753,0
IWM190906P148,2019-09-04,2019-09-04 10:11:57,1.44,1.2972,68,1.41,1.2702,43,1.4,1.2612,2,1.425,1.2837,5753,0
IWM190906P148,2019-09-04,2019-09-04 10:11:57,1.44,1.2972,68,1.41,1.2702,41,1.4,1.2612,2,1.425,1.2837,5753,0
IWM190906P148,2019-09-04,2019-09-04 10:11:58,1.44,1.2972,21,1.42,1.2792,6,1.4,1.2612,2,1.43,1.2882,5753,0
IWM190906P148,2019-09-04,2019-09-04 10:11:59,1.44,1.2972,35,1.42,1.2792,6,1.4,1.2612,2,1.43,1.2882,5753,0
IWM190906P148,2019-09-04,2019-09-04 10:11:59,1.44,1.2972,34,1.42,1.2792,6,1.4,1.2612,2,1.43,1.2882,5753,0
IWM190906P148,2019-09-04,2019-09-04 10:12:00,1.42,1.2792,100,1.4,1.2612,8,1.4,1.2612,2,1.41,1.2702,5753,0
IWM190906P148,2019-09-04,2019-09-04 10:12:00,1.42,1.2792,100,1.41,1.2702,18,1.4,1.2612,2,1.415,1.2747,5753,0
IWM190906P148,2019-09-04,2019-09-04 10:12:01,1.42,1.2792,100,1.4,1.2612,12,1.4,1.2612,2,1.41,1.2702,5753,0
IWM190906P148,2019-09-04,2019-09-04 10:12:01,1.42,1.2792,182,1.39,1.2522,18,1.4,1.2612,2,1.405,1.2657,5753,0
IWM190906P148,2019-09-04,2019-09-04 10:12:02,1.41,1.2702,64,1.39,1.2522,8,1.4,1.2612,2,1.4,1.2612,5753,0
IWM190906P148,2019-09-04,2019-09-04 10:12:02,1.41,1.2702,73,1.38,1.2432,27,1.4,1.2612,2,1.395,1.2567,5753,0
IWM190906P148,2019-09-04,2019-09-04 10:12:03,1.41,1.2702,73,1.38,1.2432,27,1.4,1.2612,2,1.395,1.2567,5753,0
IWM190906P148,2019-09-04,2019-09-04 10:12:04,1.4,1.2612,14,1.38,1.2432,18,1.4,1.2612,2,1.39,1.2522,5753,0
IWM190906P148,2019-09-04,2019-09-04 10:12:04,1.4,1.2612,25,1.38,1.2432,18,1.4,1.2612,2,1.39,1.2522,5753,0
IWM190906P148,2019-09-04,2019-09-04 10:12:05,1.4,1.2612,25,1.38,1.2432,18,1.4,1.2612,2,1.39,1.2522,5753,0
IWM190906P148,2019-09-04,2019-09-04 10:12:05,1.4,1.2612,48,1.37,1.2342,25,1.4,1.2612,2,1.385,1.2477,5753,0
IWM190906P148,2019-09-04,2019-09-04 10:12:06,1.4,1.2612,58,1.38,1.2432,4,1.4,1.2612,2,1.39,1.2522,5753,0
IWM190906P148,2019-09-04,2019-09-04 10:12:07,1.4,1.2612,34,1.38,1.2432,4,1.4,1.2612,2,1.39,1.2522,5753,0
IWM190906P148,2019-09-04,2019-09-04 10:12:07,1.4,1.2612,25,1.38,1.2432,9,1.4,1.2612,2,1.39,1.2522,5753,0
IWM190906P148,2019-09-04,2019-09-04 10:12:08,1.41,1.2702,75,1.38,1.2432,9,1.4,1.2612,2,1.395,1.2567,5753,0
IWM190906P148,2019-09-04,2019-09-04 10:12:08,1.42,1.2792,43,1.4,1.2612,4,1.4,1.2612,2,1.41,1.2702,5753,0
IWM190906P148,2019-09-04,2019-09-04 10:12:09,1.42,1.2792,43,1.4,1.2612,4,1.4,1.2612,2,1.41,1.2702,5753,0
IWM190906P148,2019-09-04,2019-09-04 10:12:10,1.43,1.2882,313,1.4,1.2612,20,1.4,1.2612,2,1.415,1.2747,5753,0
IWM190906P148,2019-09-04,2019-09-04 10:12:10,1.42,1.2792,16,1.4,1.2612,4,1.4,1.2612,2,1.41,1.2702,5753,0
IWM190906P148,2019-09-04,2019-09-04 10:12:11,1.43,1.2882,313,1.4,1.2612,20,1.4,1.2612,2,1.415,1.2747,5753,0
IWM190906P148,2019-09-04,2019-09-04 10:12:11,1.43,1.2882,110,1.4,1.2612,20,1.4,1.2612,2,1.415,1.2747,5753,0
IWM190906P148,2019-09-04,2019-09-04 10:12:12,1.43,1.2882,68,1.41,1.2702,6,1.4,1.2612,2,1.42,1.2792,5753,0
IWM190906P148,2019-09-04,2019-09-04 10:12:12,1.43,1.2882,125,1.41,1.2702,6,1.4,1.2612,2,1.42,1.2792,5753,0
IWM190906P148,2019-09-04,2019-09-04 10:12:13,1.43,1.2882,68,1.41,1.2702,6,1.4,1.2612,2,1.42,1.2792,5753,0
IWM190906P148,2019-09-04,2019-09-04 10:12:14,1.43,1.2882,68,1.41,1.2702,6,1.4,1.2612,2,1.42,1.2792,5753,0
IWM190906P148,2019-09-04,2019-09-04 10:12:15,1.43,1.2882,37,1.41,1.2702,8,1.4,1.2612,2,1.42,1.2792,5753,0
IWM190906P148,2019-09-04,2019-09-04 10:12:15,1.43,1.2882,68,1.41,1.2702,6,1.4,1.2612,2,1.42,1.2792,5753,0
IWM190906P148,2019-09-04,2019-09-04 10:12:16,1.43,1.2882,28,1.41,1.2702,8,1.4,1.2612,2,1.42,1.2792,5753,0
IWM190906P148,2019-09-04,2019-09-04 10:12:16,1.43,1.2882,18,1.41,1.2702,6,1.4,1.2612,2,1.42,1.2792,5753,0
IWM190906P148,2019-09-04,2019-09-04 10:12:17,1.44,1.2972,10,1.42,1.2792,4,1.4,1.2612,2,1.43,1.2882,5753,0
IWM190906P148,2019-09-04,2019-09-04 10:12:17,1.44,1.2972,45,1.42,1.2792,4,1.4,1.2612,2,1.43,1.2882,5753,0
IWM190906P148,2019-09-04,2019-09-04 10:12:18,1.44,1.2972,26,1.42,1.2792,24,1.4,1.2612,2,1.43,1.2882,5753,0
IWM190906P148,2019-09-04,2019-09-04 10:12:19,1.44,1.2972,26,1.42,1.2792,24,1.4,1.2612,2,1.43,1.2882,5753,0
IWM190906P148,2019-09-04,2019-09-04 10:12:20,1.44,1.2972,26,1.42,1.2792,24,1.4,1.2612,2,1.43,1.2882,5753,0
IWM190906P148,2019-09-04,2019-09-04 10:12:21,1.44,1.2972,47,1.42,1.2792,8,1.4,1.2612,2,1.43,1.2882,5753,0
IWM190906P148,2019-09-04,2019-09-04 10:12:21,1.44,1.2972,26,1.42,1.2792,24,1.4,1.2612,2,1.43,1.2882,5753,0
IWM190906P148,2019-09-04,2019-09-04 10:12:22,1.43,1.2882,4,1.41,1.2702,18,1.4,1.2612,2,1.42,1.2792,5753,0
IWM190906P148,2019-09-04,2019-09-04 10:12:22,1.44,1.2972,26,1.41,1.2702,18,1.4,1.2612,2,1.425,1.2837,5753,0
IWM190906P148,2019-09-04,2019-09-04 10:12:23,1.44,1.2972,13,1.42,1.2792,8,1.4,1.2612,2,1.43,1.2882,5753,0
IWM190906P148,2019-09-04,2019-09-04 10:12:23,1.44,1.2972,40,1.42,1.2792,8,1.4,1.2612,2,1.43,1.2882,5753,0
IWM190906P148,2019-09-04,2019-09-04 10:12:24,1.44,1.2972,58,1.42,1.2792,12,1.4,1.2612,2,1.43,1.2882,5753,0
IWM190906P148,2019-09-04,2019-09-04 10:12:24,1.44,1.2972,34,1.42,1.2792,12,1.4,1.2612,2,1.43,1.2882,5753,0
IWM190906P148,2019-09-04,2019-09-04 10:12:25,1.44,1.2972,43,1.42,1.2792,18,1.4,1.2612,2,1.43,1.2882,5753,0
IWM190906P148,2019-09-04,2019-09-04 10:12:25,1.44,1.2972,48,1.42,1.2792,29,1.4,1.2612,2,1.43,1.2882,5753,0
IWM190906P148,2019-09-04,2019-09-04 10:12:26,1.44,1.2972,18,1.42,1.2792,18,1.4,1.2612,2,1.43,1.2882,5753,0
IWM190906P148,2019-09-04,2019-09-04 10:12:27,1.44,1.2972,18,1.42,1.2792,18,1.4,1.2612,2,1.43,1.2882,5753,0
IWM190906P148,2019-09-04,2019-09-04 10:12:27,1.45,1.3063,48,1.43,1.2882,8,1.4,1.2612,2,1.44,1.2972,5753,0
IWM190906P148,2019-09-04,2019-09-04 10:12:28,1.46,1.3153,176,1.43,1.2882,14,1.4,1.2612,2,1.445,1.3018,5753,0
IWM190906P148,2019-09-04,2019-09-04 10:12:28,1.45,1.3063,27,1.43,1.2882,8,1.4,1.2612,2,1.44,1.2972,5753,0
IWM190906P148,2019-09-04,2019-09-04 10:12:29,1.46,1.3153,11,1.44,1.2972,1,1.4,1.2612,2,1.45,1.3063,5753,0
IWM190906P148,2019-09-04,2019-09-04 10:12:29,1.46,1.3153,33,1.43,1.2882,14,1.4,1.2612,2,1.445,1.3018,5753,0
IWM190906P148,2019-09-04,2019-09-04 10:12:30,1.45,1.3063,4,1.44,1.2972,1,1.4,1.2612,2,1.445,1.3018,5753,0
IWM190906P148,2019-09-04,2019-09-04 10:12:31,1.45,1.3063,4,1.44,1.2972,1,1.4,1.2612,2,1.445,1.3018,5753,0
IWM190906P148,2019-09-04,2019-09-04 10:12:32,1.45,1.3063,4,1.43,1.2882,18,1.4,1.2612,2,1.44,1.2972,5753,0
IWM190906P148,2019-09-04,2019-09-04 10:12:32,1.45,1.3063,4,1.43,1.2882,40,1.4,1.2612,2,1.44,1.2972,5753,0
IWM190906P148,2019-09-04,2019-09-04 10:12:33,1.45,1.3063,61,1.43,1.2882,18,1.4,1.2612,2,1.44,1.2972,5753,0
IWM190906P148,2019-09-04,2019-09-04 10:12:33,1.45,1.3063,50,1.43,1.2882,18,1.4,1.2612,2,1.44,1.2972,5753,0
IWM190906P148,2019-09-04,2019-09-04 10:12:34,1.45,1.3063,4,1.43,1.2882,18,1.4,1.2612,2,1.44,1.2972,5753,0
IWM190906P148,2019-09-04,2019-09-04 10:12:35,1.45,1.3063,41,1.43,1.2882,18,1.4,1.2612,2,1.44,1.2972,5753,0
IWM190906P148,2019-09-04,2019-09-04 10:12:35,1.45,1.3063,4,1.43,1.2882,18,1.4,1.2612,2,1.44,1.2972,5753,0
IWM190906P148,2019-09-04,2019-09-04 10:12:36,1.45,1.3063,41,1.42,1.2792,44,1.4,1.2612,2,1.435,1.2927,5753,0
IWM190906P148,2019-09-04,2019-09-04 10:12:36,1.45,1.3063,41,1.43,1.2882,18,1.4,1.2612,2,1.44,1.2972,5753,0
IWM190906P148,2019-09-04,2019-09-04 10:12:37,1.44,1.2972,4,1.42,1.2792,44,1.4,1.2612,2,1.43,1.2882,5753,0
IWM190906P148,2019-09-04,2019-09-04 10:12:37,1.45,1.3063,76,1.42,1.2792,44,1.4,1.2612,2,1.435,1.2927,5753,0
IWM190906P148,2019-09-04,2019-09-04 10:12:38,1.44,1.2972,4,1.42,1.2792,44,1.4,1.2612,2,1.43,1.2882,5753,0
IWM190906P148,2019-09-04,2019-09-04 10:12:38,1.44,1.2972,10,1.42,1.2792,44,1.4,1.2612,2,1.43,1.2882,5753,0
IWM190906P148,2019-09-04,2019-09-04 10:12:39,1.44,1.2972,30,1.42,1.2792,64,1.4,1.2612,2,1.43,1.2882,5753,0
IWM190906P148,2019-09-04,2019-09-04 10:12:39,1.44,1.2972,4,1.42,1.2792,64,1.4,1.2612,2,1.43,1.2882,5753,0
IWM190906P148,2019-09-04,2019-09-04 10:12:40,1.43,1.2882,4,1.42,1.2792,3,1.4,1.2612,2,1.425,1.2837,5753,0
IWM190906P148,2019-09-04,2019-09-04 10:12:41,1.43,1.2882,26,1.42,1.2792,3,1.4,1.2612,2,1.425,1.2837,5753,0
IWM190906P148,2019-09-04,2019-09-04 10:12:42,1.43,1.2882,5,1.42,1.2792,3,1.4,1.2612,2,1.425,1.2837,5753,0
IWM190906P148,2019-09-04,2019-09-04 10:12:43,1.42,1.2792,1,1.4,1.2612,5,1.42,1.2792,3,1.41,1.2702,5756,3
IWM190906P148,2019-09-04,2019-09-04 10:12:43,1.43,1.2882,8,1.42,1.2792,3,1.4,1.2612,2,1.425,1.2837,5753,0
IWM190906P148,2019-09-04,2019-09-04 10:12:44,1.42,1.2792,4,1.4,1.2612,14,1.42,1.2792,3,1.41,1.2702,5756,0
IWM190906P148,2019-09-04,2019-09-04 10:12:44,1.42,1.2792,4,1.4,1.2612,9,1.42,1.2792,3,1.41,1.2702,5756,0
IWM190906P148,2019-09-04,2019-09-04 10:12:45,1.43,1.2882,30,1.41,1.2702,3,1.42,1.2792,3,1.42,1.2792,5756,0
IWM190906P148,2019-09-04,2019-09-04 10:12:45,1.43,1.2882,47,1.4,1.2612,14,1.42,1.2792,3,1.415,1.2747,5756,0
IWM190906P148,2019-09-04,2019-09-04 10:12:46,1.43,1.2882,4,1.41,1.2702,5,1.42,1.2792,3,1.42,1.2792,5756,0
IWM190906P148,2019-09-04,2019-09-04 10:12:47,1.44,1.2972,4,1.42,1.2792,51,1.42,1.2792,3,1.43,1.2882,5756,0
IWM190906P148,2019-09-04,2019-09-04 10:12:47,1.45,1.3063,12,1.43,1.2882,63,1.43,1.2882,1,1.44,1.2972,5757,1
IWM190906P148,2019-09-04,2019-09-04 10:12:48,1.45,1.3063,4,1.43,1.2882,63,1.43,1.2882,1,1.44,1.2972,5757,0
IWM190906P148,2019-09-04,2019-09-04 10:12:48,1.45,1.3063,4,1.43,1.2882,56,1.43,1.2882,1,1.44,1.2972,5757,0
IWM190906P148,2019-09-04,2019-09-04 10:12:49,1.45,1.3063,4,1.43,1.2882,56,1.43,1.2882,1,1.44,1.2972,5757,0
IWM190906P148,2019-09-04,2019-09-04 10:12:50,1.45,1.3063,44,1.42,1.2792,60,1.43,1.2882,1,1.435,1.2927,5757,0
IWM190906P148,2019-09-04,2019-09-04 10:12:51,1.45,1.3063,44,1.43,1.2882,1,1.43,1.2882,1,1.44,1.2972,5757,0
IWM190906P148,2019-09-04,2019-09-04 10:12:51,1.45,1.3063,44,1.42,1.2792,60,1.43,1.2882,1,1.435,1.2927,5757,0
IWM190906P148,2019-09-04,2019-09-04 10:12:52,1.45,1.3063,8,1.43,1.2882,4,1.43,1.2882,1,1.44,1.2972,5757,0
IWM190906P148,2019-09-04,2019-09-04 10:12:53,1.45,1.3063,21,1.43,1.2882,4,1.43,1.2882,1,1.44,1.2972,5757,0
IWM190906P148,2019-09-04,2019-09-04 10:12:53,1.45,1.3063,8,1.43,1.2882,4,1.43,1.2882,1,1.44,1.2972,5757,0
IWM190906P148,2019-09-04,2019-09-04 10:12:54,1.45,1.3063,21,1.42,1.2792,25,1.43,1.2882,1,1.435,1.2927,5757,0
