symbol,Date,quote_time,ask_price,norm_ask_price,ask_size,bid_price,norm_bid_price,bid_size,last_trade_price,norm_last_trade_price,last_trade_size,mark_price,norm_mark_price,volume,Volume
SPY190807P287,2019-08-05,2019-08-05 09:35:00,2.22,1.0183,76,2.17,0.9954,6,2.14,0.9816,2,2.195,1.0068,1029,0
SPY190807P287,2019-08-05,2019-08-05 09:35:00,2.18,1.0,50,2.17,0.9954,51,2.14,0.9816,2,2.175,0.9977,1029,1029
SPY190807P287,2019-08-05,2019-08-05 09:35:01,2.2,1.0091,55,2.18,1.0,5,2.14,0.9816,2,2.19,1.0045,1029,0
SPY190807P287,2019-08-05,2019-08-05 09:35:01,2.22,1.0183,50,2.17,0.9954,50,2.14,0.9816,2,2.195,1.0068,1029,0
SPY190807P287,2019-08-05,2019-08-05 09:35:02,2.21,1.0137,26,2.16,0.9908,12,2.14,0.9816,2,2.185,1.0022,1029,0
SPY190807P287,2019-08-05,2019-08-05 09:35:02,2.19,1.0045,60,2.16,0.9908,5,2.14,0.9816,2,2.175,0.9977,1029,0
SPY190807P287,2019-08-05,2019-08-05 09:35:03,2.18,1.0,50,2.15,0.9862,5,2.17,0.9954,5,2.165,0.9931,1054,0
SPY190807P287,2019-08-05,2019-08-05 09:35:03,2.2,1.0091,26,2.13,0.977,60,2.17,0.9954,5,2.165,0.9931,1054,25
SPY190807P287,2019-08-05,2019-08-05 09:35:04,2.18,1.0,50,2.14,0.9816,50,2.17,0.9954,5,2.16,0.9908,1054,0
SPY190807P287,2019-08-05,2019-08-05 09:35:04,2.18,1.0,60,2.15,0.9862,15,2.17,0.9954,5,2.165,0.9931,1054,0
SPY190807P287,2019-08-05,2019-08-05 09:35:05,2.18,1.0,22,2.13,0.977,12,2.17,0.9954,5,2.155,0.9885,1054,0
SPY190807P287,2019-08-05,2019-08-05 09:35:05,2.18,1.0,60,2.15,0.9862,15,2.17,0.9954,5,2.165,0.9931,1054,0
SPY190807P287,2019-08-05,2019-08-05 09:35:06,2.18,1.0,55,2.14,0.9816,5,2.17,0.9954,5,2.16,0.9908,1054,0
SPY190807P287,2019-08-05,2019-08-05 09:35:07,2.17,0.9954,50,2.14,0.9816,12,2.17,0.9954,5,2.155,0.9885,1054,0
SPY190807P287,2019-08-05,2019-08-05 09:35:07,2.19,1.0045,75,2.14,0.9816,5,2.17,0.9954,5,2.165,0.9931,1054,0
SPY190807P287,2019-08-05,2019-08-05 09:35:08,2.18,1.0,76,2.12,0.9724,55,2.17,0.9954,5,2.15,0.9862,1054,0
SPY190807P287,2019-08-05,2019-08-05 09:35:08,2.17,0.9954,50,2.12,0.9724,50,2.17,0.9954,5,2.145,0.9839,1054,0
SPY190807P287,2019-08-05,2019-08-05 09:35:09,2.17,0.9954,50,2.12,0.9724,50,2.17,0.9954,5,2.145,0.9839,1054,0
SPY190807P287,2019-08-05,2019-08-05 09:35:09,2.16,0.9908,75,2.12,0.9724,12,2.17,0.9954,5,2.14,0.9816,1054,0
SPY190807P287,2019-08-05,2019-08-05 09:35:10,2.13,0.977,13,2.1,0.9633,37,2.13,0.977,1,2.115,0.9701,1055,1
SPY190807P287,2019-08-05,2019-08-05 09:35:10,2.13,0.977,13,2.1,0.9633,1,2.17,0.9954,5,2.115,0.9701,1054,0
SPY190807P287,2019-08-05,2019-08-05 09:35:11,2.17,0.9954,85,2.11,0.9678,5,2.13,0.977,1,2.14,0.9816,1055,0
SPY190807P287,2019-08-05,2019-08-05 09:35:11,2.13,0.977,76,2.1,0.9633,100,2.13,0.977,1,2.115,0.9701,1055,0
SPY190807P287,2019-08-05,2019-08-05 09:35:12,2.15,0.9862,69,2.1,0.9633,100,2.13,0.977,1,2.125,0.9747,1055,0
SPY190807P287,2019-08-05,2019-08-05 09:35:13,2.15,0.9862,73,2.11,0.9678,13,2.14,0.9816,5,2.13,0.977,1060,5
SPY190807P287,2019-08-05,2019-08-05 09:35:13,2.15,0.9862,69,2.1,0.9633,100,2.13,0.977,1,2.125,0.9747,1055,0
SPY190807P287,2019-08-05,2019-08-05 09:35:14,2.15,0.9862,72,2.12,0.9724,5,2.14,0.9816,5,2.135,0.9793,1060,0
SPY190807P287,2019-08-05,2019-08-05 09:35:14,2.15,0.9862,50,2.12,0.9724,5,2.14,0.9816,5,2.135,0.9793,1060,0
SPY190807P287,2019-08-05,2019-08-05 09:35:15,2.18,1.0,75,2.13,0.977,12,2.14,0.9816,5,2.155,0.9885,1060,0
SPY190807P287,2019-08-05,2019-08-05 09:35:15,2.17,0.9954,55,2.13,0.977,5,2.14,0.9816,5,2.15,0.9862,1060,0
SPY190807P287,2019-08-05,2019-08-05 09:35:16,2.15,0.9862,1,2.13,0.977,100,2.15,0.9862,2,2.14,0.9816,1062,2
SPY190807P287,2019-08-05,2019-08-05 09:35:16,2.15,0.9862,50,2.13,0.977,5,2.15,0.9862,2,2.14,0.9816,1062,0
SPY190807P287,2019-08-05,2019-08-05 09:35:17,2.17,0.9954,50,2.14,0.9816,23,2.16,0.9908,1,2.155,0.9885,1063,1
SPY190807P287,2019-08-05,2019-08-05 09:35:17,2.17,0.9954,50,2.14,0.9816,25,2.16,0.9908,1,2.155,0.9885,1063,0
SPY190807P287,2019-08-05,2019-08-05 09:35:18,2.16,0.9908,50,2.14,0.9816,8,2.16,0.9908,1,2.15,0.9862,1063,0
SPY190807P287,2019-08-05,2019-08-05 09:35:18,2.16,0.9908,50,2.12,0.9724,75,2.16,0.9908,1,2.14,0.9816,1063,0
SPY190807P287,2019-08-05,2019-08-05 09:35:19,2.17,0.9954,50,2.14,0.9816,23,2.16,0.9908,1,2.155,0.9885,1063,0
SPY190807P287,2019-08-05,2019-08-05 09:35:19,2.18,1.0,60,2.16,0.9908,5,2.16,0.9908,1,2.17,0.9954,1063,0
SPY190807P287,2019-08-05,2019-08-05 09:35:20,2.17,0.9954,50,2.15,0.9862,5,2.16,0.9908,1,2.16,0.9908,1063,0
SPY190807P287,2019-08-05,2019-08-05 09:35:20,2.18,1.0,79,2.15,0.9862,100,2.16,0.9908,1,2.165,0.9931,1063,0
SPY190807P287,2019-08-05,2019-08-05 09:35:21,2.19,1.0045,50,2.16,0.9908,31,2.16,0.9908,1,2.175,0.9977,1063,0
SPY190807P287,2019-08-05,2019-08-05 09:35:21,2.2,1.0091,50,2.18,1.0,5,2.16,0.9908,1,2.19,1.0045,1063,0
SPY190807P287,2019-08-05,2019-08-05 09:35:22,2.2,1.0091,67,2.17,0.9954,100,2.16,0.9908,1,2.185,1.0022,1063,0
SPY190807P287,2019-08-05,2019-08-05 09:35:22,2.21,1.0137,75,2.18,1.0,5,2.16,0.9908,1,2.195,1.0068,1063,0
SPY190807P287,2019-08-05,2019-08-05 09:35:23,2.2,1.0091,60,2.18,1.0,5,2.16,0.9908,1,2.19,1.0045,1063,0
SPY190807P287,2019-08-05,2019-08-05 09:35:23,2.2,1.0091,60,2.17,0.9954,100,2.16,0.9908,1,2.185,1.0022,1063,0
SPY190807P287,2019-08-05,2019-08-05 09:35:24,2.19,1.0045,50,2.17,0.9954,14,2.16,0.9908,1,2.18,1.0,1063,0
SPY190807P287,2019-08-05,2019-08-05 09:35:24,2.2,1.0091,60,2.17,0.9954,14,2.16,0.9908,1,2.185,1.0022,1063,0
SPY190807P287,2019-08-05,2019-08-05 09:35:25,2.19,1.0045,67,2.17,0.9954,14,2.16,0.9908,1,2.18,1.0,1063,0
SPY190807P287,2019-08-05,2019-08-05 09:35:25,2.19,1.0045,50,2.17,0.9954,24,2.16,0.9908,1,2.18,1.0,1063,0
SPY190807P287,2019-08-05,2019-08-05 09:35:26,2.19,1.0045,59,2.17,0.9954,117,2.16,0.9908,1,2.18,1.0,1063,0
SPY190807P287,2019-08-05,2019-08-05 09:35:26,2.19,1.0045,59,2.17,0.9954,75,2.16,0.9908,1,2.18,1.0,1063,0
SPY190807P287,2019-08-05,2019-08-05 09:35:27,2.18,1.0,60,2.14,0.9816,72,2.17,0.9954,1,2.16,0.9908,1085,2
SPY190807P287,2019-08-05,2019-08-05 09:35:27,2.18,1.0,9,2.17,0.9954,2,2.19,1.0045,20,2.175,0.9977,1083,20
SPY190807P287,2019-08-05,2019-08-05 09:35:28,2.16,0.9908,12,2.14,0.9816,128,2.15,0.9862,6,2.15,0.9862,1105,20
SPY190807P287,2019-08-05,2019-08-05 09:35:28,2.16,0.9908,12,2.14,0.9816,17,2.17,0.9954,1,2.15,0.9862,1085,0
SPY190807P287,2019-08-05,2019-08-05 09:35:29,2.16,0.9908,62,2.14,0.9816,112,2.15,0.9862,6,2.15,0.9862,1105,0
SPY190807P287,2019-08-05,2019-08-05 09:35:29,2.16,0.9908,73,2.14,0.9816,109,2.15,0.9862,6,2.15,0.9862,1105,0
SPY190807P287,2019-08-05,2019-08-05 09:35:30,2.17,0.9954,26,2.15,0.9862,89,2.15,0.9862,6,2.16,0.9908,1105,0
SPY190807P287,2019-08-05,2019-08-05 09:35:30,2.17,0.9954,26,2.15,0.9862,139,2.15,0.9862,6,2.16,0.9908,1105,0
SPY190807P287,2019-08-05,2019-08-05 09:35:31,2.18,1.0,76,2.15,0.9862,139,2.15,0.9862,6,2.165,0.9931,1105,0
SPY190807P287,2019-08-05,2019-08-05 09:35:31,2.19,1.0045,76,2.17,0.9954,5,2.15,0.9862,6,2.18,1.0,1105,0
SPY190807P287,2019-08-05,2019-08-05 09:35:32,2.19,1.0045,76,2.17,0.9954,62,2.15,0.9862,6,2.18,1.0,1105,0
SPY190807P287,2019-08-05,2019-08-05 09:35:32,2.19,1.0045,76,2.17,0.9954,94,2.15,0.9862,6,2.18,1.0,1105,0
SPY190807P287,2019-08-05,2019-08-05 09:35:33,2.2,1.0091,68,2.18,1.0,73,2.15,0.9862,6,2.19,1.0045,1105,0
SPY190807P287,2019-08-05,2019-08-05 09:35:33,2.21,1.0137,61,2.18,1.0,145,2.15,0.9862,6,2.195,1.0068,1105,0
SPY190807P287,2019-08-05,2019-08-05 09:35:34,2.2,1.0091,11,2.18,1.0,95,2.15,0.9862,6,2.19,1.0045,1105,0
SPY190807P287,2019-08-05,2019-08-05 09:35:35,2.2,1.0091,61,2.17,0.9954,133,2.15,0.9862,6,2.185,1.0022,1105,0
SPY190807P287,2019-08-05,2019-08-05 09:35:35,2.2,1.0091,61,2.18,1.0,75,2.15,0.9862,6,2.19,1.0045,1105,0
SPY190807P287,2019-08-05,2019-08-05 09:35:36,2.2,1.0091,61,2.18,1.0,76,2.15,0.9862,6,2.19,1.0045,1105,0
SPY190807P287,2019-08-05,2019-08-05 09:35:36,2.2,1.0091,61,2.18,1.0,79,2.15,0.9862,6,2.19,1.0045,1105,0
SPY190807P287,2019-08-05,2019-08-05 09:35:37,2.2,1.0091,61,2.18,1.0,91,2.15,0.9862,6,2.19,1.0045,1105,0
SPY190807P287,2019-08-05,2019-08-05 09:35:37,2.2,1.0091,61,2.19,1.0045,1,2.15,0.9862,6,2.195,1.0068,1105,0
SPY190807P287,2019-08-05,2019-08-05 09:35:38,2.19,1.0045,67,2.17,0.9954,87,2.19,1.0045,1,2.18,1.0,1106,0
SPY190807P287,2019-08-05,2019-08-05 09:35:38,2.19,1.0045,67,2.17,0.9954,87,2.19,1.0045,1,2.18,1.0,1106,1
SPY190807P287,2019-08-05,2019-08-05 09:35:39,2.19,1.0045,60,2.17,0.9954,79,2.19,1.0045,1,2.18,1.0,1106,0
SPY190807P287,2019-08-05,2019-08-05 09:35:39,2.19,1.0045,60,2.16,0.9908,50,2.19,1.0045,1,2.175,0.9977,1106,0
SPY190807P287,2019-08-05,2019-08-05 09:35:40,2.19,1.0045,68,2.16,0.9908,86,2.19,1.0045,1,2.175,0.9977,1106,0
SPY190807P287,2019-08-05,2019-08-05 09:35:40,2.18,1.0,50,2.14,0.9816,25,2.19,1.0045,1,2.16,0.9908,1106,0
SPY190807P287,2019-08-05,2019-08-05 09:35:41,2.19,1.0045,75,2.16,0.9908,133,2.19,1.0045,1,2.175,0.9977,1106,0
SPY190807P287,2019-08-05,2019-08-05 09:35:41,2.19,1.0045,60,2.16,0.9908,100,2.19,1.0045,1,2.175,0.9977,1106,0
SPY190807P287,2019-08-05,2019-08-05 09:35:42,2.18,1.0,59,2.16,0.9908,131,2.18,1.0,1,2.17,0.9954,1107,1
SPY190807P287,2019-08-05,2019-08-05 09:35:42,2.19,1.0045,75,2.16,0.9908,131,2.19,1.0045,1,2.175,0.9977,1106,0
SPY190807P287,2019-08-05,2019-08-05 09:35:43,2.18,1.0,50,2.17,0.9954,71,2.18,1.0,1,2.175,0.9977,1107,0
SPY190807P287,2019-08-05,2019-08-05 09:35:43,2.19,1.0045,59,2.17,0.9954,5,2.18,1.0,1,2.18,1.0,1107,0
SPY190807P287,2019-08-05,2019-08-05 09:35:44,2.18,1.0,63,2.17,0.9954,78,2.18,1.0,1,2.175,0.9977,1107,0
SPY190807P287,2019-08-05,2019-08-05 09:35:44,2.19,1.0045,75,2.17,0.9954,71,2.18,1.0,1,2.18,1.0,1107,0
SPY190807P287,2019-08-05,2019-08-05 09:35:45,2.17,0.9954,75,2.14,0.9816,5,2.18,1.0,1,2.155,0.9885,1107,0
SPY190807P287,2019-08-05,2019-08-05 09:35:45,2.17,0.9954,106,2.14,0.9816,135,2.17,0.9954,1,2.155,0.9885,1108,1
SPY190807P287,2019-08-05,2019-08-05 09:35:46,2.17,0.9954,22,2.16,0.9908,128,2.17,0.9954,1,2.165,0.9931,1109,1
SPY190807P287,2019-08-05,2019-08-05 09:35:46,2.17,0.9954,22,2.15,0.9862,6,2.17,0.9954,1,2.16,0.9908,1108,0
SPY190807P287,2019-08-05,2019-08-05 09:35:47,2.17,0.9954,63,2.15,0.9862,133,2.17,0.9954,1,2.16,0.9908,1109,0
SPY190807P287,2019-08-05,2019-08-05 09:35:47,2.18,1.0,50,2.16,0.9908,28,2.17,0.9954,1,2.17,0.9954,1109,0
SPY190807P287,2019-08-05,2019-08-05 09:35:48,2.17,0.9954,50,2.16,0.9908,121,2.17,0.9954,20,2.165,0.9931,1129,0
SPY190807P287,2019-08-05,2019-08-05 09:35:48,2.17,0.9954,63,2.15,0.9862,133,2.17,0.9954,20,2.16,0.9908,1129,20
SPY190807P287,2019-08-05,2019-08-05 09:35:49,2.18,1.0,50,2.16,0.9908,121,2.17,0.9954,20,2.17,0.9954,1129,0
SPY190807P287,2019-08-05,2019-08-05 09:35:49,2.2,1.0091,63,2.17,0.9954,8,2.17,0.9954,20,2.185,1.0022,1129,0
SPY190807P287,2019-08-05,2019-08-05 09:35:50,2.2,1.0091,63,2.16,0.9908,492,2.17,0.9954,20,2.18,1.0,1129,0
SPY190807P287,2019-08-05,2019-08-05 09:35:50,2.22,1.0183,5,2.17,0.9954,468,2.17,0.9954,20,2.195,1.0068,1129,0
SPY190807P287,2019-08-05,2019-08-05 09:35:51,2.22,1.0183,75,2.18,1.0,132,2.17,0.9954,20,2.2,1.0091,1129,0
SPY190807P287,2019-08-05,2019-08-05 09:35:51,2.21,1.0137,63,2.18,1.0,132,2.17,0.9954,20,2.195,1.0068,1129,0
SPY190807P287,2019-08-05,2019-08-05 09:35:52,2.21,1.0137,63,2.19,1.0045,117,2.17,0.9954,20,2.2,1.0091,1129,0
SPY190807P287,2019-08-05,2019-08-05 09:35:52,2.21,1.0137,63,2.18,1.0,133,2.17,0.9954,20,2.195,1.0068,1129,0
SPY190807P287,2019-08-05,2019-08-05 09:35:53,2.2,1.0091,75,2.19,1.0045,73,2.17,0.9954,20,2.195,1.0068,1129,0
SPY190807P287,2019-08-05,2019-08-05 09:35:53,2.2,1.0091,75,2.18,1.0,104,2.17,0.9954,20,2.19,1.0045,1129,0
SPY190807P287,2019-08-05,2019-08-05 09:35:54,2.21,1.0137,75,2.19,1.0045,53,2.17,0.9954,20,2.2,1.0091,1129,0
SPY190807P287,2019-08-05,2019-08-05 09:35:55,2.2,1.0091,50,2.19,1.0045,71,2.21,1.0137,1,2.195,1.0068,1130,0
SPY190807P287,2019-08-05,2019-08-05 09:35:55,2.21,1.0137,75,2.19,1.0045,1,2.21,1.0137,1,2.2,1.0091,1130,1
SPY190807P287,2019-08-05,2019-08-05 09:35:56,2.21,1.0137,213,2.19,1.0045,88,2.21,1.0137,1,2.2,1.0091,1130,0
SPY190807P287,2019-08-05,2019-08-05 09:35:57,2.21,1.0137,213,2.19,1.0045,88,2.21,1.0137,1,2.2,1.0091,1130,0
SPY190807P287,2019-08-05,2019-08-05 09:35:57,2.22,1.0183,63,2.2,1.0091,88,2.21,1.0137,1,2.21,1.0137,1130,0
SPY190807P287,2019-08-05,2019-08-05 09:35:58,2.22,1.0183,50,2.2,1.0091,133,2.21,1.0137,1,2.21,1.0137,1130,0
SPY190807P287,2019-08-05,2019-08-05 09:35:58,2.22,1.0183,50,2.19,1.0045,360,2.21,1.0137,1,2.205,1.0114,1130,0
SPY190807P287,2019-08-05,2019-08-05 09:35:59,2.23,1.0229,71,2.2,1.0091,84,2.21,1.0137,1,2.215,1.016,1130,0
SPY190807P287,2019-08-05,2019-08-05 09:35:59,2.23,1.0229,80,2.2,1.0091,129,2.21,1.0137,1,2.215,1.016,1130,0
SPY190807P287,2019-08-05,2019-08-05 09:36:00,2.23,1.0229,75,2.2,1.0091,5,2.21,1.0137,10,2.215,1.016,1174,44
SPY190807P287,2019-08-05,2019-08-05 09:36:00,2.23,1.0229,72,2.21,1.0137,22,2.21,1.0137,1,2.22,1.0183,1130,0
SPY190807P287,2019-08-05,2019-08-05 09:36:01,2.23,1.0229,62,2.2,1.0091,15,2.21,1.0137,10,2.215,1.016,1174,0
SPY190807P287,2019-08-05,2019-08-05 09:36:01,2.23,1.0229,72,2.2,1.0091,129,2.21,1.0137,10,2.215,1.016,1174,0
SPY190807P287,2019-08-05,2019-08-05 09:36:02,2.25,1.0321,1,2.2,1.0091,15,2.21,1.0137,10,2.225,1.0206,1174,0
SPY190807P287,2019-08-05,2019-08-05 09:36:02,2.25,1.0321,84,2.21,1.0137,122,2.21,1.0137,10,2.23,1.0229,1174,0
SPY190807P287,2019-08-05,2019-08-05 09:36:03,2.25,1.0321,84,2.22,1.0183,122,2.21,1.0137,10,2.235,1.0252,1174,0
SPY190807P287,2019-08-05,2019-08-05 09:36:03,2.25,1.0321,87,2.22,1.0183,122,2.21,1.0137,10,2.235,1.0252,1174,0
SPY190807P287,2019-08-05,2019-08-05 09:36:04,2.25,1.0321,51,2.24,1.0275,5,2.21,1.0137,10,2.245,1.0298,1174,0
SPY190807P287,2019-08-05,2019-08-05 09:36:04,2.28,1.0458,55,2.25,1.0321,125,2.25,1.0321,1,2.265,1.0389,1175,1
SPY190807P287,2019-08-05,2019-08-05 09:36:05,2.28,1.0458,62,2.26,1.0366,114,2.25,1.0321,1,2.27,1.0412,1175,0
SPY190807P287,2019-08-05,2019-08-05 09:36:06,2.28,1.0458,19,2.26,1.0366,103,2.25,1.0321,1,2.27,1.0412,1175,0
SPY190807P287,2019-08-05,2019-08-05 09:36:06,2.28,1.0458,50,2.26,1.0366,103,2.25,1.0321,1,2.27,1.0412,1175,0
SPY190807P287,2019-08-05,2019-08-05 09:36:07,2.28,1.0458,50,2.27,1.0412,126,2.28,1.0458,2,2.275,1.0435,1177,2
SPY190807P287,2019-08-05,2019-08-05 09:36:07,2.28,1.0458,50,2.27,1.0412,126,2.28,1.0458,2,2.275,1.0435,1177,0
SPY190807P287,2019-08-05,2019-08-05 09:36:08,2.28,1.0458,10,2.27,1.0412,87,2.28,1.0458,2,2.275,1.0435,1177,0
SPY190807P287,2019-08-05,2019-08-05 09:36:08,2.28,1.0458,3,2.25,1.0321,3,2.28,1.0458,2,2.265,1.0389,1177,0
SPY190807P287,2019-08-05,2019-08-05 09:36:09,2.28,1.0458,19,2.26,1.0366,115,2.28,1.0458,2,2.27,1.0412,1177,0
SPY190807P287,2019-08-05,2019-08-05 09:36:10,2.29,1.0504,59,2.27,1.0412,78,2.28,1.0458,2,2.28,1.0458,1177,0
SPY190807P287,2019-08-05,2019-08-05 09:36:10,2.29,1.0504,19,2.27,1.0412,78,2.28,1.0458,2,2.28,1.0458,1177,0
SPY190807P287,2019-08-05,2019-08-05 09:36:11,2.29,1.0504,59,2.27,1.0412,108,2.28,1.0458,1,2.28,1.0458,1180,3
SPY190807P287,2019-08-05,2019-08-05 09:36:11,2.29,1.0504,59,2.28,1.0458,2,2.28,1.0458,2,2.285,1.0481,1177,0
SPY190807P287,2019-08-05,2019-08-05 09:36:12,2.29,1.0504,50,2.27,1.0412,123,2.28,1.0458,1,2.28,1.0458,1180,0
SPY190807P287,2019-08-05,2019-08-05 09:36:12,2.29,1.0504,59,2.27,1.0412,123,2.28,1.0458,1,2.28,1.0458,1180,0
SPY190807P287,2019-08-05,2019-08-05 09:36:13,2.29,1.0504,63,2.27,1.0412,118,2.29,1.0504,1,2.28,1.0458,1181,1
SPY190807P287,2019-08-05,2019-08-05 09:36:13,2.29,1.0504,50,2.27,1.0412,118,2.28,1.0458,1,2.28,1.0458,1180,0
SPY190807P287,2019-08-05,2019-08-05 09:36:14,2.29,1.0504,63,2.27,1.0412,100,2.29,1.0504,1,2.28,1.0458,1181,0
SPY190807P287,2019-08-05,2019-08-05 09:36:14,2.29,1.0504,63,2.28,1.0458,137,2.29,1.0504,5,2.285,1.0481,1186,5
SPY190807P287,2019-08-05,2019-08-05 09:36:15,2.29,1.0504,63,2.28,1.0458,137,2.29,1.0504,5,2.285,1.0481,1186,0
SPY190807P287,2019-08-05,2019-08-05 09:36:15,2.3,1.055,26,2.28,1.0458,122,2.29,1.0504,5,2.29,1.0504,1186,0
SPY190807P287,2019-08-05,2019-08-05 09:36:16,2.3,1.055,1,2.28,1.0458,140,2.29,1.0504,5,2.29,1.0504,1186,0
SPY190807P287,2019-08-05,2019-08-05 09:36:16,2.3,1.055,1,2.28,1.0458,127,2.29,1.0504,5,2.29,1.0504,1186,0
SPY190807P287,2019-08-05,2019-08-05 09:36:17,2.3,1.055,1,2.28,1.0458,3,2.29,1.0504,3,2.29,1.0504,1264,78
SPY190807P287,2019-08-05,2019-08-05 09:36:17,2.3,1.055,1,2.28,1.0458,8,2.29,1.0504,3,2.29,1.0504,1264,0
SPY190807P287,2019-08-05,2019-08-05 09:36:18,2.29,1.0504,1,2.28,1.0458,5,2.29,1.0504,1,2.285,1.0481,1265,1
SPY190807P287,2019-08-05,2019-08-05 09:36:18,2.3,1.055,76,2.28,1.0458,5,2.29,1.0504,1,2.29,1.0504,1265,0
SPY190807P287,2019-08-05,2019-08-05 09:36:19,2.3,1.055,76,2.28,1.0458,5,2.29,1.0504,1,2.29,1.0504,1265,0
SPY190807P287,2019-08-05,2019-08-05 09:36:19,2.29,1.0504,17,2.28,1.0458,78,2.29,1.0504,5,2.285,1.0481,1270,5
SPY190807P287,2019-08-05,2019-08-05 09:36:20,2.3,1.055,94,2.28,1.0458,67,2.29,1.0504,5,2.29,1.0504,1270,0
SPY190807P287,2019-08-05,2019-08-05 09:36:20,2.3,1.055,25,2.28,1.0458,67,2.29,1.0504,5,2.29,1.0504,1270,0
SPY190807P287,2019-08-05,2019-08-05 09:36:21,2.3,1.055,1,2.29,1.0504,32,2.29,1.0504,5,2.295,1.0527,1270,0
SPY190807P287,2019-08-05,2019-08-05 09:36:21,2.3,1.055,1,2.29,1.0504,22,2.29,1.0504,5,2.295,1.0527,1270,0
SPY190807P287,2019-08-05,2019-08-05 09:36:22,2.3,1.055,1,2.29,1.0504,63,2.29,1.0504,5,2.295,1.0527,1270,0
SPY190807P287,2019-08-05,2019-08-05 09:36:22,2.3,1.055,18,2.29,1.0504,1,2.29,1.0504,5,2.295,1.0527,1270,0
SPY190807P287,2019-08-05,2019-08-05 09:36:23,2.3,1.055,20,2.29,1.0504,1,2.3,1.055,25,2.295,1.0527,1298,27
SPY190807P287,2019-08-05,2019-08-05 09:36:23,2.3,1.055,1,2.3,1.055,22,2.3,1.055,1,2.3,1.055,1271,1
SPY190807P287,2019-08-05,2019-08-05 09:36:24,2.3,1.055,50,2.28,1.0458,89,2.29,1.0504,1,2.29,1.0504,1299,1
SPY190807P287,2019-08-05,2019-08-05 09:36:24,2.3,1.055,50,2.28,1.0458,132,2.29,1.0504,1,2.29,1.0504,1299,0
SPY190807P287,2019-08-05,2019-08-05 09:36:25,2.3,1.055,75,2.28,1.0458,8,2.29,1.0504,10,2.29,1.0504,1309,0
SPY190807P287,2019-08-05,2019-08-05 09:36:25,2.29,1.0504,1,2.28,1.0458,100,2.29,1.0504,10,2.285,1.0481,1309,10
SPY190807P287,2019-08-05,2019-08-05 09:36:26,2.29,1.0504,50,2.26,1.0366,131,2.29,1.0504,10,2.275,1.0435,1309,0
SPY190807P287,2019-08-05,2019-08-05 09:36:27,2.29,1.0504,50,2.27,1.0412,5,2.28,1.0458,1,2.28,1.0458,1314,5
SPY190807P287,2019-08-05,2019-08-05 09:36:27,2.29,1.0504,50,2.27,1.0412,132,2.28,1.0458,1,2.28,1.0458,1314,0
SPY190807P287,2019-08-05,2019-08-05 09:36:28,2.29,1.0504,67,2.28,1.0458,24,2.28,1.0458,1,2.285,1.0481,1314,0
SPY190807P287,2019-08-05,2019-08-05 09:36:28,2.29,1.0504,67,2.28,1.0458,32,2.28,1.0458,1,2.285,1.0481,1314,0
SPY190807P287,2019-08-05,2019-08-05 09:36:29,2.3,1.055,60,2.27,1.0412,121,2.28,1.0458,1,2.285,1.0481,1314,0
SPY190807P287,2019-08-05,2019-08-05 09:36:29,2.29,1.0504,67,2.28,1.0458,21,2.28,1.0458,1,2.285,1.0481,1314,0
SPY190807P287,2019-08-05,2019-08-05 09:36:30,2.29,1.0504,10,2.28,1.0458,83,2.28,1.0458,1,2.285,1.0481,1314,0
SPY190807P287,2019-08-05,2019-08-05 09:36:30,2.3,1.055,55,2.27,1.0412,121,2.28,1.0458,1,2.285,1.0481,1314,0
SPY190807P287,2019-08-05,2019-08-05 09:36:31,2.28,1.0458,50,2.26,1.0366,121,2.28,1.0458,1,2.27,1.0412,1314,0
SPY190807P287,2019-08-05,2019-08-05 09:36:31,2.29,1.0504,360,2.26,1.0366,121,2.28,1.0458,1,2.275,1.0435,1314,0
SPY190807P287,2019-08-05,2019-08-05 09:36:32,2.28,1.0458,50,2.26,1.0366,121,2.28,1.0458,1,2.27,1.0412,1314,0
SPY190807P287,2019-08-05,2019-08-05 09:36:32,2.28,1.0458,63,2.26,1.0366,121,2.28,1.0458,1,2.27,1.0412,1315,1
SPY190807P287,2019-08-05,2019-08-05 09:36:33,2.29,1.0504,65,2.27,1.0412,100,2.28,1.0458,1,2.28,1.0458,1315,0
SPY190807P287,2019-08-05,2019-08-05 09:36:33,2.29,1.0504,60,2.27,1.0412,100,2.28,1.0458,1,2.28,1.0458,1315,0
SPY190807P287,2019-08-05,2019-08-05 09:36:34,2.29,1.0504,65,2.27,1.0412,100,2.28,1.0458,1,2.28,1.0458,1315,0
SPY190807P287,2019-08-05,2019-08-05 09:36:35,2.29,1.0504,19,2.27,1.0412,100,2.28,1.0458,1,2.28,1.0458,1315,0
SPY190807P287,2019-08-05,2019-08-05 09:36:35,2.29,1.0504,65,2.27,1.0412,100,2.28,1.0458,1,2.28,1.0458,1315,0
SPY190807P287,2019-08-05,2019-08-05 09:36:36,2.29,1.0504,63,2.27,1.0412,100,2.28,1.0458,1,2.28,1.0458,1315,0
SPY190807P287,2019-08-05,2019-08-05 09:36:36,2.29,1.0504,63,2.27,1.0412,5,2.28,1.0458,1,2.28,1.0458,1315,0
SPY190807P287,2019-08-05,2019-08-05 09:36:37,2.3,1.055,63,2.27,1.0412,5,2.28,1.0458,1,2.285,1.0481,1315,0
SPY190807P287,2019-08-05,2019-08-05 09:36:37,2.29,1.0504,13,2.27,1.0412,5,2.28,1.0458,1,2.28,1.0458,1315,0
SPY190807P287,2019-08-05,2019-08-05 09:36:38,2.29,1.0504,50,2.27,1.0412,108,2.28,1.0458,1,2.28,1.0458,1315,0
SPY190807P287,2019-08-05,2019-08-05 09:36:38,2.29,1.0504,59,2.27,1.0412,128,2.28,1.0458,1,2.28,1.0458,1315,0
SPY190807P287,2019-08-05,2019-08-05 09:36:39,2.3,1.055,17,2.28,1.0458,113,2.3,1.055,14,2.29,1.0504,1329,14
SPY190807P287,2019-08-05,2019-08-05 09:36:39,2.29,1.0504,59,2.27,1.0412,128,2.28,1.0458,1,2.28,1.0458,1315,0
SPY190807P287,2019-08-05,2019-08-05 09:36:40,2.31,1.0596,50,2.28,1.0458,103,2.3,1.055,14,2.295,1.0527,1329,0
SPY190807P287,2019-08-05,2019-08-05 09:36:40,2.31,1.0596,75,2.28,1.0458,119,2.3,1.055,14,2.295,1.0527,1329,0
SPY190807P287,2019-08-05,2019-08-05 09:36:41,2.31,1.0596,75,2.29,1.0504,62,2.3,1.055,50,2.3,1.055,1379,50
SPY190807P287,2019-08-05,2019-08-05 09:36:41,2.31,1.0596,60,2.29,1.0504,82,2.3,1.055,50,2.3,1.055,1379,0
SPY190807P287,2019-08-05,2019-08-05 09:36:42,2.31,1.0596,60,2.29,1.0504,72,2.3,1.055,50,2.3,1.055,1379,0
SPY190807P287,2019-08-05,2019-08-05 09:36:43,2.3,1.055,59,2.28,1.0458,129,2.3,1.055,50,2.29,1.0504,1379,0
SPY190807P287,2019-08-05,2019-08-05 09:36:43,2.3,1.055,9,2.28,1.0458,129,2.3,1.055,50,2.29,1.0504,1379,0
SPY190807P287,2019-08-05,2019-08-05 09:36:44,2.3,1.055,9,2.28,1.0458,28,2.3,1.055,50,2.29,1.0504,1379,0
SPY190807P287,2019-08-05,2019-08-05 09:36:44,2.31,1.0596,67,2.28,1.0458,55,2.28,1.0458,10,2.295,1.0527,1397,18
SPY190807P287,2019-08-05,2019-08-05 09:36:45,2.29,1.0504,50,2.28,1.0458,5,2.28,1.0458,10,2.285,1.0481,1397,0
SPY190807P287,2019-08-05,2019-08-05 09:36:46,2.31,1.0596,50,2.28,1.0458,24,2.29,1.0504,1,2.295,1.0527,1398,1
SPY190807P287,2019-08-05,2019-08-05 09:36:46,2.29,1.0504,17,2.28,1.0458,6,2.29,1.0504,1,2.285,1.0481,1399,1
SPY190807P287,2019-08-05,2019-08-05 09:36:47,2.3,1.055,59,2.28,1.0458,117,2.28,1.0458,1,2.29,1.0504,1400,1
SPY190807P287,2019-08-05,2019-08-05 09:36:48,2.3,1.055,75,2.28,1.0458,108,2.28,1.0458,1,2.29,1.0504,1400,0
SPY190807P287,2019-08-05,2019-08-05 09:36:48,2.3,1.055,75,2.28,1.0458,117,2.28,1.0458,1,2.29,1.0504,1400,0
SPY190807P287,2019-08-05,2019-08-05 09:36:49,2.3,1.055,63,2.28,1.0458,101,2.28,1.0458,1,2.29,1.0504,1400,0
SPY190807P287,2019-08-05,2019-08-05 09:36:49,2.3,1.055,25,2.28,1.0458,101,2.3,1.055,20,2.29,1.0504,1420,20
SPY190807P287,2019-08-05,2019-08-05 09:36:50,2.3,1.055,25,2.28,1.0458,101,2.3,1.055,20,2.29,1.0504,1420,0
SPY190807P287,2019-08-05,2019-08-05 09:36:50,2.3,1.055,50,2.28,1.0458,100,2.3,1.055,20,2.29,1.0504,1420,0
SPY190807P287,2019-08-05,2019-08-05 09:36:51,2.29,1.0504,3,2.28,1.0458,111,2.3,1.055,20,2.285,1.0481,1420,0
SPY190807P287,2019-08-05,2019-08-05 09:36:51,2.3,1.055,75,2.28,1.0458,100,2.3,1.055,20,2.29,1.0504,1420,0
SPY190807P287,2019-08-05,2019-08-05 09:36:52,2.29,1.0504,3,2.28,1.0458,111,2.3,1.055,20,2.285,1.0481,1420,0
SPY190807P287,2019-08-05,2019-08-05 09:36:53,2.29,1.0504,3,2.28,1.0458,111,2.3,1.055,20,2.285,1.0481,1420,0
SPY190807P287,2019-08-05,2019-08-05 09:36:53,2.29,1.0504,3,2.28,1.0458,111,2.29,1.0504,1,2.285,1.0481,1421,1
SPY190807P287,2019-08-05,2019-08-05 09:36:54,2.3,1.055,3,2.29,1.0504,11,2.29,1.0504,3,2.295,1.0527,1424,3
SPY190807P287,2019-08-05,2019-08-05 09:36:54,2.29,1.0504,3,2.28,1.0458,111,2.29,1.0504,1,2.285,1.0481,1421,0
SPY190807P287,2019-08-05,2019-08-05 09:36:55,2.32,1.0642,50,2.29,1.0504,25,2.29,1.0504,1,2.305,1.0573,1427,3
SPY190807P287,2019-08-05,2019-08-05 09:36:55,2.32,1.0642,50,2.29,1.0504,128,2.29,1.0504,1,2.305,1.0573,1428,1
SPY190807P287,2019-08-05,2019-08-05 09:36:56,2.31,1.0596,75,2.29,1.0504,128,2.29,1.0504,1,2.3,1.055,1428,0
SPY190807P287,2019-08-05,2019-08-05 09:36:57,2.31,1.0596,75,2.29,1.0504,128,2.29,1.0504,1,2.3,1.055,1428,0
SPY190807P287,2019-08-05,2019-08-05 09:36:58,2.31,1.0596,50,2.29,1.0504,5,2.29,1.0504,1,2.3,1.055,1428,0
SPY190807P287,2019-08-05,2019-08-05 09:36:58,2.3,1.055,22,2.29,1.0504,5,2.29,1.0504,1,2.295,1.0527,1428,0
SPY190807P287,2019-08-05,2019-08-05 09:36:59,2.32,1.0642,84,2.3,1.055,52,2.29,1.0504,1,2.31,1.0596,1428,0
SPY190807P287,2019-08-05,2019-08-05 09:37:00,2.33,1.0688,84,2.31,1.0596,5,2.29,1.0504,1,2.32,1.0642,1428,0
SPY190807P287,2019-08-05,2019-08-05 09:37:00,2.32,1.0642,61,2.3,1.055,74,2.29,1.0504,1,2.31,1.0596,1428,0
SPY190807P287,2019-08-05,2019-08-05 09:37:01,2.33,1.0688,84,2.31,1.0596,5,2.29,1.0504,1,2.32,1.0642,1428,0
SPY190807P287,2019-08-05,2019-08-05 09:37:01,2.33,1.0688,60,2.31,1.0596,119,2.29,1.0504,1,2.32,1.0642,1428,0
SPY190807P287,2019-08-05,2019-08-05 09:37:02,2.33,1.0688,13,2.31,1.0596,5,2.29,1.0504,1,2.32,1.0642,1428,0
SPY190807P287,2019-08-05,2019-08-05 09:37:02,2.33,1.0688,13,2.31,1.0596,121,2.29,1.0504,1,2.32,1.0642,1428,0
SPY190807P287,2019-08-05,2019-08-05 09:37:03,2.34,1.0733,71,2.31,1.0596,100,2.29,1.0504,1,2.325,1.0665,1428,0
SPY190807P287,2019-08-05,2019-08-05 09:37:03,2.34,1.0733,75,2.31,1.0596,105,2.29,1.0504,1,2.325,1.0665,1428,0
SPY190807P287,2019-08-05,2019-08-05 09:37:04,2.34,1.0733,71,2.31,1.0596,125,2.29,1.0504,1,2.325,1.0665,1428,0
SPY190807P287,2019-08-05,2019-08-05 09:37:04,2.33,1.0688,71,2.31,1.0596,125,2.29,1.0504,1,2.32,1.0642,1428,0
SPY190807P287,2019-08-05,2019-08-05 09:37:05,2.33,1.0688,67,2.31,1.0596,136,2.29,1.0504,1,2.32,1.0642,1428,0
SPY190807P287,2019-08-05,2019-08-05 09:37:05,2.33,1.0688,71,2.31,1.0596,136,2.29,1.0504,1,2.32,1.0642,1428,0
SPY190807P287,2019-08-05,2019-08-05 09:37:06,2.32,1.0642,50,2.29,1.0504,38,2.29,1.0504,1,2.305,1.0573,1428,0
SPY190807P287,2019-08-05,2019-08-05 09:37:06,2.32,1.0642,59,2.3,1.055,109,2.29,1.0504,1,2.31,1.0596,1428,0
SPY190807P287,2019-08-05,2019-08-05 09:37:07,2.33,1.0688,25,2.29,1.0504,125,2.29,1.0504,1,2.31,1.0596,1428,0
SPY190807P287,2019-08-05,2019-08-05 09:37:07,2.34,1.0733,25,2.28,1.0458,5,2.29,1.0504,1,2.31,1.0596,1428,0
SPY190807P287,2019-08-05,2019-08-05 09:37:08,2.34,1.0733,63,2.32,1.0642,1,2.29,1.0504,1,2.33,1.0688,1428,0
SPY190807P287,2019-08-05,2019-08-05 09:37:08,2.34,1.0733,87,2.3,1.055,100,2.29,1.0504,1,2.32,1.0642,1428,0
SPY190807P287,2019-08-05,2019-08-05 09:37:09,2.34,1.0733,60,2.32,1.0642,1,2.29,1.0504,1,2.33,1.0688,1428,0
SPY190807P287,2019-08-05,2019-08-05 09:37:10,2.33,1.0688,60,2.32,1.0642,10,2.32,1.0642,1,2.325,1.0665,1429,0
SPY190807P287,2019-08-05,2019-08-05 09:37:10,2.33,1.0688,63,2.32,1.0642,1,2.32,1.0642,1,2.325,1.0665,1429,1
SPY190807P287,2019-08-05,2019-08-05 09:37:11,2.33,1.0688,60,2.32,1.0642,10,2.32,1.0642,1,2.325,1.0665,1429,0
SPY190807P287,2019-08-05,2019-08-05 09:37:11,2.32,1.0642,69,2.3,1.055,8,2.32,1.0642,10,2.31,1.0596,1439,10
SPY190807P287,2019-08-05,2019-08-05 09:37:12,2.32,1.0642,81,2.3,1.055,8,2.32,1.0642,10,2.31,1.0596,1439,0
SPY190807P287,2019-08-05,2019-08-05 09:37:12,2.32,1.0642,81,2.3,1.055,77,2.32,1.0642,10,2.31,1.0596,1439,0
SPY190807P287,2019-08-05,2019-08-05 09:37:13,2.3,1.055,19,2.29,1.0504,5,2.32,1.0642,10,2.295,1.0527,1439,0
SPY190807P287,2019-08-05,2019-08-05 09:37:14,2.31,1.0596,87,2.29,1.0504,5,2.32,1.0642,10,2.3,1.055,1439,0
SPY190807P287,2019-08-05,2019-08-05 09:37:14,2.3,1.055,19,2.29,1.0504,5,2.32,1.0642,10,2.295,1.0527,1439,0
SPY190807P287,2019-08-05,2019-08-05 09:37:15,2.31,1.0596,34,2.3,1.055,2,2.32,1.0642,10,2.305,1.0573,1439,0
SPY190807P287,2019-08-05,2019-08-05 09:37:15,2.31,1.0596,72,2.3,1.055,2,2.32,1.0642,10,2.305,1.0573,1439,0
SPY190807P287,2019-08-05,2019-08-05 09:37:16,2.31,1.0596,30,2.3,1.055,2,2.32,1.0642,10,2.305,1.0573,1439,0
SPY190807P287,2019-08-05,2019-08-05 09:37:16,2.31,1.0596,84,2.3,1.055,2,2.32,1.0642,10,2.305,1.0573,1439,0
SPY190807P287,2019-08-05,2019-08-05 09:37:17,2.31,1.0596,30,2.3,1.055,146,2.31,1.0596,1,2.305,1.0573,1440,1
SPY190807P287,2019-08-05,2019-08-05 09:37:17,2.31,1.0596,30,2.3,1.055,73,2.32,1.0642,10,2.305,1.0573,1439,0
SPY190807P287,2019-08-05,2019-08-05 09:37:18,2.31,1.0596,30,2.3,1.055,213,2.31,1.0596,1,2.305,1.0573,1440,0
SPY190807P287,2019-08-05,2019-08-05 09:37:19,2.31,1.0596,30,2.3,1.055,213,2.31,1.0596,1,2.305,1.0573,1440,0
SPY190807P287,2019-08-05,2019-08-05 09:37:20,2.31,1.0596,9,2.3,1.055,213,2.31,1.0596,18,2.305,1.0573,1461,21
SPY190807P287,2019-08-05,2019-08-05 09:37:20,2.31,1.0596,9,2.3,1.055,213,2.31,1.0596,18,2.305,1.0573,1461,0
SPY190807P287,2019-08-05,2019-08-05 09:37:21,2.31,1.0596,9,2.3,1.055,213,2.31,1.0596,18,2.305,1.0573,1461,0
SPY190807P287,2019-08-05,2019-08-05 09:37:21,2.31,1.0596,9,2.3,1.055,20,2.31,1.0596,18,2.305,1.0573,1461,0
SPY190807P287,2019-08-05,2019-08-05 09:37:22,2.31,1.0596,9,2.3,1.055,145,2.31,1.0596,18,2.305,1.0573,1461,0
SPY190807P287,2019-08-05,2019-08-05 09:37:22,2.31,1.0596,9,2.3,1.055,3,2.31,1.0596,18,2.305,1.0573,1461,0
SPY190807P287,2019-08-05,2019-08-05 09:37:23,2.31,1.0596,9,2.3,1.055,105,2.31,1.0596,18,2.305,1.0573,1461,0
SPY190807P287,2019-08-05,2019-08-05 09:37:23,2.31,1.0596,50,2.3,1.055,3,2.31,1.0596,18,2.305,1.0573,1461,0
SPY190807P287,2019-08-05,2019-08-05 09:37:24,2.3,1.055,62,2.28,1.0458,30,2.3,1.055,1,2.29,1.0504,1464,0
SPY190807P287,2019-08-05,2019-08-05 09:37:24,2.3,1.055,84,2.28,1.0458,51,2.3,1.055,1,2.29,1.0504,1464,3
SPY190807P287,2019-08-05,2019-08-05 09:37:25,2.3,1.055,62,2.28,1.0458,1,2.3,1.055,1,2.29,1.0504,1464,0
SPY190807P287,2019-08-05,2019-08-05 09:37:25,2.3,1.055,84,2.28,1.0458,1,2.28,1.0458,3,2.29,1.0504,1467,3
SPY190807P287,2019-08-05,2019-08-05 09:37:26,2.3,1.055,60,2.28,1.0458,95,2.3,1.055,1,2.29,1.0504,1468,1
SPY190807P287,2019-08-05,2019-08-05 09:37:26,2.3,1.055,84,2.28,1.0458,95,2.28,1.0458,3,2.29,1.0504,1467,0
SPY190807P287,2019-08-05,2019-08-05 09:37:27,2.3,1.055,84,2.28,1.0458,57,2.3,1.055,1,2.29,1.0504,1468,0
SPY190807P287,2019-08-05,2019-08-05 09:37:27,2.29,1.0504,19,2.28,1.0458,95,2.3,1.055,1,2.285,1.0481,1468,0
SPY190807P287,2019-08-05,2019-08-05 09:37:28,2.29,1.0504,1,2.28,1.0458,87,2.29,1.0504,4,2.285,1.0481,1477,9
SPY190807P287,2019-08-05,2019-08-05 09:37:28,2.3,1.055,87,2.28,1.0458,87,2.28,1.0458,10,2.29,1.0504,1487,10
SPY190807P287,2019-08-05,2019-08-05 09:37:29,2.31,1.0596,91,2.29,1.0504,95,2.28,1.0458,10,2.3,1.055,1487,0
SPY190807P287,2019-08-05,2019-08-05 09:37:29,2.3,1.055,63,2.28,1.0458,102,2.28,1.0458,10,2.29,1.0504,1487,0
SPY190807P287,2019-08-05,2019-08-05 09:37:30,2.31,1.0596,91,2.29,1.0504,53,2.28,1.0458,10,2.3,1.055,1487,0
SPY190807P287,2019-08-05,2019-08-05 09:37:30,2.31,1.0596,91,2.29,1.0504,60,2.28,1.0458,10,2.3,1.055,1487,0
SPY190807P287,2019-08-05,2019-08-05 09:37:31,2.31,1.0596,91,2.29,1.0504,60,2.28,1.0458,10,2.3,1.055,1487,0
SPY190807P287,2019-08-05,2019-08-05 09:37:32,2.31,1.0596,108,2.29,1.0504,120,2.28,1.0458,10,2.3,1.055,1487,0
SPY190807P287,2019-08-05,2019-08-05 09:37:32,2.31,1.0596,46,2.28,1.0458,1,2.28,1.0458,10,2.295,1.0527,1487,0
SPY190807P287,2019-08-05,2019-08-05 09:37:33,2.31,1.0596,108,2.29,1.0504,120,2.28,1.0458,10,2.3,1.055,1487,0
SPY190807P287,2019-08-05,2019-08-05 09:37:33,2.31,1.0596,108,2.3,1.055,1,2.28,1.0458,10,2.305,1.0573,1487,0
SPY190807P287,2019-08-05,2019-08-05 09:37:34,2.32,1.0642,91,2.3,1.055,112,2.28,1.0458,10,2.31,1.0596,1487,0
SPY190807P287,2019-08-05,2019-08-05 09:37:34,2.31,1.0596,58,2.3,1.055,112,2.28,1.0458,10,2.305,1.0573,1487,0
SPY190807P287,2019-08-05,2019-08-05 09:37:35,2.32,1.0642,20,2.3,1.055,112,2.28,1.0458,10,2.31,1.0596,1487,0
SPY190807P287,2019-08-05,2019-08-05 09:37:35,2.33,1.0688,91,2.3,1.055,127,2.28,1.0458,10,2.315,1.0619,1487,0
SPY190807P287,2019-08-05,2019-08-05 09:37:36,2.33,1.0688,69,2.3,1.055,127,2.28,1.0458,10,2.315,1.0619,1487,0
SPY190807P287,2019-08-05,2019-08-05 09:37:36,2.33,1.0688,60,2.3,1.055,127,2.28,1.0458,10,2.315,1.0619,1487,0
SPY190807P287,2019-08-05,2019-08-05 09:37:37,2.33,1.0688,82,2.3,1.055,126,2.28,1.0458,10,2.315,1.0619,1487,0
SPY190807P287,2019-08-05,2019-08-05 09:37:37,2.33,1.0688,60,2.3,1.055,178,2.28,1.0458,10,2.315,1.0619,1487,0
SPY190807P287,2019-08-05,2019-08-05 09:37:38,2.33,1.0688,87,2.3,1.055,143,2.28,1.0458,10,2.315,1.0619,1487,0
SPY190807P287,2019-08-05,2019-08-05 09:37:38,2.33,1.0688,87,2.3,1.055,156,2.28,1.0458,10,2.315,1.0619,1487,0
SPY190807P287,2019-08-05,2019-08-05 09:37:39,2.33,1.0688,62,2.3,1.055,140,2.28,1.0458,10,2.315,1.0619,1487,0
SPY190807P287,2019-08-05,2019-08-05 09:37:39,2.33,1.0688,75,2.3,1.055,156,2.28,1.0458,10,2.315,1.0619,1487,0
SPY190807P287,2019-08-05,2019-08-05 09:37:40,2.33,1.0688,75,2.3,1.055,140,2.28,1.0458,10,2.315,1.0619,1487,0
SPY190807P287,2019-08-05,2019-08-05 09:37:40,2.32,1.0642,60,2.3,1.055,72,2.28,1.0458,10,2.31,1.0596,1487,0
SPY190807P287,2019-08-05,2019-08-05 09:37:41,2.31,1.0596,25,2.3,1.055,23,2.28,1.0458,10,2.305,1.0573,1487,0
SPY190807P287,2019-08-05,2019-08-05 09:37:42,2.31,1.0596,25,2.3,1.055,23,2.31,1.0596,5,2.305,1.0573,1492,5
SPY190807P287,2019-08-05,2019-08-05 09:37:42,2.31,1.0596,25,2.3,1.055,23,2.28,1.0458,10,2.305,1.0573,1487,0
SPY190807P287,2019-08-05,2019-08-05 09:37:43,2.31,1.0596,25,2.3,1.055,23,2.31,1.0596,4,2.305,1.0573,1496,0
SPY190807P287,2019-08-05,2019-08-05 09:37:43,2.31,1.0596,25,2.3,1.055,23,2.31,1.0596,4,2.305,1.0573,1496,4
SPY190807P287,2019-08-05,2019-08-05 09:37:44,2.31,1.0596,25,2.3,1.055,23,2.31,1.0596,4,2.305,1.0573,1496,0
SPY190807P287,2019-08-05,2019-08-05 09:37:45,2.32,1.0642,50,2.31,1.0596,71,2.31,1.0596,4,2.315,1.0619,1496,0
SPY190807P287,2019-08-05,2019-08-05 09:37:45,2.33,1.0688,59,2.31,1.0596,71,2.31,1.0596,4,2.32,1.0642,1496,0
SPY190807P287,2019-08-05,2019-08-05 09:37:46,2.32,1.0642,70,2.3,1.055,112,2.32,1.0642,1,2.31,1.0596,1497,1
SPY190807P287,2019-08-05,2019-08-05 09:37:46,2.33,1.0688,71,2.31,1.0596,23,2.31,1.0596,4,2.32,1.0642,1496,0
SPY190807P287,2019-08-05,2019-08-05 09:37:47,2.32,1.0642,70,2.3,1.055,75,2.31,1.0596,5,2.31,1.0596,1502,0
SPY190807P287,2019-08-05,2019-08-05 09:37:47,2.32,1.0642,70,2.3,1.055,23,2.31,1.0596,5,2.31,1.0596,1502,5
SPY190807P287,2019-08-05,2019-08-05 09:37:48,2.32,1.0642,50,2.3,1.055,32,2.31,1.0596,5,2.31,1.0596,1502,0
SPY190807P287,2019-08-05,2019-08-05 09:37:48,2.32,1.0642,82,2.3,1.055,84,2.31,1.0596,5,2.31,1.0596,1502,0
SPY190807P287,2019-08-05,2019-08-05 09:37:49,2.32,1.0642,50,2.3,1.055,123,2.31,1.0596,5,2.31,1.0596,1502,0
SPY190807P287,2019-08-05,2019-08-05 09:37:49,2.31,1.0596,50,2.3,1.055,123,2.3,1.055,1,2.305,1.0573,1503,1
SPY190807P287,2019-08-05,2019-08-05 09:37:50,2.31,1.0596,50,2.28,1.0458,125,2.3,1.055,1,2.295,1.0527,1503,0
SPY190807P287,2019-08-05,2019-08-05 09:37:50,2.31,1.0596,50,2.29,1.0504,138,2.3,1.055,1,2.3,1.055,1503,0
SPY190807P287,2019-08-05,2019-08-05 09:37:51,2.31,1.0596,50,2.29,1.0504,138,2.3,1.055,1,2.3,1.055,1503,0
SPY190807P287,2019-08-05,2019-08-05 09:37:51,2.32,1.0642,12,2.3,1.055,147,2.3,1.055,1,2.31,1.0596,1503,0
SPY190807P287,2019-08-05,2019-08-05 09:37:52,2.32,1.0642,12,2.31,1.0596,82,2.3,1.055,1,2.315,1.0619,1503,0
SPY190807P287,2019-08-05,2019-08-05 09:37:52,2.32,1.0642,12,2.31,1.0596,95,2.3,1.055,1,2.315,1.0619,1503,0
SPY190807P287,2019-08-05,2019-08-05 09:37:53,2.32,1.0642,12,2.31,1.0596,95,2.3,1.055,1,2.315,1.0619,1503,0
SPY190807P287,2019-08-05,2019-08-05 09:37:53,2.35,1.0779,51,2.32,1.0642,145,2.32,1.0642,1,2.335,1.0711,1504,1
SPY190807P287,2019-08-05,2019-08-05 09:37:54,2.34,1.0733,5,2.31,1.0596,73,2.32,1.0642,1,2.325,1.0665,1504,0
SPY190807P287,2019-08-05,2019-08-05 09:37:54,2.34,1.0733,14,2.32,1.0642,88,2.32,1.0642,1,2.33,1.0688,1504,0
SPY190807P287,2019-08-05,2019-08-05 09:37:55,2.34,1.0733,141,2.31,1.0596,38,2.32,1.0642,1,2.325,1.0665,1504,0
SPY190807P287,2019-08-05,2019-08-05 09:37:55,2.33,1.0688,20,2.31,1.0596,23,2.33,1.0688,1,2.32,1.0642,1505,1
SPY190807P287,2019-08-05,2019-08-05 09:37:56,2.34,1.0733,65,2.31,1.0596,193,2.33,1.0688,1,2.325,1.0665,1505,0
SPY190807P287,2019-08-05,2019-08-05 09:37:56,2.34,1.0733,141,2.3,1.055,167,2.33,1.0688,1,2.32,1.0642,1505,0
SPY190807P287,2019-08-05,2019-08-05 09:37:57,2.34,1.0733,59,2.31,1.0596,155,2.33,1.0688,1,2.325,1.0665,1505,0
SPY190807P287,2019-08-05,2019-08-05 09:37:57,2.34,1.0733,58,2.31,1.0596,167,2.33,1.0688,1,2.325,1.0665,1505,0
SPY190807P287,2019-08-05,2019-08-05 09:37:58,2.34,1.0733,58,2.31,1.0596,167,2.33,1.0688,1,2.325,1.0665,1505,0
SPY190807P287,2019-08-05,2019-08-05 09:37:58,2.35,1.0779,73,2.32,1.0642,139,2.33,1.0688,1,2.335,1.0711,1505,0
SPY190807P287,2019-08-05,2019-08-05 09:37:59,2.34,1.0733,15,2.32,1.0642,4,2.33,1.0688,1,2.33,1.0688,1505,0
SPY190807P287,2019-08-05,2019-08-05 09:37:59,2.35,1.0779,61,2.32,1.0642,53,2.33,1.0688,1,2.335,1.0711,1505,0
SPY190807P287,2019-08-05,2019-08-05 09:38:00,2.34,1.0733,75,2.32,1.0642,4,2.33,1.0688,1,2.33,1.0688,1505,0
SPY190807P287,2019-08-05,2019-08-05 09:38:01,2.33,1.0688,90,2.31,1.0596,2,2.32,1.0642,4,2.32,1.0642,1509,0
SPY190807P287,2019-08-05,2019-08-05 09:38:01,2.33,1.0688,53,2.31,1.0596,2,2.32,1.0642,4,2.32,1.0642,1509,4
SPY190807P287,2019-08-05,2019-08-05 09:38:02,2.32,1.0642,12,2.31,1.0596,2,2.32,1.0642,4,2.315,1.0619,1509,0
SPY190807P287,2019-08-05,2019-08-05 09:38:02,2.33,1.0688,76,2.31,1.0596,2,2.32,1.0642,4,2.32,1.0642,1509,0
SPY190807P287,2019-08-05,2019-08-05 09:38:03,2.33,1.0688,75,2.31,1.0596,2,2.32,1.0642,4,2.32,1.0642,1509,0
SPY190807P287,2019-08-05,2019-08-05 09:38:03,2.34,1.0733,62,2.32,1.0642,17,2.32,1.0642,4,2.33,1.0688,1509,0
SPY190807P287,2019-08-05,2019-08-05 09:38:04,2.34,1.0733,62,2.32,1.0642,17,2.32,1.0642,4,2.33,1.0688,1509,0
SPY190807P287,2019-08-05,2019-08-05 09:38:05,2.34,1.0733,114,2.31,1.0596,2,2.32,1.0642,4,2.325,1.0665,1509,0
SPY190807P287,2019-08-05,2019-08-05 09:38:05,2.34,1.0733,70,2.31,1.0596,44,2.32,1.0642,4,2.325,1.0665,1509,0
SPY190807P287,2019-08-05,2019-08-05 09:38:06,2.33,1.0688,375,2.31,1.0596,2,2.32,1.0642,4,2.32,1.0642,1509,0
SPY190807P287,2019-08-05,2019-08-05 09:38:06,2.33,1.0688,17,2.31,1.0596,2,2.31,1.0596,2,2.32,1.0642,1511,2
SPY190807P287,2019-08-05,2019-08-05 09:38:07,2.31,1.0596,468,2.28,1.0458,1,2.3,1.055,2,2.295,1.0527,1513,2
SPY190807P287,2019-08-05,2019-08-05 09:38:07,2.31,1.0596,473,2.28,1.0458,1,2.3,1.055,2,2.295,1.0527,1513,0
SPY190807P287,2019-08-05,2019-08-05 09:38:08,2.29,1.0504,360,2.25,1.0321,123,2.28,1.0458,1,2.27,1.0412,1514,1
SPY190807P287,2019-08-05,2019-08-05 09:38:08,2.29,1.0504,473,2.24,1.0275,50,2.28,1.0458,1,2.265,1.0389,1514,0
SPY190807P287,2019-08-05,2019-08-05 09:38:09,2.27,1.0412,50,2.24,1.0275,82,2.27,1.0412,1,2.255,1.0344,1515,0
SPY190807P287,2019-08-05,2019-08-05 09:38:09,2.27,1.0412,50,2.24,1.0275,100,2.27,1.0412,1,2.255,1.0344,1515,1
SPY190807P287,2019-08-05,2019-08-05 09:38:10,2.27,1.0412,50,2.24,1.0275,99,2.26,1.0366,2,2.255,1.0344,1517,2
SPY190807P287,2019-08-05,2019-08-05 09:38:10,2.27,1.0412,3,2.22,1.0183,42,2.26,1.0366,2,2.245,1.0298,1517,0
SPY190807P287,2019-08-05,2019-08-05 09:38:11,2.25,1.0321,165,2.21,1.0137,155,2.26,1.0366,2,2.23,1.0229,1517,0
SPY190807P287,2019-08-05,2019-08-05 09:38:11,2.25,1.0321,155,2.21,1.0137,155,2.26,1.0366,2,2.23,1.0229,1517,0
SPY190807P287,2019-08-05,2019-08-05 09:38:12,2.25,1.0321,155,2.21,1.0137,155,2.26,1.0366,2,2.23,1.0229,1517,0
SPY190807P287,2019-08-05,2019-08-05 09:38:12,2.27,1.0412,513,2.23,1.0229,100,2.26,1.0366,2,2.25,1.0321,1517,0
SPY190807P287,2019-08-05,2019-08-05 09:38:13,2.25,1.0321,166,2.21,1.0137,171,2.26,1.0366,2,2.23,1.0229,1517,0
SPY190807P287,2019-08-05,2019-08-05 09:38:13,2.26,1.0366,92,2.22,1.0183,73,2.26,1.0366,2,2.24,1.0275,1517,0
SPY190807P287,2019-08-05,2019-08-05 09:38:14,2.25,1.0321,526,2.21,1.0137,138,2.26,1.0366,2,2.23,1.0229,1517,0
SPY190807P287,2019-08-05,2019-08-05 09:38:14,2.24,1.0275,5,2.21,1.0137,110,2.26,1.0366,2,2.225,1.0206,1517,0
SPY190807P287,2019-08-05,2019-08-05 09:38:15,2.24,1.0275,483,2.2,1.0091,127,2.26,1.0366,2,2.22,1.0183,1517,0
SPY190807P287,2019-08-05,2019-08-05 09:38:16,2.23,1.0229,58,2.2,1.0091,166,2.26,1.0366,2,2.215,1.016,1517,0
SPY190807P287,2019-08-05,2019-08-05 09:38:17,2.25,1.0321,20,2.23,1.0229,1,2.26,1.0366,2,2.24,1.0275,1517,0
SPY190807P287,2019-08-05,2019-08-05 09:38:18,2.25,1.0321,8,2.23,1.0229,1,2.26,1.0366,2,2.24,1.0275,1517,0
SPY190807P287,2019-08-05,2019-08-05 09:38:18,2.25,1.0321,8,2.23,1.0229,50,2.26,1.0366,2,2.24,1.0275,1517,0
SPY190807P287,2019-08-05,2019-08-05 09:38:19,2.25,1.0321,11,2.24,1.0275,3,2.26,1.0366,2,2.245,1.0298,1517,0
SPY190807P287,2019-08-05,2019-08-05 09:38:19,2.26,1.0366,158,2.23,1.0229,1,2.26,1.0366,2,2.245,1.0298,1517,0
SPY190807P287,2019-08-05,2019-08-05 09:38:20,2.25,1.0321,11,2.24,1.0275,3,2.26,1.0366,2,2.245,1.0298,1517,0
SPY190807P287,2019-08-05,2019-08-05 09:38:20,2.24,1.0275,15,2.23,1.0229,1,2.24,1.0275,3,2.235,1.0252,1520,3
SPY190807P287,2019-08-05,2019-08-05 09:38:21,2.25,1.0321,135,2.23,1.0229,1,2.24,1.0275,3,2.24,1.0275,1520,0
SPY190807P287,2019-08-05,2019-08-05 09:38:21,2.25,1.0321,397,2.23,1.0229,1,2.24,1.0275,3,2.24,1.0275,1520,0
SPY190807P287,2019-08-05,2019-08-05 09:38:22,2.25,1.0321,405,2.23,1.0229,1,2.24,1.0275,3,2.24,1.0275,1520,0
SPY190807P287,2019-08-05,2019-08-05 09:38:23,2.25,1.0321,115,2.23,1.0229,1,2.24,1.0275,3,2.24,1.0275,1520,0
SPY190807P287,2019-08-05,2019-08-05 09:38:23,2.24,1.0275,65,2.23,1.0229,1,2.24,1.0275,3,2.235,1.0252,1520,0
SPY190807P287,2019-08-05,2019-08-05 09:38:24,2.24,1.0275,158,2.23,1.0229,1,2.23,1.0229,10,2.235,1.0252,1530,10
SPY190807P287,2019-08-05,2019-08-05 09:38:24,2.24,1.0275,158,2.23,1.0229,1,2.24,1.0275,3,2.235,1.0252,1520,0
SPY190807P287,2019-08-05,2019-08-05 09:38:25,2.23,1.0229,15,2.2,1.0091,162,2.23,1.0229,1,2.215,1.016,1531,0
SPY190807P287,2019-08-05,2019-08-05 09:38:25,2.23,1.0229,15,2.2,1.0091,162,2.23,1.0229,1,2.215,1.016,1531,1
SPY190807P287,2019-08-05,2019-08-05 09:38:26,2.24,1.0275,11,2.21,1.0137,5,2.23,1.0229,1,2.225,1.0206,1531,0
SPY190807P287,2019-08-05,2019-08-05 09:38:26,2.23,1.0229,15,2.21,1.0137,5,2.23,1.0229,1,2.22,1.0183,1531,0
SPY190807P287,2019-08-05,2019-08-05 09:38:27,2.24,1.0275,368,2.21,1.0137,5,2.23,1.0229,1,2.225,1.0206,1531,0
SPY190807P287,2019-08-05,2019-08-05 09:38:27,2.23,1.0229,15,2.21,1.0137,5,2.23,1.0229,1,2.22,1.0183,1531,0
SPY190807P287,2019-08-05,2019-08-05 09:38:28,2.22,1.0183,8,2.2,1.0091,108,2.23,1.0229,1,2.21,1.0137,1531,0
SPY190807P287,2019-08-05,2019-08-05 09:38:28,2.23,1.0229,447,2.2,1.0091,62,2.23,1.0229,1,2.215,1.016,1531,0
SPY190807P287,2019-08-05,2019-08-05 09:38:29,2.21,1.0137,11,2.2,1.0091,62,2.23,1.0229,1,2.205,1.0114,1532,0
SPY190807P287,2019-08-05,2019-08-05 09:38:29,2.22,1.0183,8,2.2,1.0091,62,2.23,1.0229,1,2.21,1.0137,1532,1
SPY190807P287,2019-08-05,2019-08-05 09:38:30,2.21,1.0137,11,2.21,1.0137,90,2.23,1.0229,1,2.21,1.0137,1532,0
SPY190807P287,2019-08-05,2019-08-05 09:38:30,2.21,1.0137,11,2.2,1.0091,5,2.23,1.0229,1,2.205,1.0114,1532,0
SPY190807P287,2019-08-05,2019-08-05 09:38:31,2.21,1.0137,11,2.21,1.0137,23,2.23,1.0229,1,2.21,1.0137,1532,0
SPY190807P287,2019-08-05,2019-08-05 09:38:31,2.24,1.0275,65,2.21,1.0137,131,2.23,1.0229,1,2.225,1.0206,1532,0
SPY190807P287,2019-08-05,2019-08-05 09:38:32,2.24,1.0275,50,2.21,1.0137,131,2.23,1.0229,1,2.225,1.0206,1532,0
SPY190807P287,2019-08-05,2019-08-05 09:38:32,2.24,1.0275,50,2.21,1.0137,183,2.22,1.0183,5,2.225,1.0206,1537,5
SPY190807P287,2019-08-05,2019-08-05 09:38:33,2.25,1.0321,120,2.22,1.0183,23,2.22,1.0183,5,2.235,1.0252,1537,0
SPY190807P287,2019-08-05,2019-08-05 09:38:33,2.25,1.0321,71,2.22,1.0183,23,2.22,1.0183,5,2.235,1.0252,1537,0
SPY190807P287,2019-08-05,2019-08-05 09:38:34,2.25,1.0321,71,2.23,1.0229,64,2.25,1.0321,1,2.24,1.0275,1538,1
SPY190807P287,2019-08-05,2019-08-05 09:38:34,2.25,1.0321,71,2.23,1.0229,99,2.24,1.0275,10,2.24,1.0275,1548,10
SPY190807P287,2019-08-05,2019-08-05 09:38:35,2.25,1.0321,61,2.23,1.0229,5,2.24,1.0275,10,2.24,1.0275,1548,0
SPY190807P287,2019-08-05,2019-08-05 09:38:35,2.25,1.0321,61,2.23,1.0229,63,2.24,1.0275,10,2.24,1.0275,1548,0
SPY190807P287,2019-08-05,2019-08-05 09:38:36,2.26,1.0366,140,2.24,1.0275,51,2.24,1.0275,10,2.25,1.0321,1548,0
SPY190807P287,2019-08-05,2019-08-05 09:38:36,2.26,1.0366,99,2.24,1.0275,5,2.24,1.0275,10,2.25,1.0321,1548,0
SPY190807P287,2019-08-05,2019-08-05 09:38:37,2.26,1.0366,140,2.24,1.0275,69,2.24,1.0275,10,2.25,1.0321,1548,0
SPY190807P287,2019-08-05,2019-08-05 09:38:37,2.27,1.0412,87,2.24,1.0275,123,2.24,1.0275,10,2.255,1.0344,1548,0
SPY190807P287,2019-08-05,2019-08-05 09:38:38,2.27,1.0412,87,2.24,1.0275,126,2.24,1.0275,10,2.255,1.0344,1548,0
SPY190807P287,2019-08-05,2019-08-05 09:38:38,2.27,1.0412,78,2.24,1.0275,138,2.24,1.0275,10,2.255,1.0344,1548,0
SPY190807P287,2019-08-05,2019-08-05 09:38:39,2.27,1.0412,78,2.25,1.0321,65,2.24,1.0275,10,2.26,1.0366,1548,0
SPY190807P287,2019-08-05,2019-08-05 09:38:40,2.26,1.0366,50,2.24,1.0275,85,2.26,1.0366,3,2.25,1.0321,1551,0
SPY190807P287,2019-08-05,2019-08-05 09:38:40,2.27,1.0412,78,2.25,1.0321,65,2.26,1.0366,3,2.26,1.0366,1551,3
SPY190807P287,2019-08-05,2019-08-05 09:38:41,2.25,1.0321,92,2.23,1.0229,23,2.24,1.0275,1,2.24,1.0275,1557,6
SPY190807P287,2019-08-05,2019-08-05 09:38:41,2.26,1.0366,61,2.25,1.0321,1,2.26,1.0366,3,2.255,1.0344,1551,0
SPY190807P287,2019-08-05,2019-08-05 09:38:42,2.25,1.0321,1,2.23,1.0229,100,2.24,1.0275,2,2.24,1.0275,1559,0
SPY190807P287,2019-08-05,2019-08-05 09:38:42,2.25,1.0321,1,2.23,1.0229,131,2.24,1.0275,2,2.24,1.0275,1559,2
SPY190807P287,2019-08-05,2019-08-05 09:38:43,2.26,1.0366,50,2.24,1.0275,61,2.25,1.0321,1,2.25,1.0321,1560,1
SPY190807P287,2019-08-05,2019-08-05 09:38:44,2.26,1.0366,64,2.23,1.0229,118,2.25,1.0321,1,2.245,1.0298,1560,0
SPY190807P287,2019-08-05,2019-08-05 09:38:44,2.26,1.0366,64,2.24,1.0275,17,2.25,1.0321,1,2.25,1.0321,1560,0
SPY190807P287,2019-08-05,2019-08-05 09:38:45,2.26,1.0366,79,2.23,1.0229,136,2.25,1.0321,1,2.245,1.0298,1560,0
SPY190807P287,2019-08-05,2019-08-05 09:38:46,2.26,1.0366,86,2.24,1.0275,59,2.25,1.0321,1,2.25,1.0321,1560,0
SPY190807P287,2019-08-05,2019-08-05 09:38:46,2.26,1.0366,86,2.23,1.0229,136,2.25,1.0321,1,2.245,1.0298,1560,0
SPY190807P287,2019-08-05,2019-08-05 09:38:47,2.26,1.0366,86,2.24,1.0275,54,2.25,1.0321,1,2.25,1.0321,1560,0
SPY190807P287,2019-08-05,2019-08-05 09:38:47,2.27,1.0412,76,2.25,1.0321,19,2.25,1.0321,1,2.26,1.0366,1560,0
SPY190807P287,2019-08-05,2019-08-05 09:38:48,2.27,1.0412,76,2.24,1.0275,130,2.25,1.0321,1,2.255,1.0344,1560,0
SPY190807P287,2019-08-05,2019-08-05 09:38:48,2.27,1.0412,76,2.25,1.0321,19,2.25,1.0321,1,2.26,1.0366,1560,0
SPY190807P287,2019-08-05,2019-08-05 09:38:49,2.27,1.0412,76,2.26,1.0366,17,2.25,1.0321,1,2.265,1.0389,1560,0
SPY190807P287,2019-08-05,2019-08-05 09:38:49,2.27,1.0412,26,2.24,1.0275,130,2.25,1.0321,1,2.255,1.0344,1560,0
SPY190807P287,2019-08-05,2019-08-05 09:38:50,2.27,1.0412,50,2.25,1.0321,65,2.25,1.0321,1,2.26,1.0366,1560,0
SPY190807P287,2019-08-05,2019-08-05 09:38:50,2.27,1.0412,50,2.25,1.0321,5,2.25,1.0321,1,2.26,1.0366,1560,0
SPY190807P287,2019-08-05,2019-08-05 09:38:51,2.27,1.0412,50,2.26,1.0366,23,2.25,1.0321,1,2.265,1.0389,1560,0
SPY190807P287,2019-08-05,2019-08-05 09:38:51,2.28,1.0458,60,2.25,1.0321,84,2.25,1.0321,1,2.265,1.0389,1560,0
SPY190807P287,2019-08-05,2019-08-05 09:38:52,2.28,1.0458,92,2.25,1.0321,64,2.25,1.0321,1,2.265,1.0389,1560,0
SPY190807P287,2019-08-05,2019-08-05 09:38:52,2.28,1.0458,50,2.26,1.0366,47,2.25,1.0321,1,2.27,1.0412,1560,0
SPY190807P287,2019-08-05,2019-08-05 09:38:53,2.26,1.0366,12,2.25,1.0321,62,2.26,1.0366,55,2.255,1.0344,1657,97
SPY190807P287,2019-08-05,2019-08-05 09:38:53,2.28,1.0458,50,2.26,1.0366,70,2.25,1.0321,1,2.27,1.0412,1560,0
SPY190807P287,2019-08-05,2019-08-05 09:38:54,2.27,1.0412,50,2.25,1.0321,100,2.26,1.0366,55,2.26,1.0366,1657,0
SPY190807P287,2019-08-05,2019-08-05 09:38:55,2.27,1.0412,50,2.26,1.0366,17,2.26,1.0366,55,2.265,1.0389,1657,0
SPY190807P287,2019-08-05,2019-08-05 09:38:55,2.27,1.0412,60,2.24,1.0275,120,2.26,1.0366,55,2.255,1.0344,1657,0
SPY190807P287,2019-08-05,2019-08-05 09:38:56,2.28,1.0458,24,2.25,1.0321,17,2.26,1.0366,55,2.265,1.0389,1657,0
SPY190807P287,2019-08-05,2019-08-05 09:38:56,2.28,1.0458,50,2.25,1.0321,120,2.26,1.0366,55,2.265,1.0389,1657,0
SPY190807P287,2019-08-05,2019-08-05 09:38:57,2.27,1.0412,87,2.24,1.0275,136,2.26,1.0366,55,2.255,1.0344,1657,0
SPY190807P287,2019-08-05,2019-08-05 09:38:57,2.28,1.0458,50,2.26,1.0366,5,2.26,1.0366,55,2.27,1.0412,1657,0
SPY190807P287,2019-08-05,2019-08-05 09:38:58,2.28,1.0458,60,2.25,1.0321,121,2.26,1.0366,55,2.265,1.0389,1657,0
SPY190807P287,2019-08-05,2019-08-05 09:38:58,2.27,1.0412,60,2.25,1.0321,17,2.26,1.0366,55,2.26,1.0366,1657,0
SPY190807P287,2019-08-05,2019-08-05 09:38:59,2.28,1.0458,71,2.26,1.0366,81,2.26,1.0366,55,2.27,1.0412,1657,0
SPY190807P287,2019-08-05,2019-08-05 09:38:59,2.28,1.0458,60,2.25,1.0321,121,2.26,1.0366,55,2.265,1.0389,1657,0
SPY190807P287,2019-08-05,2019-08-05 09:39:00,2.31,1.0596,10,2.29,1.0504,128,2.31,1.0596,10,2.3,1.055,1670,10
SPY190807P287,2019-08-05,2019-08-05 09:39:00,2.3,1.055,50,2.28,1.0458,121,2.27,1.0412,1,2.29,1.0504,1660,3
SPY190807P287,2019-08-05,2019-08-05 09:39:01,2.32,1.0642,50,2.29,1.0504,128,2.31,1.0596,1,2.305,1.0573,1671,1
SPY190807P287,2019-08-05,2019-08-05 09:39:01,2.32,1.0642,19,2.31,1.0596,5,2.31,1.0596,1,2.315,1.0619,1671,0
SPY190807P287,2019-08-05,2019-08-05 09:39:02,2.33,1.0688,78,2.3,1.055,5,2.31,1.0596,1,2.315,1.0619,1671,0
SPY190807P287,2019-08-05,2019-08-05 09:39:02,2.32,1.0642,19,2.31,1.0596,5,2.31,1.0596,1,2.315,1.0619,1671,0
SPY190807P287,2019-08-05,2019-08-05 09:39:03,2.33,1.0688,60,2.3,1.055,5,2.31,1.0596,1,2.315,1.0619,1671,0
SPY190807P287,2019-08-05,2019-08-05 09:39:03,2.32,1.0642,10,2.31,1.0596,5,2.31,1.0596,1,2.315,1.0619,1671,0
SPY190807P287,2019-08-05,2019-08-05 09:39:04,2.32,1.0642,10,2.28,1.0458,129,2.31,1.0596,1,2.3,1.055,1671,0
SPY190807P287,2019-08-05,2019-08-05 09:39:04,2.32,1.0642,10,2.29,1.0504,108,2.31,1.0596,1,2.305,1.0573,1671,0
SPY190807P287,2019-08-05,2019-08-05 09:39:05,2.32,1.0642,69,2.29,1.0504,121,2.31,1.0596,1,2.305,1.0573,1671,0
SPY190807P287,2019-08-05,2019-08-05 09:39:05,2.31,1.0596,64,2.28,1.0458,121,2.31,1.0596,1,2.295,1.0527,1671,0
SPY190807P287,2019-08-05,2019-08-05 09:39:06,2.3,1.055,25,2.26,1.0366,12,2.31,1.0596,1,2.28,1.0458,1671,0
SPY190807P287,2019-08-05,2019-08-05 09:39:06,2.31,1.0596,63,2.24,1.0275,100,2.31,1.0596,1,2.275,1.0435,1671,0
SPY190807P287,2019-08-05,2019-08-05 09:39:07,2.32,1.0642,217,2.27,1.0412,136,2.3,1.055,2,2.295,1.0527,1673,2
SPY190807P287,2019-08-05,2019-08-05 09:39:07,2.3,1.055,25,2.26,1.0366,12,2.31,1.0596,1,2.28,1.0458,1671,0
SPY190807P287,2019-08-05,2019-08-05 09:39:08,2.3,1.055,63,2.28,1.0458,5,2.3,1.055,2,2.29,1.0504,1673,0
SPY190807P287,2019-08-05,2019-08-05 09:39:08,2.3,1.055,72,2.27,1.0412,108,2.3,1.055,2,2.285,1.0481,1673,0
SPY190807P287,2019-08-05,2019-08-05 09:39:09,2.29,1.0504,60,2.27,1.0412,8,2.3,1.055,2,2.28,1.0458,1673,0
SPY190807P287,2019-08-05,2019-08-05 09:39:09,2.29,1.0504,50,2.27,1.0412,100,2.3,1.055,2,2.28,1.0458,1673,0
SPY190807P287,2019-08-05,2019-08-05 09:39:10,2.29,1.0504,60,2.27,1.0412,8,2.3,1.055,2,2.28,1.0458,1673,0
SPY190807P287,2019-08-05,2019-08-05 09:39:11,2.28,1.0458,60,2.26,1.0366,105,2.3,1.055,2,2.27,1.0412,1673,0
SPY190807P287,2019-08-05,2019-08-05 09:39:11,2.28,1.0458,60,2.25,1.0321,16,2.3,1.055,2,2.265,1.0389,1673,0
SPY190807P287,2019-08-05,2019-08-05 09:39:12,2.27,1.0412,50,2.26,1.0366,25,2.3,1.055,2,2.265,1.0389,1673,0
SPY190807P287,2019-08-05,2019-08-05 09:39:12,2.27,1.0412,50,2.26,1.0366,5,2.27,1.0412,50,2.265,1.0389,1723,50
SPY190807P287,2019-08-05,2019-08-05 09:39:13,2.29,1.0504,63,2.27,1.0412,5,2.27,1.0412,50,2.28,1.0458,1723,0
SPY190807P287,2019-08-05,2019-08-05 09:39:13,2.28,1.0458,75,2.26,1.0366,5,2.27,1.0412,50,2.27,1.0412,1723,0
SPY190807P287,2019-08-05,2019-08-05 09:39:14,2.29,1.0504,63,2.27,1.0412,100,2.27,1.0412,50,2.28,1.0458,1723,0
SPY190807P287,2019-08-05,2019-08-05 09:39:14,2.3,1.055,75,2.27,1.0412,111,2.27,1.0412,50,2.285,1.0481,1723,0
SPY190807P287,2019-08-05,2019-08-05 09:39:15,2.29,1.0504,19,2.27,1.0412,111,2.27,1.0412,50,2.28,1.0458,1723,0
SPY190807P287,2019-08-05,2019-08-05 09:39:15,2.29,1.0504,75,2.27,1.0412,5,2.27,1.0412,50,2.28,1.0458,1723,0
SPY190807P287,2019-08-05,2019-08-05 09:39:16,2.3,1.055,63,2.27,1.0412,5,2.27,1.0412,50,2.285,1.0481,1723,0
SPY190807P287,2019-08-05,2019-08-05 09:39:16,2.31,1.0596,75,2.28,1.0458,257,2.27,1.0412,50,2.295,1.0527,1723,0
SPY190807P287,2019-08-05,2019-08-05 09:39:17,2.29,1.0504,75,2.26,1.0366,128,2.27,1.0412,50,2.275,1.0435,1723,0
SPY190807P287,2019-08-05,2019-08-05 09:39:17,2.29,1.0504,13,2.28,1.0458,89,2.27,1.0412,50,2.285,1.0481,1723,0
SPY190807P287,2019-08-05,2019-08-05 09:39:18,2.3,1.055,75,2.27,1.0412,71,2.27,1.0412,50,2.285,1.0481,1723,0
SPY190807P287,2019-08-05,2019-08-05 09:39:18,2.29,1.0504,75,2.27,1.0412,5,2.27,1.0412,50,2.28,1.0458,1723,0
SPY190807P287,2019-08-05,2019-08-05 09:39:19,2.29,1.0504,15,2.27,1.0412,82,2.27,1.0412,50,2.28,1.0458,1723,0
SPY190807P287,2019-08-05,2019-08-05 09:39:19,2.29,1.0504,70,2.27,1.0412,82,2.27,1.0412,50,2.28,1.0458,1723,0
SPY190807P287,2019-08-05,2019-08-05 09:39:20,2.3,1.055,75,2.28,1.0458,5,2.27,1.0412,50,2.29,1.0504,1723,0
SPY190807P287,2019-08-05,2019-08-05 09:39:21,2.29,1.0504,59,2.27,1.0412,143,2.27,1.0412,50,2.28,1.0458,1723,0
SPY190807P287,2019-08-05,2019-08-05 09:39:21,2.3,1.055,75,2.28,1.0458,5,2.27,1.0412,50,2.29,1.0504,1723,0
SPY190807P287,2019-08-05,2019-08-05 09:39:22,2.3,1.055,75,2.28,1.0458,81,2.27,1.0412,50,2.29,1.0504,1723,0
SPY190807P287,2019-08-05,2019-08-05 09:39:23,2.32,1.0642,9,2.29,1.0504,5,2.27,1.0412,50,2.305,1.0573,1723,0
SPY190807P287,2019-08-05,2019-08-05 09:39:23,2.32,1.0642,9,2.29,1.0504,84,2.27,1.0412,50,2.305,1.0573,1723,0
SPY190807P287,2019-08-05,2019-08-05 09:39:24,2.32,1.0642,73,2.29,1.0504,58,2.27,1.0412,50,2.305,1.0573,1723,0
SPY190807P287,2019-08-05,2019-08-05 09:39:24,2.32,1.0642,61,2.29,1.0504,27,2.27,1.0412,50,2.305,1.0573,1723,0
SPY190807P287,2019-08-05,2019-08-05 09:39:25,2.31,1.0596,13,2.29,1.0504,63,2.27,1.0412,50,2.3,1.055,1723,0
SPY190807P287,2019-08-05,2019-08-05 09:39:25,2.31,1.0596,13,2.29,1.0504,78,2.27,1.0412,50,2.3,1.055,1723,0
SPY190807P287,2019-08-05,2019-08-05 09:39:26,2.32,1.0642,60,2.3,1.055,54,2.27,1.0412,50,2.31,1.0596,1723,0
SPY190807P287,2019-08-05,2019-08-05 09:39:26,2.32,1.0642,75,2.3,1.055,13,2.27,1.0412,50,2.31,1.0596,1723,0
SPY190807P287,2019-08-05,2019-08-05 09:39:27,2.32,1.0642,60,2.29,1.0504,156,2.27,1.0412,50,2.305,1.0573,1723,0
SPY190807P287,2019-08-05,2019-08-05 09:39:27,2.32,1.0642,60,2.29,1.0504,133,2.31,1.0596,1,2.305,1.0573,1724,1
SPY190807P287,2019-08-05,2019-08-05 09:39:28,2.33,1.0688,75,2.3,1.055,124,2.31,1.0596,1,2.315,1.0619,1724,0
SPY190807P287,2019-08-05,2019-08-05 09:39:28,2.33,1.0688,62,2.3,1.055,96,2.31,1.0596,1,2.315,1.0619,1724,0
SPY190807P287,2019-08-05,2019-08-05 09:39:29,2.33,1.0688,75,2.3,1.055,167,2.31,1.0596,1,2.315,1.0619,1724,0
SPY190807P287,2019-08-05,2019-08-05 09:39:30,2.33,1.0688,75,2.31,1.0596,100,2.31,1.0596,1,2.32,1.0642,1724,0
SPY190807P287,2019-08-05,2019-08-05 09:39:30,2.33,1.0688,69,2.31,1.0596,136,2.31,1.0596,1,2.32,1.0642,1724,0
SPY190807P287,2019-08-05,2019-08-05 09:39:31,2.34,1.0733,75,2.32,1.0642,81,2.31,1.0596,1,2.33,1.0688,1724,0
SPY190807P287,2019-08-05,2019-08-05 09:39:32,2.34,1.0733,75,2.32,1.0642,81,2.31,1.0596,1,2.33,1.0688,1724,0
SPY190807P287,2019-08-05,2019-08-05 09:39:33,2.34,1.0733,75,2.32,1.0642,64,2.31,1.0596,1,2.33,1.0688,1724,0
SPY190807P287,2019-08-05,2019-08-05 09:39:33,2.35,1.0779,65,2.32,1.0642,35,2.31,1.0596,1,2.335,1.0711,1724,0
SPY190807P287,2019-08-05,2019-08-05 09:39:34,2.34,1.0733,60,2.31,1.0596,125,2.31,1.0596,1,2.325,1.0665,1724,0
SPY190807P287,2019-08-05,2019-08-05 09:39:35,2.34,1.0733,59,2.32,1.0642,92,2.31,1.0596,1,2.33,1.0688,1724,0
SPY190807P287,2019-08-05,2019-08-05 09:39:35,2.34,1.0733,60,2.32,1.0642,107,2.34,1.0733,2,2.33,1.0688,1726,2
SPY190807P287,2019-08-05,2019-08-05 09:39:36,2.35,1.0779,61,2.33,1.0688,94,2.34,1.0733,2,2.34,1.0733,1726,0
SPY190807P287,2019-08-05,2019-08-05 09:39:37,2.35,1.0779,61,2.33,1.0688,94,2.34,1.0733,2,2.34,1.0733,1726,0
SPY190807P287,2019-08-05,2019-08-05 09:39:38,2.33,1.0688,12,2.31,1.0596,25,2.34,1.0733,2,2.32,1.0642,1728,0
SPY190807P287,2019-08-05,2019-08-05 09:39:38,2.34,1.0733,62,2.31,1.0596,147,2.34,1.0733,2,2.325,1.0665,1728,2
SPY190807P287,2019-08-05,2019-08-05 09:39:39,2.35,1.0779,73,2.33,1.0688,87,2.34,1.0733,2,2.34,1.0733,1728,0
SPY190807P287,2019-08-05,2019-08-05 09:39:39,2.35,1.0779,73,2.32,1.0642,133,2.34,1.0733,2,2.335,1.0711,1728,0
SPY190807P287,2019-08-05,2019-08-05 09:39:40,2.35,1.0779,73,2.33,1.0688,92,2.34,1.0733,2,2.34,1.0733,1728,0
SPY190807P287,2019-08-05,2019-08-05 09:39:40,2.34,1.0733,60,2.32,1.0642,148,2.34,1.0733,2,2.33,1.0688,1728,0
SPY190807P287,2019-08-05,2019-08-05 09:39:41,2.35,1.0779,11,2.31,1.0596,31,2.34,1.0733,2,2.33,1.0688,1728,0
SPY190807P287,2019-08-05,2019-08-05 09:39:41,2.34,1.0733,73,2.31,1.0596,108,2.34,1.0733,2,2.325,1.0665,1728,0
SPY190807P287,2019-08-05,2019-08-05 09:39:42,2.31,1.0596,75,2.29,1.0504,132,2.34,1.0733,2,2.3,1.055,1728,0
SPY190807P287,2019-08-05,2019-08-05 09:39:42,2.31,1.0596,64,2.29,1.0504,125,2.34,1.0733,2,2.3,1.055,1728,0
SPY190807P287,2019-08-05,2019-08-05 09:39:43,2.31,1.0596,50,2.29,1.0504,156,2.34,1.0733,2,2.3,1.055,1728,0
SPY190807P287,2019-08-05,2019-08-05 09:39:43,2.31,1.0596,50,2.29,1.0504,132,2.34,1.0733,2,2.3,1.055,1728,0
SPY190807P287,2019-08-05,2019-08-05 09:39:44,2.31,1.0596,21,2.29,1.0504,161,2.34,1.0733,2,2.3,1.055,1728,0
SPY190807P287,2019-08-05,2019-08-05 09:39:44,2.31,1.0596,50,2.29,1.0504,156,2.34,1.0733,2,2.3,1.055,1728,0
SPY190807P287,2019-08-05,2019-08-05 09:39:45,2.32,1.0642,75,2.29,1.0504,25,2.31,1.0596,1,2.305,1.0573,1732,4
SPY190807P287,2019-08-05,2019-08-05 09:39:45,2.31,1.0596,21,2.29,1.0504,146,2.34,1.0733,2,2.3,1.055,1728,0
SPY190807P287,2019-08-05,2019-08-05 09:39:46,2.31,1.0596,75,2.27,1.0412,125,2.31,1.0596,1,2.29,1.0504,1732,0
SPY190807P287,2019-08-05,2019-08-05 09:39:47,2.29,1.0504,13,2.27,1.0412,164,2.31,1.0596,1,2.28,1.0458,1732,0
SPY190807P287,2019-08-05,2019-08-05 09:39:47,2.29,1.0504,13,2.27,1.0412,140,2.31,1.0596,1,2.28,1.0458,1732,0
SPY190807P287,2019-08-05,2019-08-05 09:39:48,2.29,1.0504,50,2.27,1.0412,164,2.31,1.0596,1,2.28,1.0458,1732,0
SPY190807P287,2019-08-05,2019-08-05 09:39:48,2.27,1.0412,63,2.23,1.0229,75,2.31,1.0596,1,2.25,1.0321,1732,0
SPY190807P287,2019-08-05,2019-08-05 09:39:49,2.27,1.0412,63,2.24,1.0275,24,2.27,1.0412,1,2.255,1.0344,1733,1
SPY190807P287,2019-08-05,2019-08-05 09:39:49,2.27,1.0412,75,2.25,1.0321,50,2.27,1.0412,1,2.26,1.0366,1733,0
SPY190807P287,2019-08-05,2019-08-05 09:39:50,2.26,1.0366,25,2.25,1.0321,77,2.26,1.0366,1,2.255,1.0344,1742,9
SPY190807P287,2019-08-05,2019-08-05 09:39:50,2.27,1.0412,75,2.25,1.0321,77,2.26,1.0366,1,2.26,1.0366,1742,0
SPY190807P287,2019-08-05,2019-08-05 09:39:51,2.26,1.0366,71,2.22,1.0183,73,2.25,1.0321,10,2.24,1.0275,1753,10
SPY190807P287,2019-08-05,2019-08-05 09:39:51,2.27,1.0412,75,2.24,1.0275,121,2.26,1.0366,1,2.255,1.0344,1743,1
SPY190807P287,2019-08-05,2019-08-05 09:39:52,2.25,1.0321,71,2.21,1.0137,50,2.25,1.0321,10,2.23,1.0229,1753,0
SPY190807P287,2019-08-05,2019-08-05 09:39:52,2.26,1.0366,71,2.23,1.0229,100,2.25,1.0321,10,2.245,1.0298,1753,0
SPY190807P287,2019-08-05,2019-08-05 09:39:53,2.25,1.0321,71,2.21,1.0137,90,2.25,1.0321,10,2.23,1.0229,1753,0
SPY190807P287,2019-08-05,2019-08-05 09:39:53,2.26,1.0366,71,2.23,1.0229,113,2.25,1.0321,10,2.245,1.0298,1753,0
SPY190807P287,2019-08-05,2019-08-05 09:39:54,2.24,1.0275,13,2.22,1.0183,132,2.25,1.0321,10,2.23,1.0229,1753,0
SPY190807P287,2019-08-05,2019-08-05 09:39:55,2.24,1.0275,75,2.21,1.0137,130,2.22,1.0183,1,2.225,1.0206,1754,1
SPY190807P287,2019-08-05,2019-08-05 09:39:55,2.24,1.0275,75,2.22,1.0183,132,2.25,1.0321,10,2.23,1.0229,1753,0
SPY190807P287,2019-08-05,2019-08-05 09:39:56,2.23,1.0229,17,2.2,1.0091,62,2.21,1.0137,34,2.215,1.016,1886,132
SPY190807P287,2019-08-05,2019-08-05 09:39:56,2.22,1.0183,75,2.2,1.0091,1,2.22,1.0183,2,2.21,1.0137,1888,2
SPY190807P287,2019-08-05,2019-08-05 09:39:57,2.21,1.0137,1,2.2,1.0091,5,2.22,1.0183,2,2.205,1.0114,1888,0
SPY190807P287,2019-08-05,2019-08-05 09:39:57,2.22,1.0183,75,2.2,1.0091,5,2.21,1.0137,1,2.21,1.0137,1889,1
SPY190807P287,2019-08-05,2019-08-05 09:39:58,2.21,1.0137,75,2.19,1.0045,47,2.2,1.0091,1,2.2,1.0091,1890,0
SPY190807P287,2019-08-05,2019-08-05 09:39:58,2.22,1.0183,5,2.19,1.0045,47,2.2,1.0091,1,2.205,1.0114,1890,1
SPY190807P287,2019-08-05,2019-08-05 09:39:59,2.2,1.0091,63,2.19,1.0045,47,2.2,1.0091,1,2.195,1.0068,1890,0
SPY190807P287,2019-08-05,2019-08-05 09:39:59,2.19,1.0045,50,2.17,0.9954,108,2.19,1.0045,1,2.18,1.0,1891,1
SPY190807P287,2019-08-05,2019-08-05 09:40:00,2.19,1.0045,50,2.17,0.9954,5,2.19,1.0045,1,2.18,1.0,1891,0
SPY190807P287,2019-08-05,2019-08-05 09:40:00,2.19,1.0045,59,2.18,1.0,5,2.19,1.0045,1,2.185,1.0022,1891,0
SPY190807P287,2019-08-05,2019-08-05 09:40:01,2.19,1.0045,59,2.18,1.0,1,2.18,1.0,5,2.185,1.0022,1896,5
SPY190807P287,2019-08-05,2019-08-05 09:40:01,2.19,1.0045,50,2.18,1.0,77,2.18,1.0,5,2.185,1.0022,1896,0
SPY190807P287,2019-08-05,2019-08-05 09:40:02,2.2,1.0091,75,2.18,1.0,152,2.18,1.0,5,2.19,1.0045,1896,0
SPY190807P287,2019-08-05,2019-08-05 09:40:02,2.19,1.0045,50,2.18,1.0,115,2.18,1.0,5,2.185,1.0022,1896,0
SPY190807P287,2019-08-05,2019-08-05 09:40:03,2.21,1.0137,60,2.19,1.0045,5,2.18,1.0,5,2.2,1.0091,1896,0
SPY190807P287,2019-08-05,2019-08-05 09:40:03,2.21,1.0137,61,2.19,1.0045,5,2.18,1.0,5,2.2,1.0091,1896,0
SPY190807P287,2019-08-05,2019-08-05 09:40:04,2.22,1.0183,72,2.2,1.0091,19,2.18,1.0,5,2.21,1.0137,1896,0
SPY190807P287,2019-08-05,2019-08-05 09:40:04,2.22,1.0183,72,2.19,1.0045,5,2.18,1.0,5,2.205,1.0114,1896,0
SPY190807P287,2019-08-05,2019-08-05 09:40:05,2.22,1.0183,63,2.2,1.0091,130,2.18,1.0,5,2.21,1.0137,1896,0
SPY190807P287,2019-08-05,2019-08-05 09:40:05,2.22,1.0183,63,2.2,1.0091,19,2.18,1.0,5,2.21,1.0137,1896,0
SPY190807P287,2019-08-05,2019-08-05 09:40:06,2.22,1.0183,63,2.2,1.0091,115,2.22,1.0183,2,2.21,1.0137,1898,0
SPY190807P287,2019-08-05,2019-08-05 09:40:06,2.22,1.0183,63,2.2,1.0091,115,2.22,1.0183,2,2.21,1.0137,1898,2
SPY190807P287,2019-08-05,2019-08-05 09:40:07,2.23,1.0229,75,2.21,1.0137,12,2.22,1.0183,1,2.22,1.0183,1949,1
SPY190807P287,2019-08-05,2019-08-05 09:40:07,2.22,1.0183,63,2.2,1.0091,115,2.22,1.0183,50,2.21,1.0137,1948,50
SPY190807P287,2019-08-05,2019-08-05 09:40:08,2.24,1.0275,13,2.21,1.0137,20,2.22,1.0183,1,2.225,1.0206,1949,0
SPY190807P287,2019-08-05,2019-08-05 09:40:09,2.25,1.0321,60,2.22,1.0183,19,2.22,1.0183,1,2.235,1.0252,1949,0
SPY190807P287,2019-08-05,2019-08-05 09:40:09,2.24,1.0275,50,2.22,1.0183,19,2.23,1.0229,20,2.23,1.0229,1969,20
SPY190807P287,2019-08-05,2019-08-05 09:40:10,2.25,1.0321,76,2.22,1.0183,472,2.23,1.0229,20,2.235,1.0252,1969,0
SPY190807P287,2019-08-05,2019-08-05 09:40:10,2.24,1.0275,59,2.22,1.0183,472,2.24,1.0275,10,2.23,1.0229,1979,10
SPY190807P287,2019-08-05,2019-08-05 09:40:11,2.24,1.0275,75,2.21,1.0137,149,2.24,1.0275,10,2.225,1.0206,1979,0
SPY190807P287,2019-08-05,2019-08-05 09:40:11,2.24,1.0275,67,2.22,1.0183,472,2.24,1.0275,10,2.23,1.0229,1979,0
SPY190807P287,2019-08-05,2019-08-05 09:40:12,2.25,1.0321,17,2.23,1.0229,404,2.24,1.0275,10,2.24,1.0275,1979,0
SPY190807P287,2019-08-05,2019-08-05 09:40:12,2.25,1.0321,1,2.21,1.0137,149,2.24,1.0275,10,2.23,1.0229,1979,0
SPY190807P287,2019-08-05,2019-08-05 09:40:13,2.25,1.0321,1,2.23,1.0229,74,2.24,1.0275,10,2.24,1.0275,1979,0
SPY190807P287,2019-08-05,2019-08-05 09:40:14,2.25,1.0321,26,2.23,1.0229,100,2.24,1.0275,10,2.24,1.0275,1979,0
SPY190807P287,2019-08-05,2019-08-05 09:40:14,2.29,1.0504,39,2.24,1.0275,463,2.25,1.0321,1,2.265,1.0389,1980,1
SPY190807P287,2019-08-05,2019-08-05 09:40:15,2.28,1.0458,50,2.25,1.0321,57,2.25,1.0321,1,2.265,1.0389,1980,0
SPY190807P287,2019-08-05,2019-08-05 09:40:15,2.29,1.0504,50,2.25,1.0321,12,2.25,1.0321,1,2.27,1.0412,1980,0
SPY190807P287,2019-08-05,2019-08-05 09:40:16,2.3,1.055,50,2.27,1.0412,19,2.25,1.0321,1,2.285,1.0481,1980,0
SPY190807P287,2019-08-05,2019-08-05 09:40:16,2.3,1.055,17,2.26,1.0366,18,2.25,1.0321,1,2.28,1.0458,1980,0
SPY190807P287,2019-08-05,2019-08-05 09:40:17,2.3,1.055,1,2.28,1.0458,360,2.25,1.0321,1,2.29,1.0504,1980,0
SPY190807P287,2019-08-05,2019-08-05 09:40:17,2.3,1.055,1,2.29,1.0504,110,2.3,1.055,1,2.295,1.0527,1981,1
SPY190807P287,2019-08-05,2019-08-05 09:40:18,2.33,1.0688,59,2.3,1.055,50,2.3,1.055,1,2.315,1.0619,1981,0
SPY190807P287,2019-08-05,2019-08-05 09:40:18,2.32,1.0642,55,2.29,1.0504,110,2.3,1.055,1,2.305,1.0573,1981,0
SPY190807P287,2019-08-05,2019-08-05 09:40:19,2.32,1.0642,9,2.3,1.055,468,2.3,1.055,1,2.31,1.0596,1981,0
SPY190807P287,2019-08-05,2019-08-05 09:40:19,2.32,1.0642,67,2.31,1.0596,5,2.3,1.055,1,2.315,1.0619,1981,0
SPY190807P287,2019-08-05,2019-08-05 09:40:20,2.33,1.0688,59,2.31,1.0596,468,2.3,1.055,1,2.32,1.0642,1981,0
SPY190807P287,2019-08-05,2019-08-05 09:40:20,2.32,1.0642,9,2.31,1.0596,5,2.3,1.055,1,2.315,1.0619,1981,0
SPY190807P287,2019-08-05,2019-08-05 09:40:21,2.35,1.0779,11,2.31,1.0596,468,2.3,1.055,1,2.33,1.0688,1981,0
SPY190807P287,2019-08-05,2019-08-05 09:40:21,2.34,1.0733,50,2.31,1.0596,468,2.3,1.055,1,2.325,1.0665,1981,0
SPY190807P287,2019-08-05,2019-08-05 09:40:22,2.34,1.0733,59,2.33,1.0688,5,2.34,1.0733,10,2.335,1.0711,1991,10
SPY190807P287,2019-08-05,2019-08-05 09:40:22,2.35,1.0779,86,2.33,1.0688,5,2.3,1.055,1,2.34,1.0733,1981,0
SPY190807P287,2019-08-05,2019-08-05 09:40:23,2.34,1.0733,59,2.33,1.0688,5,2.34,1.0733,10,2.335,1.0711,1991,0
SPY190807P287,2019-08-05,2019-08-05 09:40:23,2.34,1.0733,9,2.32,1.0642,465,2.34,1.0733,10,2.33,1.0688,1991,0
SPY190807P287,2019-08-05,2019-08-05 09:40:24,2.34,1.0733,9,2.32,1.0642,465,2.34,1.0733,10,2.33,1.0688,1991,0
SPY190807P287,2019-08-05,2019-08-05 09:40:24,2.34,1.0733,15,2.33,1.0688,5,2.33,1.0688,2,2.335,1.0711,1993,2
SPY190807P287,2019-08-05,2019-08-05 09:40:25,2.35,1.0779,15,2.33,1.0688,5,2.33,1.0688,2,2.34,1.0733,1993,0
SPY190807P287,2019-08-05,2019-08-05 09:40:25,2.35,1.0779,15,2.33,1.0688,465,2.33,1.0688,2,2.34,1.0733,1993,0
SPY190807P287,2019-08-05,2019-08-05 09:40:26,2.35,1.0779,11,2.33,1.0688,515,2.33,1.0688,2,2.34,1.0733,1993,0
SPY190807P287,2019-08-05,2019-08-05 09:40:26,2.35,1.0779,23,2.33,1.0688,515,2.33,1.0688,2,2.34,1.0733,1993,0
SPY190807P287,2019-08-05,2019-08-05 09:40:27,2.36,1.0825,10,2.34,1.0733,154,2.35,1.0779,11,2.35,1.0779,2004,11
SPY190807P287,2019-08-05,2019-08-05 09:40:27,2.37,1.0871,20,2.36,1.0825,1,2.36,1.0825,10,2.365,1.0848,2014,10
SPY190807P287,2019-08-05,2019-08-05 09:40:28,2.37,1.0871,20,2.36,1.0825,463,2.36,1.0825,10,2.365,1.0848,2014,0
SPY190807P287,2019-08-05,2019-08-05 09:40:28,2.37,1.0871,20,2.36,1.0825,5,2.36,1.0825,10,2.365,1.0848,2014,0
SPY190807P287,2019-08-05,2019-08-05 09:40:29,2.37,1.0871,20,2.36,1.0825,115,2.36,1.0825,10,2.365,1.0848,2014,0
SPY190807P287,2019-08-05,2019-08-05 09:40:29,2.37,1.0871,20,2.36,1.0825,5,2.36,1.0825,10,2.365,1.0848,2014,0
SPY190807P287,2019-08-05,2019-08-05 09:40:30,2.37,1.0871,20,2.36,1.0825,5,2.36,1.0825,10,2.365,1.0848,2014,0
SPY190807P287,2019-08-05,2019-08-05 09:40:30,2.37,1.0871,20,2.36,1.0825,465,2.36,1.0825,1,2.365,1.0848,2015,1
SPY190807P287,2019-08-05,2019-08-05 09:40:31,2.37,1.0871,20,2.36,1.0825,480,2.36,1.0825,1,2.365,1.0848,2015,0
SPY190807P287,2019-08-05,2019-08-05 09:40:31,2.4,1.1009,21,2.36,1.0825,480,2.37,1.0871,20,2.38,1.0917,2035,20
SPY190807P287,2019-08-05,2019-08-05 09:40:32,2.39,1.0963,12,2.37,1.0871,58,2.39,1.0963,8,2.38,1.0917,2043,8
SPY190807P287,2019-08-05,2019-08-05 09:40:32,2.4,1.1009,71,2.37,1.0871,100,2.37,1.0871,20,2.385,1.094,2035,0
SPY190807P287,2019-08-05,2019-08-05 09:40:33,2.42,1.11,50,2.39,1.0963,465,2.39,1.0963,10,2.405,1.1032,2053,0
SPY190807P287,2019-08-05,2019-08-05 09:40:33,2.39,1.0963,12,2.37,1.0871,78,2.39,1.0963,10,2.38,1.0917,2053,10
SPY190807P287,2019-08-05,2019-08-05 09:40:34,2.43,1.1146,75,2.4,1.1009,455,2.39,1.0963,10,2.415,1.1077,2053,0
SPY190807P287,2019-08-05,2019-08-05 09:40:34,2.43,1.1146,91,2.39,1.0963,5,2.39,1.0963,10,2.41,1.1055,2053,0
SPY190807P287,2019-08-05,2019-08-05 09:40:35,2.42,1.11,18,2.4,1.1009,455,2.39,1.0963,10,2.41,1.1055,2053,0
SPY190807P287,2019-08-05,2019-08-05 09:40:36,2.43,1.1146,75,2.4,1.1009,100,2.39,1.0963,10,2.415,1.1077,2053,0
SPY190807P287,2019-08-05,2019-08-05 09:40:36,2.42,1.11,18,2.4,1.1009,100,2.39,1.0963,10,2.41,1.1055,2053,0
SPY190807P287,2019-08-05,2019-08-05 09:40:37,2.4,1.1009,9,2.37,1.0871,450,2.4,1.1009,5,2.385,1.094,2058,5
SPY190807P287,2019-08-05,2019-08-05 09:40:37,2.42,1.11,61,2.39,1.0963,471,2.39,1.0963,10,2.405,1.1032,2053,0
SPY190807P287,2019-08-05,2019-08-05 09:40:38,2.39,1.0963,13,2.38,1.0917,2,2.38,1.0917,2,2.385,1.094,2061,2
SPY190807P287,2019-08-05,2019-08-05 09:40:38,2.4,1.1009,59,2.37,1.0871,449,2.4,1.1009,1,2.385,1.094,2059,1
SPY190807P287,2019-08-05,2019-08-05 09:40:39,2.39,1.0963,13,2.36,1.0825,3,2.38,1.0917,2,2.375,1.0894,2061,0
SPY190807P287,2019-08-05,2019-08-05 09:40:39,2.38,1.0917,19,2.36,1.0825,66,2.38,1.0917,2,2.37,1.0871,2061,0
SPY190807P287,2019-08-05,2019-08-05 09:40:40,2.35,1.0779,49,2.33,1.0688,425,2.35,1.0779,1,2.34,1.0733,2068,0
SPY190807P287,2019-08-05,2019-08-05 09:40:40,2.37,1.0871,128,2.32,1.0642,438,2.35,1.0779,1,2.345,1.0756,2068,7
SPY190807P287,2019-08-05,2019-08-05 09:40:41,2.35,1.0779,49,2.33,1.0688,440,2.35,1.0779,1,2.34,1.0733,2068,0
SPY190807P287,2019-08-05,2019-08-05 09:40:41,2.35,1.0779,67,2.33,1.0688,360,2.35,1.0779,1,2.34,1.0733,2068,0
SPY190807P287,2019-08-05,2019-08-05 09:40:42,2.36,1.0825,17,2.34,1.0733,360,2.35,1.0779,1,2.35,1.0779,2068,0
SPY190807P287,2019-08-05,2019-08-05 09:40:42,2.35,1.0779,50,2.32,1.0642,430,2.35,1.0779,1,2.335,1.0711,2068,0
SPY190807P287,2019-08-05,2019-08-05 09:40:43,2.35,1.0779,74,2.32,1.0642,23,2.34,1.0733,10,2.335,1.0711,2078,10
SPY190807P287,2019-08-05,2019-08-05 09:40:43,2.35,1.0779,75,2.32,1.0642,456,2.35,1.0779,1,2.335,1.0711,2068,0
SPY190807P287,2019-08-05,2019-08-05 09:40:44,2.36,1.0825,117,2.33,1.0688,412,2.34,1.0733,10,2.345,1.0756,2078,0
SPY190807P287,2019-08-05,2019-08-05 09:40:44,2.36,1.0825,75,2.33,1.0688,411,2.34,1.0733,10,2.345,1.0756,2078,0
SPY190807P287,2019-08-05,2019-08-05 09:40:45,2.36,1.0825,74,2.33,1.0688,418,2.34,1.0733,10,2.345,1.0756,2078,0
SPY190807P287,2019-08-05,2019-08-05 09:40:45,2.36,1.0825,61,2.33,1.0688,412,2.34,1.0733,10,2.345,1.0756,2078,0
SPY190807P287,2019-08-05,2019-08-05 09:40:46,2.35,1.0779,65,2.33,1.0688,470,2.34,1.0733,10,2.34,1.0733,2078,0
SPY190807P287,2019-08-05,2019-08-05 09:40:47,2.34,1.0733,8,2.32,1.0642,465,2.34,1.0733,10,2.33,1.0688,2078,0
SPY190807P287,2019-08-05,2019-08-05 09:40:47,2.34,1.0733,61,2.32,1.0642,465,2.34,1.0733,10,2.33,1.0688,2078,0
SPY190807P287,2019-08-05,2019-08-05 09:40:48,2.34,1.0733,5,2.27,1.0412,75,2.32,1.0642,12,2.305,1.0573,2090,0
SPY190807P287,2019-08-05,2019-08-05 09:40:48,2.34,1.0733,55,2.31,1.0596,465,2.32,1.0642,12,2.325,1.0665,2090,12
SPY190807P287,2019-08-05,2019-08-05 09:40:49,2.34,1.0733,125,2.27,1.0412,75,2.32,1.0642,12,2.305,1.0573,2090,0
SPY190807P287,2019-08-05,2019-08-05 09:40:49,2.32,1.0642,118,2.29,1.0504,439,2.32,1.0642,12,2.305,1.0573,2090,0
SPY190807P287,2019-08-05,2019-08-05 09:40:50,2.31,1.0596,69,2.29,1.0504,360,2.32,1.0642,12,2.3,1.055,2090,0
SPY190807P287,2019-08-05,2019-08-05 09:40:50,2.31,1.0596,74,2.29,1.0504,360,2.32,1.0642,12,2.3,1.055,2090,0
SPY190807P287,2019-08-05,2019-08-05 09:40:51,2.32,1.0642,50,2.3,1.055,68,2.32,1.0642,12,2.31,1.0596,2090,0
SPY190807P287,2019-08-05,2019-08-05 09:40:51,2.32,1.0642,60,2.3,1.055,401,2.32,1.0642,12,2.31,1.0596,2090,0
SPY190807P287,2019-08-05,2019-08-05 09:40:52,2.32,1.0642,60,2.3,1.055,58,2.32,1.0642,12,2.31,1.0596,2090,0
SPY190807P287,2019-08-05,2019-08-05 09:40:52,2.32,1.0642,70,2.3,1.055,403,2.32,1.0642,12,2.31,1.0596,2090,0
SPY190807P287,2019-08-05,2019-08-05 09:40:53,2.32,1.0642,60,2.29,1.0504,55,2.32,1.0642,12,2.305,1.0573,2090,0
SPY190807P287,2019-08-05,2019-08-05 09:40:53,2.32,1.0642,70,2.29,1.0504,12,2.32,1.0642,12,2.305,1.0573,2090,0
SPY190807P287,2019-08-05,2019-08-05 09:40:54,2.3,1.055,97,2.27,1.0412,365,2.32,1.0642,12,2.285,1.0481,2090,0
SPY190807P287,2019-08-05,2019-08-05 09:40:54,2.31,1.0596,113,2.27,1.0412,467,2.32,1.0642,12,2.29,1.0504,2090,0
SPY190807P287,2019-08-05,2019-08-05 09:40:55,2.32,1.0642,50,2.29,1.0504,360,2.32,1.0642,12,2.305,1.0573,2090,0
SPY190807P287,2019-08-05,2019-08-05 09:40:55,2.32,1.0642,113,2.29,1.0504,360,2.32,1.0642,12,2.305,1.0573,2090,0
SPY190807P287,2019-08-05,2019-08-05 09:40:56,2.33,1.0688,50,2.3,1.055,424,2.32,1.0642,12,2.315,1.0619,2090,0
SPY190807P287,2019-08-05,2019-08-05 09:40:57,2.33,1.0688,50,2.3,1.055,478,2.32,1.0642,12,2.315,1.0619,2090,0
SPY190807P287,2019-08-05,2019-08-05 09:40:57,2.34,1.0733,75,2.31,1.0596,426,2.32,1.0642,12,2.325,1.0665,2090,0
SPY190807P287,2019-08-05,2019-08-05 09:40:58,2.33,1.0688,50,2.31,1.0596,360,2.32,1.0642,12,2.32,1.0642,2090,0
SPY190807P287,2019-08-05,2019-08-05 09:40:58,2.32,1.0642,71,2.29,1.0504,362,2.32,1.0642,12,2.305,1.0573,2090,0
SPY190807P287,2019-08-05,2019-08-05 09:40:59,2.32,1.0642,75,2.3,1.055,1,2.32,1.0642,12,2.31,1.0596,2090,0
SPY190807P287,2019-08-05,2019-08-05 09:40:59,2.32,1.0642,97,2.29,1.0504,443,2.32,1.0642,12,2.305,1.0573,2090,0
SPY190807P287,2019-08-05,2019-08-05 09:41:00,2.31,1.0596,63,2.28,1.0458,465,2.3,1.055,1,2.295,1.0527,2091,1
SPY190807P287,2019-08-05,2019-08-05 09:41:00,2.32,1.0642,75,2.3,1.055,1,2.32,1.0642,12,2.31,1.0596,2090,0
SPY190807P287,2019-08-05,2019-08-05 09:41:01,2.3,1.055,1,2.29,1.0504,360,2.3,1.055,1,2.295,1.0527,2091,0
SPY190807P287,2019-08-05,2019-08-05 09:41:01,2.3,1.055,50,2.29,1.0504,360,2.3,1.055,1,2.295,1.0527,2091,0
SPY190807P287,2019-08-05,2019-08-05 09:41:02,2.3,1.055,50,2.29,1.0504,360,2.3,1.055,1,2.295,1.0527,2091,0
SPY190807P287,2019-08-05,2019-08-05 09:41:03,2.32,1.0642,59,2.31,1.0596,360,2.3,1.055,1,2.315,1.0619,2091,0
SPY190807P287,2019-08-05,2019-08-05 09:41:03,2.32,1.0642,59,2.31,1.0596,46,2.3,1.055,1,2.315,1.0619,2091,0
SPY190807P287,2019-08-05,2019-08-05 09:41:04,2.33,1.0688,64,2.31,1.0596,444,2.3,1.055,1,2.32,1.0642,2091,0
SPY190807P287,2019-08-05,2019-08-05 09:41:04,2.32,1.0642,60,2.3,1.055,421,2.3,1.055,1,2.31,1.0596,2091,0
SPY190807P287,2019-08-05,2019-08-05 09:41:05,2.32,1.0642,145,2.29,1.0504,360,2.3,1.055,1,2.305,1.0573,2091,0
SPY190807P287,2019-08-05,2019-08-05 09:41:05,2.32,1.0642,75,2.28,1.0458,114,2.3,1.055,1,2.3,1.055,2091,0
SPY190807P287,2019-08-05,2019-08-05 09:41:06,2.31,1.0596,19,2.29,1.0504,360,2.3,1.055,1,2.3,1.055,2091,0
SPY190807P287,2019-08-05,2019-08-05 09:41:07,2.31,1.0596,9,2.29,1.0504,360,2.3,1.055,1,2.3,1.055,2091,0
SPY190807P287,2019-08-05,2019-08-05 09:41:07,2.31,1.0596,64,2.29,1.0504,470,2.3,1.055,1,2.3,1.055,2091,0
SPY190807P287,2019-08-05,2019-08-05 09:41:08,2.31,1.0596,75,2.29,1.0504,152,2.3,1.055,1,2.3,1.055,2091,0
SPY190807P287,2019-08-05,2019-08-05 09:41:08,2.31,1.0596,9,2.29,1.0504,470,2.3,1.055,1,2.3,1.055,2091,0
SPY190807P287,2019-08-05,2019-08-05 09:41:09,2.29,1.0504,13,2.28,1.0458,1,2.3,1.055,1,2.285,1.0481,2091,0
SPY190807P287,2019-08-05,2019-08-05 09:41:10,2.3,1.055,55,2.28,1.0458,13,2.3,1.055,1,2.29,1.0504,2091,0
SPY190807P287,2019-08-05,2019-08-05 09:41:10,2.31,1.0596,25,2.29,1.0504,5,2.3,1.055,1,2.3,1.055,2091,0
SPY190807P287,2019-08-05,2019-08-05 09:41:11,2.31,1.0596,25,2.29,1.0504,10,2.3,1.055,1,2.3,1.055,2091,0
SPY190807P287,2019-08-05,2019-08-05 09:41:11,2.3,1.055,13,2.28,1.0458,155,2.3,1.055,1,2.29,1.0504,2091,0
SPY190807P287,2019-08-05,2019-08-05 09:41:12,2.3,1.055,75,2.28,1.0458,1,2.3,1.055,1,2.29,1.0504,2091,0
SPY190807P287,2019-08-05,2019-08-05 09:41:13,2.3,1.055,59,2.28,1.0458,1,2.3,1.055,1,2.29,1.0504,2091,0
SPY190807P287,2019-08-05,2019-08-05 09:41:13,2.3,1.055,9,2.28,1.0458,1,2.3,1.055,1,2.29,1.0504,2091,0
SPY190807P287,2019-08-05,2019-08-05 09:41:14,2.32,1.0642,50,2.29,1.0504,65,2.3,1.055,2,2.305,1.0573,2093,2
SPY190807P287,2019-08-05,2019-08-05 09:41:14,2.3,1.055,9,2.28,1.0458,100,2.3,1.055,1,2.29,1.0504,2091,0
SPY190807P287,2019-08-05,2019-08-05 09:41:15,2.31,1.0596,13,2.28,1.0458,360,2.3,1.055,2,2.295,1.0527,2093,0
SPY190807P287,2019-08-05,2019-08-05 09:41:15,2.31,1.0596,67,2.28,1.0458,155,2.3,1.055,2,2.295,1.0527,2093,0
SPY190807P287,2019-08-05,2019-08-05 09:41:16,2.31,1.0596,67,2.28,1.0458,155,2.3,1.055,2,2.295,1.0527,2093,0
SPY190807P287,2019-08-05,2019-08-05 09:41:16,2.32,1.0642,75,2.28,1.0458,35,2.3,1.055,2,2.3,1.055,2093,0
SPY190807P287,2019-08-05,2019-08-05 09:41:17,2.32,1.0642,75,2.28,1.0458,64,2.3,1.055,2,2.3,1.055,2093,0
SPY190807P287,2019-08-05,2019-08-05 09:41:17,2.3,1.055,13,2.28,1.0458,98,2.3,1.055,2,2.29,1.0504,2093,0
SPY190807P287,2019-08-05,2019-08-05 09:41:18,2.3,1.055,25,2.28,1.0458,100,2.3,1.055,1,2.29,1.0504,2094,1
SPY190807P287,2019-08-05,2019-08-05 09:41:18,2.34,1.0733,125,2.3,1.055,360,2.3,1.055,1,2.32,1.0642,2094,0
SPY190807P287,2019-08-05,2019-08-05 09:41:19,2.33,1.0688,50,2.3,1.055,360,2.3,1.055,1,2.315,1.0619,2094,0
SPY190807P287,2019-08-05,2019-08-05 09:41:19,2.33,1.0688,50,2.3,1.055,480,2.3,1.055,1,2.315,1.0619,2094,0
SPY190807P287,2019-08-05,2019-08-05 09:41:20,2.33,1.0688,75,2.3,1.055,485,2.3,1.055,1,2.315,1.0619,2094,0
SPY190807P287,2019-08-05,2019-08-05 09:41:21,2.33,1.0688,75,2.3,1.055,485,2.3,1.055,1,2.315,1.0619,2094,0
SPY190807P287,2019-08-05,2019-08-05 09:41:22,2.32,1.0642,75,2.3,1.055,485,2.33,1.0688,2,2.31,1.0596,2096,0
SPY190807P287,2019-08-05,2019-08-05 09:41:22,2.33,1.0688,75,2.3,1.055,485,2.33,1.0688,2,2.315,1.0619,2096,2
SPY190807P287,2019-08-05,2019-08-05 09:41:23,2.32,1.0642,71,2.29,1.0504,5,2.33,1.0688,2,2.305,1.0573,2096,0
SPY190807P287,2019-08-05,2019-08-05 09:41:24,2.32,1.0642,119,2.29,1.0504,360,2.33,1.0688,2,2.305,1.0573,2096,0
SPY190807P287,2019-08-05,2019-08-05 09:41:24,2.32,1.0642,75,2.29,1.0504,80,2.33,1.0688,2,2.305,1.0573,2096,0
SPY190807P287,2019-08-05,2019-08-05 09:41:25,2.31,1.0596,19,2.28,1.0458,534,2.33,1.0688,2,2.295,1.0527,2096,0
SPY190807P287,2019-08-05,2019-08-05 09:41:25,2.32,1.0642,119,2.29,1.0504,360,2.33,1.0688,2,2.305,1.0573,2096,0
SPY190807P287,2019-08-05,2019-08-05 09:41:26,2.31,1.0596,19,2.28,1.0458,287,2.33,1.0688,2,2.295,1.0527,2096,0
SPY190807P287,2019-08-05,2019-08-05 09:41:26,2.31,1.0596,71,2.28,1.0458,231,2.33,1.0688,2,2.295,1.0527,2096,0
SPY190807P287,2019-08-05,2019-08-05 09:41:27,2.3,1.055,55,2.28,1.0458,37,2.33,1.0688,2,2.29,1.0504,2096,0
SPY190807P287,2019-08-05,2019-08-05 09:41:27,2.31,1.0596,71,2.28,1.0458,231,2.33,1.0688,2,2.295,1.0527,2096,0
SPY190807P287,2019-08-05,2019-08-05 09:41:28,2.3,1.055,55,2.28,1.0458,1,2.33,1.0688,2,2.29,1.0504,2096,0
SPY190807P287,2019-08-05,2019-08-05 09:41:28,2.3,1.055,133,2.28,1.0458,1,2.33,1.0688,2,2.29,1.0504,2096,0
SPY190807P287,2019-08-05,2019-08-05 09:41:29,2.28,1.0458,25,2.26,1.0366,3,2.28,1.0458,1,2.27,1.0412,2097,1
SPY190807P287,2019-08-05,2019-08-05 09:41:29,2.29,1.0504,19,2.28,1.0458,1,2.33,1.0688,2,2.285,1.0481,2096,0
SPY190807P287,2019-08-05,2019-08-05 09:41:30,2.28,1.0458,58,2.26,1.0366,3,2.28,1.0458,1,2.27,1.0412,2097,0
SPY190807P287,2019-08-05,2019-08-05 09:41:30,2.27,1.0412,8,2.26,1.0366,3,2.28,1.0458,1,2.265,1.0389,2097,0
SPY190807P287,2019-08-05,2019-08-05 09:41:31,2.27,1.0412,8,2.26,1.0366,3,2.28,1.0458,1,2.265,1.0389,2097,0
SPY190807P287,2019-08-05,2019-08-05 09:41:31,2.28,1.0458,24,2.26,1.0366,3,2.28,1.0458,1,2.27,1.0412,2097,0
SPY190807P287,2019-08-05,2019-08-05 09:41:32,2.27,1.0412,19,2.26,1.0366,3,2.28,1.0458,2,2.265,1.0389,2099,0
SPY190807P287,2019-08-05,2019-08-05 09:41:32,2.28,1.0458,25,2.26,1.0366,3,2.28,1.0458,2,2.27,1.0412,2099,2
SPY190807P287,2019-08-05,2019-08-05 09:41:33,2.27,1.0412,19,2.26,1.0366,3,2.28,1.0458,2,2.265,1.0389,2099,0
SPY190807P287,2019-08-05,2019-08-05 09:41:33,2.27,1.0412,100,2.26,1.0366,3,2.28,1.0458,2,2.265,1.0389,2099,0
SPY190807P287,2019-08-05,2019-08-05 09:41:34,2.27,1.0412,19,2.26,1.0366,3,2.28,1.0458,2,2.265,1.0389,2099,0
SPY190807P287,2019-08-05,2019-08-05 09:41:35,2.27,1.0412,51,2.26,1.0366,3,2.28,1.0458,2,2.265,1.0389,2099,0
SPY190807P287,2019-08-05,2019-08-05 09:41:35,2.27,1.0412,116,2.26,1.0366,3,2.28,1.0458,2,2.265,1.0389,2099,0
SPY190807P287,2019-08-05,2019-08-05 09:41:36,2.27,1.0412,13,2.26,1.0366,3,2.28,1.0458,2,2.265,1.0389,2099,0
SPY190807P287,2019-08-05,2019-08-05 09:41:36,2.29,1.0504,169,2.26,1.0366,3,2.28,1.0458,2,2.275,1.0435,2099,0
SPY190807P287,2019-08-05,2019-08-05 09:41:37,2.29,1.0504,19,2.27,1.0412,5,2.28,1.0458,2,2.28,1.0458,2099,0
SPY190807P287,2019-08-05,2019-08-05 09:41:37,2.28,1.0458,25,2.26,1.0366,158,2.28,1.0458,2,2.27,1.0412,2099,0
SPY190807P287,2019-08-05,2019-08-05 09:41:38,2.3,1.055,70,2.27,1.0412,465,2.28,1.0458,2,2.285,1.0481,2099,0
SPY190807P287,2019-08-05,2019-08-05 09:41:39,2.3,1.055,25,2.27,1.0412,162,2.28,1.0458,2,2.285,1.0481,2099,0
SPY190807P287,2019-08-05,2019-08-05 09:41:39,2.3,1.055,25,2.27,1.0412,522,2.28,1.0458,2,2.285,1.0481,2099,0
SPY190807P287,2019-08-05,2019-08-05 09:41:40,2.29,1.0504,25,2.27,1.0412,365,2.28,1.0458,2,2.28,1.0458,2099,0
SPY190807P287,2019-08-05,2019-08-05 09:41:40,2.29,1.0504,13,2.27,1.0412,522,2.28,1.0458,2,2.28,1.0458,2099,0
SPY190807P287,2019-08-05,2019-08-05 09:41:41,2.29,1.0504,25,2.27,1.0412,360,2.28,1.0458,2,2.28,1.0458,2099,0
SPY190807P287,2019-08-05,2019-08-05 09:41:41,2.29,1.0504,25,2.26,1.0366,127,2.28,1.0458,2,2.275,1.0435,2099,0
SPY190807P287,2019-08-05,2019-08-05 09:41:42,2.29,1.0504,25,2.27,1.0412,65,2.28,1.0458,2,2.28,1.0458,2099,0
SPY190807P287,2019-08-05,2019-08-05 09:41:42,2.3,1.055,75,2.26,1.0366,525,2.27,1.0412,1,2.28,1.0458,2100,1
SPY190807P287,2019-08-05,2019-08-05 09:41:43,2.31,1.0596,174,2.27,1.0412,525,2.27,1.0412,1,2.29,1.0504,2100,0
SPY190807P287,2019-08-05,2019-08-05 09:41:43,2.3,1.055,63,2.27,1.0412,525,2.27,1.0412,1,2.285,1.0481,2100,0
SPY190807P287,2019-08-05,2019-08-05 09:41:44,2.3,1.055,75,2.27,1.0412,251,2.27,1.0412,1,2.285,1.0481,2100,0
SPY190807P287,2019-08-05,2019-08-05 09:41:44,2.3,1.055,70,2.27,1.0412,537,2.27,1.0412,1,2.285,1.0481,2100,0
SPY190807P287,2019-08-05,2019-08-05 09:41:45,2.31,1.0596,70,2.28,1.0458,515,2.27,1.0412,1,2.295,1.0527,2100,0
SPY190807P287,2019-08-05,2019-08-05 09:41:45,2.3,1.055,25,2.27,1.0412,251,2.27,1.0412,1,2.285,1.0481,2100,0
SPY190807P287,2019-08-05,2019-08-05 09:41:46,2.31,1.0596,67,2.29,1.0504,5,2.27,1.0412,1,2.3,1.055,2100,0
SPY190807P287,2019-08-05,2019-08-05 09:41:46,2.31,1.0596,70,2.29,1.0504,5,2.27,1.0412,1,2.3,1.055,2100,0
SPY190807P287,2019-08-05,2019-08-05 09:41:47,2.32,1.0642,72,2.3,1.055,424,2.27,1.0412,1,2.31,1.0596,2100,0
SPY190807P287,2019-08-05,2019-08-05 09:41:47,2.32,1.0642,72,2.3,1.055,97,2.27,1.0412,1,2.31,1.0596,2100,0
SPY190807P287,2019-08-05,2019-08-05 09:41:48,2.32,1.0642,72,2.3,1.055,461,2.27,1.0412,1,2.31,1.0596,2100,0
SPY190807P287,2019-08-05,2019-08-05 09:41:48,2.32,1.0642,71,2.3,1.055,461,2.32,1.0642,4,2.31,1.0596,2104,4
SPY190807P287,2019-08-05,2019-08-05 09:41:49,2.33,1.0688,150,2.3,1.055,460,2.32,1.0642,4,2.315,1.0619,2104,0
SPY190807P287,2019-08-05,2019-08-05 09:41:49,2.33,1.0688,175,2.3,1.055,460,2.32,1.0642,4,2.315,1.0619,2104,0
SPY190807P287,2019-08-05,2019-08-05 09:41:50,2.33,1.0688,150,2.31,1.0596,80,2.32,1.0642,4,2.32,1.0642,2104,0
SPY190807P287,2019-08-05,2019-08-05 09:41:50,2.33,1.0688,100,2.3,1.055,212,2.32,1.0642,4,2.315,1.0619,2104,0
SPY190807P287,2019-08-05,2019-08-05 09:41:51,2.35,1.0779,168,2.33,1.0688,17,2.33,1.0688,90,2.34,1.0733,2204,0
SPY190807P287,2019-08-05,2019-08-05 09:41:51,2.34,1.0733,25,2.33,1.0688,17,2.33,1.0688,90,2.335,1.0711,2204,100
SPY190807P287,2019-08-05,2019-08-05 09:41:52,2.35,1.0779,75,2.33,1.0688,17,2.34,1.0733,1,2.34,1.0733,2230,26
SPY190807P287,2019-08-05,2019-08-05 09:41:52,2.38,1.0917,25,2.35,1.0779,467,2.34,1.0733,1,2.365,1.0848,2230,0
SPY190807P287,2019-08-05,2019-08-05 09:41:53,2.38,1.0917,5,2.35,1.0779,450,2.34,1.0733,1,2.365,1.0848,2230,0
SPY190807P287,2019-08-05,2019-08-05 09:41:53,2.38,1.0917,30,2.36,1.0825,5,2.34,1.0733,1,2.37,1.0871,2230,0
SPY190807P287,2019-08-05,2019-08-05 09:41:54,2.38,1.0917,75,2.35,1.0779,465,2.34,1.0733,1,2.365,1.0848,2230,0
SPY190807P287,2019-08-05,2019-08-05 09:41:54,2.38,1.0917,25,2.36,1.0825,444,2.34,1.0733,1,2.37,1.0871,2230,0
SPY190807P287,2019-08-05,2019-08-05 09:41:55,2.38,1.0917,75,2.35,1.0779,415,2.34,1.0733,1,2.365,1.0848,2230,0
SPY190807P287,2019-08-05,2019-08-05 09:41:55,2.38,1.0917,25,2.36,1.0825,72,2.34,1.0733,1,2.37,1.0871,2230,0
SPY190807P287,2019-08-05,2019-08-05 09:41:56,2.37,1.0871,25,2.36,1.0825,428,2.37,1.0871,8,2.365,1.0848,2238,8
SPY190807P287,2019-08-05,2019-08-05 09:41:56,2.38,1.0917,25,2.36,1.0825,428,2.37,1.0871,8,2.37,1.0871,2238,0
SPY190807P287,2019-08-05,2019-08-05 09:41:57,2.38,1.0917,108,2.35,1.0779,5,2.37,1.0871,8,2.365,1.0848,2238,0
SPY190807P287,2019-08-05,2019-08-05 09:41:57,2.38,1.0917,25,2.36,1.0825,100,2.37,1.0871,8,2.37,1.0871,2238,0
SPY190807P287,2019-08-05,2019-08-05 09:41:58,2.38,1.0917,167,2.35,1.0779,64,2.37,1.0871,8,2.365,1.0848,2238,0
SPY190807P287,2019-08-05,2019-08-05 09:41:58,2.37,1.0871,19,2.35,1.0779,5,2.37,1.0871,8,2.36,1.0825,2238,0
SPY190807P287,2019-08-05,2019-08-05 09:41:59,2.37,1.0871,19,2.35,1.0779,248,2.37,1.0871,8,2.36,1.0825,2238,0
SPY190807P287,2019-08-05,2019-08-05 09:41:59,2.37,1.0871,19,2.35,1.0779,467,2.37,1.0871,8,2.36,1.0825,2238,0
SPY190807P287,2019-08-05,2019-08-05 09:42:00,2.37,1.0871,25,2.35,1.0779,467,2.37,1.0871,5,2.36,1.0825,2243,5
SPY190807P287,2019-08-05,2019-08-05 09:42:00,2.37,1.0871,25,2.36,1.0825,80,2.37,1.0871,5,2.365,1.0848,2243,0
SPY190807P287,2019-08-05,2019-08-05 09:42:01,2.37,1.0871,25,2.36,1.0825,80,2.37,1.0871,5,2.365,1.0848,2243,0
SPY190807P287,2019-08-05,2019-08-05 09:42:01,2.38,1.0917,30,2.36,1.0825,80,2.36,1.0825,1,2.37,1.0871,2245,2
SPY190807P287,2019-08-05,2019-08-05 09:42:02,2.38,1.0917,5,2.36,1.0825,464,2.36,1.0825,1,2.37,1.0871,2245,0
SPY190807P287,2019-08-05,2019-08-05 09:42:02,2.38,1.0917,30,2.36,1.0825,100,2.36,1.0825,1,2.37,1.0871,2245,0
SPY190807P287,2019-08-05,2019-08-05 09:42:03,2.38,1.0917,30,2.36,1.0825,436,2.36,1.0825,1,2.37,1.0871,2245,0
SPY190807P287,2019-08-05,2019-08-05 09:42:04,2.38,1.0917,5,2.36,1.0825,465,2.36,1.0825,1,2.37,1.0871,2245,0
SPY190807P287,2019-08-05,2019-08-05 09:42:04,2.38,1.0917,5,2.36,1.0825,365,2.36,1.0825,1,2.37,1.0871,2245,0
SPY190807P287,2019-08-05,2019-08-05 09:42:05,2.38,1.0917,5,2.37,1.0871,515,2.36,1.0825,1,2.375,1.0894,2245,0
SPY190807P287,2019-08-05,2019-08-05 09:42:05,2.38,1.0917,5,2.37,1.0871,360,2.36,1.0825,1,2.375,1.0894,2245,0
SPY190807P287,2019-08-05,2019-08-05 09:42:06,2.4,1.1009,50,2.37,1.0871,515,2.38,1.0917,5,2.385,1.094,2250,5
SPY190807P287,2019-08-05,2019-08-05 09:42:07,2.39,1.0963,18,2.37,1.0871,107,2.38,1.0917,5,2.38,1.0917,2250,0
SPY190807P287,2019-08-05,2019-08-05 09:42:07,2.4,1.1009,65,2.37,1.0871,515,2.38,1.0917,5,2.385,1.094,2250,0
SPY190807P287,2019-08-05,2019-08-05 09:42:08,2.39,1.0963,18,2.37,1.0871,107,2.38,1.0917,5,2.38,1.0917,2250,0
SPY190807P287,2019-08-05,2019-08-05 09:42:08,2.4,1.1009,65,2.37,1.0871,522,2.38,1.0917,5,2.385,1.094,2250,0
SPY190807P287,2019-08-05,2019-08-05 09:42:09,2.38,1.0917,19,2.36,1.0825,110,2.38,1.0917,5,2.37,1.0871,2250,0
SPY190807P287,2019-08-05,2019-08-05 09:42:09,2.4,1.1009,65,2.37,1.0871,522,2.38,1.0917,5,2.385,1.094,2250,0
SPY190807P287,2019-08-05,2019-08-05 09:42:10,2.38,1.0917,19,2.36,1.0825,470,2.38,1.0917,5,2.37,1.0871,2250,0
SPY190807P287,2019-08-05,2019-08-05 09:42:10,2.4,1.1009,75,2.37,1.0871,477,2.38,1.0917,5,2.385,1.094,2250,0
SPY190807P287,2019-08-05,2019-08-05 09:42:11,2.39,1.0963,13,2.38,1.0917,5,2.38,1.0917,5,2.385,1.094,2250,0
SPY190807P287,2019-08-05,2019-08-05 09:42:11,2.4,1.1009,75,2.37,1.0871,477,2.38,1.0917,5,2.385,1.094,2250,0
SPY190807P287,2019-08-05,2019-08-05 09:42:12,2.4,1.1009,1,2.38,1.0917,477,2.38,1.0917,5,2.39,1.0963,2250,0
SPY190807P287,2019-08-05,2019-08-05 09:42:12,2.42,1.11,13,2.39,1.0963,125,2.4,1.1009,1,2.405,1.1032,2251,1
SPY190807P287,2019-08-05,2019-08-05 09:42:13,2.42,1.11,13,2.39,1.0963,73,2.4,1.1009,1,2.405,1.1032,2251,0
SPY190807P287,2019-08-05,2019-08-05 09:42:13,2.41,1.1055,13,2.39,1.0963,73,2.4,1.1009,1,2.4,1.1009,2251,0
SPY190807P287,2019-08-05,2019-08-05 09:42:14,2.43,1.1146,195,2.39,1.0963,487,2.4,1.1009,1,2.41,1.1055,2251,0
SPY190807P287,2019-08-05,2019-08-05 09:42:14,2.43,1.1146,129,2.39,1.0963,127,2.4,1.1009,1,2.41,1.1055,2251,0
SPY190807P287,2019-08-05,2019-08-05 09:42:15,2.42,1.11,13,2.4,1.1009,105,2.41,1.1055,2,2.41,1.1055,2253,2
SPY190807P287,2019-08-05,2019-08-05 09:42:15,2.43,1.1146,50,2.4,1.1009,26,2.41,1.1055,2,2.415,1.1077,2253,0
SPY190807P287,2019-08-05,2019-08-05 09:42:16,2.43,1.1146,50,2.4,1.1009,96,2.41,1.1055,2,2.415,1.1077,2253,0
SPY190807P287,2019-08-05,2019-08-05 09:42:16,2.43,1.1146,69,2.4,1.1009,100,2.41,1.1055,2,2.415,1.1077,2253,0
SPY190807P287,2019-08-05,2019-08-05 09:42:17,2.42,1.11,25,2.41,1.1055,5,2.42,1.11,5,2.415,1.1077,2258,5
SPY190807P287,2019-08-05,2019-08-05 09:42:17,2.42,1.11,25,2.4,1.1009,113,2.42,1.11,5,2.41,1.1055,2258,0
SPY190807P287,2019-08-05,2019-08-05 09:42:18,2.43,1.1146,75,2.4,1.1009,3,2.42,1.11,5,2.415,1.1077,2258,0
SPY190807P287,2019-08-05,2019-08-05 09:42:18,2.43,1.1146,142,2.4,1.1009,26,2.42,1.11,5,2.415,1.1077,2258,0
SPY190807P287,2019-08-05,2019-08-05 09:42:19,2.42,1.11,19,2.4,1.1009,26,2.42,1.11,5,2.41,1.1055,2258,0
SPY190807P287,2019-08-05,2019-08-05 09:42:19,2.42,1.11,19,2.4,1.1009,63,2.42,1.11,5,2.41,1.1055,2258,0
SPY190807P287,2019-08-05,2019-08-05 09:42:20,2.42,1.11,59,2.38,1.0917,133,2.42,1.11,5,2.4,1.1009,2258,0
SPY190807P287,2019-08-05,2019-08-05 09:42:20,2.42,1.11,19,2.4,1.1009,24,2.42,1.11,5,2.41,1.1055,2258,0
SPY190807P287,2019-08-05,2019-08-05 09:42:21,2.4,1.1009,50,2.37,1.0871,102,2.37,1.0871,1,2.385,1.094,2259,1
SPY190807P287,2019-08-05,2019-08-05 09:42:21,2.41,1.1055,87,2.37,1.0871,2,2.42,1.11,5,2.39,1.0963,2258,0
SPY190807P287,2019-08-05,2019-08-05 09:42:22,2.43,1.1146,5,2.38,1.0917,23,2.37,1.0871,1,2.405,1.1032,2259,0
SPY190807P287,2019-08-05,2019-08-05 09:42:22,2.4,1.1009,112,2.37,1.0871,125,2.37,1.0871,1,2.385,1.094,2259,0
SPY190807P287,2019-08-05,2019-08-05 09:42:23,2.39,1.0963,80,2.37,1.0871,101,2.37,1.0871,1,2.38,1.0917,2259,0
SPY190807P287,2019-08-05,2019-08-05 09:42:23,2.39,1.0963,158,2.37,1.0871,2,2.37,1.0871,1,2.38,1.0917,2259,0
SPY190807P287,2019-08-05,2019-08-05 09:42:24,2.39,1.0963,178,2.37,1.0871,2,2.37,1.0871,1,2.38,1.0917,2259,0
SPY190807P287,2019-08-05,2019-08-05 09:42:24,2.38,1.0917,98,2.37,1.0871,2,2.37,1.0871,1,2.375,1.0894,2259,0
SPY190807P287,2019-08-05,2019-08-05 09:42:25,2.38,1.0917,89,2.37,1.0871,2,2.37,1.0871,1,2.375,1.0894,2259,0
SPY190807P287,2019-08-05,2019-08-05 09:42:26,2.37,1.0871,25,2.37,1.0871,2,2.37,1.0871,1,2.37,1.0871,2262,3
SPY190807P287,2019-08-05,2019-08-05 09:42:26,2.37,1.0871,25,2.36,1.0825,1,2.37,1.0871,1,2.365,1.0848,2262,0
SPY190807P287,2019-08-05,2019-08-05 09:42:27,2.36,1.0825,50,2.33,1.0688,74,2.36,1.0825,50,2.345,1.0756,2313,50
SPY190807P287,2019-08-05,2019-08-05 09:42:27,2.37,1.0871,75,2.33,1.0688,74,2.36,1.0825,1,2.35,1.0779,2263,1
SPY190807P287,2019-08-05,2019-08-05 09:42:28,2.37,1.0871,62,2.33,1.0688,141,2.36,1.0825,50,2.35,1.0779,2313,0
SPY190807P287,2019-08-05,2019-08-05 09:42:28,2.39,1.0963,131,2.35,1.0779,538,2.36,1.0825,50,2.37,1.0871,2313,0
SPY190807P287,2019-08-05,2019-08-05 09:42:29,2.39,1.0963,69,2.36,1.0825,96,2.36,1.0825,50,2.375,1.0894,2313,0
SPY190807P287,2019-08-05,2019-08-05 09:42:29,2.39,1.0963,60,2.35,1.0779,428,2.36,1.0825,50,2.37,1.0871,2313,0
SPY190807P287,2019-08-05,2019-08-05 09:42:30,2.39,1.0963,69,2.36,1.0825,96,2.36,1.0825,50,2.375,1.0894,2313,0
SPY190807P287,2019-08-05,2019-08-05 09:42:30,2.38,1.0917,109,2.36,1.0825,63,2.36,1.0825,50,2.37,1.0871,2313,0
SPY190807P287,2019-08-05,2019-08-05 09:42:31,2.37,1.0871,125,2.34,1.0733,1,2.36,1.0825,4,2.355,1.0802,2317,0
SPY190807P287,2019-08-05,2019-08-05 09:42:31,2.38,1.0917,123,2.33,1.0688,494,2.36,1.0825,4,2.355,1.0802,2317,4
SPY190807P287,2019-08-05,2019-08-05 09:42:32,2.41,1.1055,85,2.35,1.0779,238,2.36,1.0825,4,2.38,1.0917,2317,0
SPY190807P287,2019-08-05,2019-08-05 09:42:32,2.37,1.0871,125,2.34,1.0733,1,2.36,1.0825,4,2.355,1.0802,2317,0
SPY190807P287,2019-08-05,2019-08-05 09:42:33,2.38,1.0917,13,2.35,1.0779,97,2.36,1.0825,4,2.365,1.0848,2317,0
SPY190807P287,2019-08-05,2019-08-05 09:42:33,2.38,1.0917,75,2.35,1.0779,109,2.36,1.0825,4,2.365,1.0848,2317,0
SPY190807P287,2019-08-05,2019-08-05 09:42:34,2.37,1.0871,25,2.35,1.0779,109,2.36,1.0825,4,2.36,1.0825,2317,0
SPY190807P287,2019-08-05,2019-08-05 09:42:34,2.38,1.0917,104,2.35,1.0779,109,2.36,1.0825,4,2.365,1.0848,2317,0
SPY190807P287,2019-08-05,2019-08-05 09:42:35,2.39,1.0963,107,2.35,1.0779,109,2.38,1.0917,1,2.37,1.0871,2318,1
SPY190807P287,2019-08-05,2019-08-05 09:42:35,2.38,1.0917,60,2.35,1.0779,109,2.36,1.0825,4,2.365,1.0848,2317,0
SPY190807P287,2019-08-05,2019-08-05 09:42:36,2.4,1.1009,69,2.37,1.0871,360,2.38,1.0917,1,2.385,1.094,2318,0
SPY190807P287,2019-08-05,2019-08-05 09:42:37,2.42,1.11,96,2.38,1.0917,536,2.38,1.0917,1,2.4,1.1009,2318,0
SPY190807P287,2019-08-05,2019-08-05 09:42:37,2.41,1.1055,60,2.38,1.0917,365,2.38,1.0917,1,2.395,1.0986,2318,0
SPY190807P287,2019-08-05,2019-08-05 09:42:38,2.42,1.11,96,2.38,1.0917,536,2.38,1.0917,1,2.4,1.1009,2318,0
SPY190807P287,2019-08-05,2019-08-05 09:42:38,2.41,1.1055,13,2.38,1.0917,536,2.38,1.0917,1,2.395,1.0986,2318,0
SPY190807P287,2019-08-05,2019-08-05 09:42:39,2.42,1.11,50,2.39,1.0963,91,2.38,1.0917,1,2.405,1.1032,2318,0
SPY190807P287,2019-08-05,2019-08-05 09:42:39,2.42,1.11,25,2.39,1.0963,111,2.42,1.11,3,2.405,1.1032,2321,3
SPY190807P287,2019-08-05,2019-08-05 09:42:40,2.42,1.11,66,2.39,1.0963,68,2.42,1.11,3,2.405,1.1032,2321,0
SPY190807P287,2019-08-05,2019-08-05 09:42:40,2.42,1.11,65,2.39,1.0963,12,2.42,1.11,3,2.405,1.1032,2321,0
SPY190807P287,2019-08-05,2019-08-05 09:42:41,2.42,1.11,65,2.39,1.0963,40,2.42,1.11,3,2.405,1.1032,2321,0
SPY190807P287,2019-08-05,2019-08-05 09:42:41,2.42,1.11,65,2.39,1.0963,12,2.42,1.11,3,2.405,1.1032,2321,0
SPY190807P287,2019-08-05,2019-08-05 09:42:42,2.41,1.1055,67,2.39,1.0963,12,2.42,1.11,3,2.4,1.1009,2321,0
SPY190807P287,2019-08-05,2019-08-05 09:42:42,2.41,1.1055,50,2.39,1.0963,1,2.42,1.11,3,2.4,1.1009,2321,0
SPY190807P287,2019-08-05,2019-08-05 09:42:43,2.41,1.1055,107,2.39,1.0963,1,2.42,1.11,3,2.4,1.1009,2321,0
SPY190807P287,2019-08-05,2019-08-05 09:42:44,2.4,1.1009,63,2.39,1.0963,1,2.42,1.11,3,2.395,1.0986,2321,0
SPY190807P287,2019-08-05,2019-08-05 09:42:44,2.4,1.1009,63,2.37,1.0871,537,2.42,1.11,3,2.385,1.094,2321,0
SPY190807P287,2019-08-05,2019-08-05 09:42:45,2.4,1.1009,75,2.37,1.0871,477,2.42,1.11,3,2.385,1.094,2321,0
SPY190807P287,2019-08-05,2019-08-05 09:42:45,2.41,1.1055,32,2.37,1.0871,457,2.42,1.11,3,2.39,1.0963,2321,0
SPY190807P287,2019-08-05,2019-08-05 09:42:46,2.39,1.0963,75,2.36,1.0825,112,2.39,1.0963,4,2.375,1.0894,2325,4
SPY190807P287,2019-08-05,2019-08-05 09:42:46,2.4,1.1009,75,2.37,1.0871,534,2.42,1.11,3,2.385,1.094,2321,0
SPY190807P287,2019-08-05,2019-08-05 09:42:47,2.39,1.0963,111,2.36,1.0825,112,2.39,1.0963,4,2.375,1.0894,2325,0
SPY190807P287,2019-08-05,2019-08-05 09:42:47,2.39,1.0963,111,2.36,1.0825,82,2.39,1.0963,4,2.375,1.0894,2325,0
SPY190807P287,2019-08-05,2019-08-05 09:42:48,2.41,1.1055,25,2.38,1.0917,464,2.39,1.0963,4,2.395,1.0986,2325,0
SPY190807P287,2019-08-05,2019-08-05 09:42:48,2.41,1.1055,69,2.37,1.0871,410,2.39,1.0963,4,2.39,1.0963,2325,0
SPY190807P287,2019-08-05,2019-08-05 09:42:49,2.41,1.1055,69,2.38,1.0917,525,2.4,1.1009,10,2.395,1.0986,2335,10
SPY190807P287,2019-08-05,2019-08-05 09:42:49,2.41,1.1055,69,2.39,1.0963,97,2.4,1.1009,10,2.4,1.1009,2335,0
SPY190807P287,2019-08-05,2019-08-05 09:42:50,2.41,1.1055,1,2.4,1.1009,5,2.41,1.1055,1,2.405,1.1032,2336,1
SPY190807P287,2019-08-05,2019-08-05 09:42:50,2.41,1.1055,69,2.39,1.0963,525,2.4,1.1009,10,2.4,1.1009,2335,0
SPY190807P287,2019-08-05,2019-08-05 09:42:51,2.43,1.1146,67,2.41,1.1055,435,2.41,1.1055,1,2.42,1.11,2336,0
SPY190807P287,2019-08-05,2019-08-05 09:42:51,2.44,1.1192,75,2.41,1.1055,435,2.41,1.1055,1,2.425,1.1123,2336,0
SPY190807P287,2019-08-05,2019-08-05 09:42:52,2.44,1.1192,75,2.41,1.1055,435,2.41,1.1055,1,2.425,1.1123,2336,0
SPY190807P287,2019-08-05,2019-08-05 09:42:53,2.45,1.1238,75,2.42,1.11,488,2.41,1.1055,1,2.435,1.1169,2336,0
SPY190807P287,2019-08-05,2019-08-05 09:42:53,2.45,1.1238,88,2.42,1.11,160,2.41,1.1055,1,2.435,1.1169,2336,0
SPY190807P287,2019-08-05,2019-08-05 09:42:54,2.45,1.1238,75,2.43,1.1146,25,2.41,1.1055,1,2.44,1.1192,2336,0
SPY190807P287,2019-08-05,2019-08-05 09:42:54,2.46,1.1284,64,2.43,1.1146,24,2.41,1.1055,1,2.445,1.1215,2336,0
SPY190807P287,2019-08-05,2019-08-05 09:42:55,2.45,1.1238,19,2.43,1.1146,25,2.41,1.1055,1,2.44,1.1192,2336,0
SPY190807P287,2019-08-05,2019-08-05 09:42:55,2.45,1.1238,19,2.43,1.1146,24,2.41,1.1055,1,2.44,1.1192,2336,0
SPY190807P287,2019-08-05,2019-08-05 09:42:56,2.45,1.1238,87,2.43,1.1146,2,2.41,1.1055,1,2.44,1.1192,2336,0
SPY190807P287,2019-08-05,2019-08-05 09:42:56,2.46,1.1284,115,2.43,1.1146,28,2.41,1.1055,1,2.445,1.1215,2336,0
SPY190807P287,2019-08-05,2019-08-05 09:42:57,2.47,1.133,128,2.44,1.1192,90,2.41,1.1055,1,2.455,1.1261,2336,0
SPY190807P287,2019-08-05,2019-08-05 09:42:57,2.47,1.133,25,2.44,1.1192,417,2.41,1.1055,1,2.455,1.1261,2336,0
SPY190807P287,2019-08-05,2019-08-05 09:42:58,2.48,1.1376,147,2.45,1.1238,95,2.41,1.1055,1,2.465,1.1307,2336,0
SPY190807P287,2019-08-05,2019-08-05 09:42:58,2.47,1.133,19,2.45,1.1238,193,2.45,1.1238,3,2.46,1.1284,2339,3
SPY190807P287,2019-08-05,2019-08-05 09:42:59,2.48,1.1376,131,2.45,1.1238,193,2.45,1.1238,3,2.465,1.1307,2339,0
SPY190807P287,2019-08-05,2019-08-05 09:43:00,2.47,1.133,19,2.45,1.1238,193,2.47,1.133,10,2.46,1.1284,2349,10
SPY190807P287,2019-08-05,2019-08-05 09:43:00,2.47,1.133,25,2.46,1.1284,3,2.47,1.133,10,2.465,1.1307,2349,0
SPY190807P287,2019-08-05,2019-08-05 09:43:01,2.48,1.1376,162,2.43,1.1146,2,2.46,1.1284,3,2.455,1.1261,2502,153
SPY190807P287,2019-08-05,2019-08-05 09:43:01,2.48,1.1376,162,2.46,1.1284,150,2.47,1.133,10,2.47,1.133,2349,0
SPY190807P287,2019-08-05,2019-08-05 09:43:02,2.47,1.133,127,2.44,1.1192,62,2.46,1.1284,1,2.455,1.1261,2505,3
SPY190807P287,2019-08-05,2019-08-05 09:43:02,2.46,1.1284,25,2.44,1.1192,96,2.45,1.1238,3,2.45,1.1238,2508,3
SPY190807P287,2019-08-05,2019-08-05 09:43:03,2.46,1.1284,25,2.46,1.1284,153,2.46,1.1284,1,2.46,1.1284,2509,1
SPY190807P287,2019-08-05,2019-08-05 09:43:03,2.48,1.1376,95,2.45,1.1238,126,2.46,1.1284,1,2.465,1.1307,2509,0
SPY190807P287,2019-08-05,2019-08-05 09:43:04,2.48,1.1376,25,2.46,1.1284,18,2.46,1.1284,1,2.47,1.133,2509,0
SPY190807P287,2019-08-05,2019-08-05 09:43:04,2.48,1.1376,49,2.46,1.1284,74,2.46,1.1284,1,2.47,1.133,2509,0
SPY190807P287,2019-08-05,2019-08-05 09:43:05,2.48,1.1376,49,2.46,1.1284,54,2.46,1.1284,1,2.47,1.133,2509,0
SPY190807P287,2019-08-05,2019-08-05 09:43:05,2.48,1.1376,57,2.46,1.1284,74,2.46,1.1284,1,2.47,1.133,2509,0
SPY190807P287,2019-08-05,2019-08-05 09:43:06,2.48,1.1376,49,2.46,1.1284,54,2.48,1.1376,2,2.47,1.133,2511,2
SPY190807P287,2019-08-05,2019-08-05 09:43:06,2.48,1.1376,49,2.47,1.133,2,2.48,1.1376,2,2.475,1.1353,2511,0
SPY190807P287,2019-08-05,2019-08-05 09:43:07,2.48,1.1376,49,2.47,1.133,2,2.48,1.1376,2,2.475,1.1353,2511,0
SPY190807P287,2019-08-05,2019-08-05 09:43:08,2.47,1.133,5,2.44,1.1192,107,2.47,1.133,2,2.455,1.1261,2513,2
SPY190807P287,2019-08-05,2019-08-05 09:43:08,2.48,1.1376,49,2.47,1.133,2,2.48,1.1376,2,2.475,1.1353,2511,0
SPY190807P287,2019-08-05,2019-08-05 09:43:09,2.47,1.133,2,2.44,1.1192,107,2.47,1.133,2,2.455,1.1261,2513,0
SPY190807P287,2019-08-05,2019-08-05 09:43:09,2.48,1.1376,9,2.44,1.1192,6,2.47,1.133,2,2.46,1.1284,2513,0
SPY190807P287,2019-08-05,2019-08-05 09:43:10,2.48,1.1376,5,2.46,1.1284,43,2.47,1.133,2,2.47,1.133,2513,0
SPY190807P287,2019-08-05,2019-08-05 09:43:10,2.48,1.1376,121,2.44,1.1192,125,2.47,1.133,2,2.46,1.1284,2513,0
