symbol,Date,quote_time,ask_price,norm_ask_price,ask_size,bid_price,norm_bid_price,bid_size,last_trade_price,norm_last_trade_price,last_trade_size,mark_price,norm_mark_price,volume,Volume
IWM190927P150,2019-09-20,2019-09-20 09:30:00,0.31,1.0,23,0.25,0.8064,23,0.32,1.0322,4,0.28,0.9032,0,0
IWM190927P150,2019-09-20,2019-09-20 09:30:01,0.31,1.0,23,0.25,0.8064,23,0.32,1.0322,4,0.28,0.9032,0,0
IWM190927P150,2019-09-20,2019-09-20 09:30:02,0.31,1.0,23,0.25,0.8064,23,0.32,1.0322,4,0.28,0.9032,0,0
IWM190927P150,2019-09-20,2019-09-20 09:30:03,0.31,1.0,23,0.25,0.8064,23,0.32,1.0322,4,0.28,0.9032,0,0
IWM190927P150,2019-09-20,2019-09-20 09:30:03,0.33,1.0645,32,0.25,0.8064,24,0.32,1.0322,4,0.29,0.9354,0,0
IWM190927P150,2019-09-20,2019-09-20 09:30:04,0.33,1.0645,32,0.25,0.8064,24,0.32,1.0322,4,0.29,0.9354,0,0
IWM190927P150,2019-09-20,2019-09-20 09:30:05,0.36,1.1612,500,0.23,0.7419,500,0.32,1.0322,4,0.295,0.9516,0,0
IWM190927P150,2019-09-20,2019-09-20 09:30:06,0.35,1.129,2,0.23,0.7419,588,0.32,1.0322,4,0.29,0.9354,0,0
IWM190927P150,2019-09-20,2019-09-20 09:30:06,0.36,1.1612,86,0.23,0.7419,98,0.32,1.0322,4,0.295,0.9516,0,0
IWM190927P150,2019-09-20,2019-09-20 09:30:07,0.35,1.129,500,0.23,0.7419,98,0.32,1.0322,4,0.29,0.9354,0,0
IWM190927P150,2019-09-20,2019-09-20 09:30:07,0.39,1.258,10,0.23,0.7419,10,0.32,1.0322,4,0.31,1.0,0,0
IWM190927P150,2019-09-20,2019-09-20 09:30:08,0.35,1.129,555,0.23,0.7419,569,0.32,1.0322,4,0.29,0.9354,0,0
IWM190927P150,2019-09-20,2019-09-20 09:30:08,0.35,1.129,500,0.23,0.7419,500,0.32,1.0322,4,0.29,0.9354,0,0
IWM190927P150,2019-09-20,2019-09-20 09:30:09,0.3,0.9677,32,0.24,0.7741,32,0.32,1.0322,4,0.27,0.8709,0,0
IWM190927P150,2019-09-20,2019-09-20 09:30:09,0.35,1.129,500,0.23,0.7419,500,0.32,1.0322,4,0.29,0.9354,0,0
IWM190927P150,2019-09-20,2019-09-20 09:30:10,0.29,0.9354,32,0.25,0.8064,32,0.32,1.0322,4,0.27,0.8709,0,0
IWM190927P150,2019-09-20,2019-09-20 09:30:10,0.29,0.9354,32,0.25,0.8064,522,0.32,1.0322,4,0.27,0.8709,0,0
IWM190927P150,2019-09-20,2019-09-20 09:30:11,0.29,0.9354,35,0.25,0.8064,601,0.32,1.0322,4,0.27,0.8709,0,0
IWM190927P150,2019-09-20,2019-09-20 09:30:11,0.3,0.9677,300,0.25,0.8064,571,0.32,1.0322,4,0.275,0.887,0,0
IWM190927P150,2019-09-20,2019-09-20 09:30:12,0.3,0.9677,223,0.25,0.8064,571,0.32,1.0322,4,0.275,0.887,0,0
IWM190927P150,2019-09-20,2019-09-20 09:30:12,0.3,0.9677,188,0.26,0.8387,24,0.32,1.0322,4,0.28,0.9032,0,0
IWM190927P150,2019-09-20,2019-09-20 09:30:13,0.3,0.9677,461,0.26,0.8387,71,0.32,1.0322,4,0.28,0.9032,0,0
IWM190927P150,2019-09-20,2019-09-20 09:30:13,0.3,0.9677,387,0.26,0.8387,387,0.32,1.0322,4,0.28,0.9032,0,0
IWM190927P150,2019-09-20,2019-09-20 09:30:14,0.3,0.9677,35,0.26,0.8387,1209,0.32,1.0322,4,0.28,0.9032,0,0
IWM190927P150,2019-09-20,2019-09-20 09:30:14,0.3,0.9677,35,0.27,0.8709,1,0.32,1.0322,4,0.285,0.9193,0,0
IWM190927P150,2019-09-20,2019-09-20 09:30:15,0.3,0.9677,71,0.27,0.8709,1,0.32,1.0322,4,0.285,0.9193,0,0
IWM190927P150,2019-09-20,2019-09-20 09:30:16,0.3,0.9677,71,0.27,0.8709,1,0.32,1.0322,4,0.285,0.9193,0,0
IWM190927P150,2019-09-20,2019-09-20 09:30:17,0.3,0.9677,16,0.27,0.8709,20,0.32,1.0322,4,0.285,0.9193,0,0
IWM190927P150,2019-09-20,2019-09-20 09:30:17,0.3,0.9677,71,0.27,0.8709,1,0.32,1.0322,4,0.285,0.9193,0,0
IWM190927P150,2019-09-20,2019-09-20 09:30:18,0.3,0.9677,10,0.27,0.8709,20,0.32,1.0322,4,0.285,0.9193,0,0
IWM190927P150,2019-09-20,2019-09-20 09:30:19,0.3,0.9677,1,0.27,0.8709,10,0.32,1.0322,4,0.285,0.9193,0,0
IWM190927P150,2019-09-20,2019-09-20 09:30:19,0.3,0.9677,407,0.26,0.8387,4,0.32,1.0322,4,0.28,0.9032,0,0
IWM190927P150,2019-09-20,2019-09-20 09:30:20,0.29,0.9354,1,0.26,0.8387,10,0.32,1.0322,4,0.275,0.887,0,0
IWM190927P150,2019-09-20,2019-09-20 09:30:21,0.29,0.9354,1,0.26,0.8387,20,0.32,1.0322,4,0.275,0.887,0,0
IWM190927P150,2019-09-20,2019-09-20 09:30:21,0.3,0.9677,32,0.26,0.8387,180,0.32,1.0322,4,0.28,0.9032,0,0
IWM190927P150,2019-09-20,2019-09-20 09:30:22,0.3,0.9677,32,0.26,0.8387,233,0.32,1.0322,4,0.28,0.9032,0,0
IWM190927P150,2019-09-20,2019-09-20 09:30:22,0.29,0.9354,33,0.26,0.8387,44,0.32,1.0322,4,0.275,0.887,0,0
IWM190927P150,2019-09-20,2019-09-20 09:30:23,0.29,0.9354,33,0.26,0.8387,44,0.32,1.0322,4,0.275,0.887,0,0
IWM190927P150,2019-09-20,2019-09-20 09:30:24,0.29,0.9354,51,0.26,0.8387,20,0.32,1.0322,4,0.275,0.887,0,0
IWM190927P150,2019-09-20,2019-09-20 09:30:24,0.29,0.9354,71,0.26,0.8387,20,0.32,1.0322,4,0.275,0.887,0,0
IWM190927P150,2019-09-20,2019-09-20 09:30:25,0.29,0.9354,71,0.26,0.8387,38,0.32,1.0322,4,0.275,0.887,0,0
IWM190927P150,2019-09-20,2019-09-20 09:30:25,0.29,0.9354,71,0.26,0.8387,40,0.32,1.0322,4,0.275,0.887,0,0
IWM190927P150,2019-09-20,2019-09-20 09:30:26,0.29,0.9354,71,0.26,0.8387,20,0.32,1.0322,4,0.275,0.887,0,0
IWM190927P150,2019-09-20,2019-09-20 09:30:27,0.29,0.9354,71,0.26,0.8387,20,0.32,1.0322,4,0.275,0.887,0,0
IWM190927P150,2019-09-20,2019-09-20 09:30:27,0.29,0.9354,71,0.26,0.8387,30,0.32,1.0322,4,0.275,0.887,0,0
IWM190927P150,2019-09-20,2019-09-20 09:30:28,0.29,0.9354,71,0.26,0.8387,30,0.32,1.0322,4,0.275,0.887,0,0
IWM190927P150,2019-09-20,2019-09-20 09:30:29,0.29,0.9354,71,0.26,0.8387,30,0.32,1.0322,4,0.275,0.887,0,0
IWM190927P150,2019-09-20,2019-09-20 09:30:30,0.29,0.9354,71,0.26,0.8387,30,0.32,1.0322,4,0.275,0.887,0,0
IWM190927P150,2019-09-20,2019-09-20 09:30:31,0.29,0.9354,71,0.26,0.8387,30,0.32,1.0322,4,0.275,0.887,0,0
IWM190927P150,2019-09-20,2019-09-20 09:30:32,0.29,0.9354,71,0.26,0.8387,30,0.32,1.0322,4,0.275,0.887,0,0
IWM190927P150,2019-09-20,2019-09-20 09:30:32,0.28,0.9032,1,0.26,0.8387,30,0.32,1.0322,4,0.27,0.8709,0,0
IWM190927P150,2019-09-20,2019-09-20 09:30:33,0.29,0.9354,521,0.26,0.8387,10,0.32,1.0322,4,0.275,0.887,0,0
IWM190927P150,2019-09-20,2019-09-20 09:30:33,0.29,0.9354,346,0.26,0.8387,10,0.32,1.0322,4,0.275,0.887,0,0
IWM190927P150,2019-09-20,2019-09-20 09:30:34,0.29,0.9354,438,0.26,0.8387,2,0.32,1.0322,4,0.275,0.887,0,0
IWM190927P150,2019-09-20,2019-09-20 09:30:34,0.29,0.9354,438,0.26,0.8387,10,0.32,1.0322,4,0.275,0.887,0,0
IWM190927P150,2019-09-20,2019-09-20 09:30:35,0.29,0.9354,214,0.26,0.8387,2,0.32,1.0322,4,0.275,0.887,0,0
IWM190927P150,2019-09-20,2019-09-20 09:30:35,0.28,0.9032,150,0.26,0.8387,10,0.32,1.0322,4,0.27,0.8709,0,0
IWM190927P150,2019-09-20,2019-09-20 09:30:36,0.28,0.9032,150,0.25,0.8064,10,0.32,1.0322,4,0.265,0.8548,0,0
IWM190927P150,2019-09-20,2019-09-20 09:30:36,0.28,0.9032,150,0.25,0.8064,150,0.32,1.0322,4,0.265,0.8548,0,0
IWM190927P150,2019-09-20,2019-09-20 09:30:37,0.28,0.9032,150,0.25,0.8064,150,0.32,1.0322,4,0.265,0.8548,0,0
IWM190927P150,2019-09-20,2019-09-20 09:30:38,0.28,0.9032,150,0.25,0.8064,150,0.32,1.0322,4,0.265,0.8548,0,0
IWM190927P150,2019-09-20,2019-09-20 09:30:39,0.28,0.9032,150,0.26,0.8387,1,0.32,1.0322,4,0.27,0.8709,0,0
IWM190927P150,2019-09-20,2019-09-20 09:30:39,0.28,0.9032,150,0.25,0.8064,150,0.32,1.0322,4,0.265,0.8548,0,0
IWM190927P150,2019-09-20,2019-09-20 09:30:40,0.28,0.9032,150,0.25,0.8064,150,0.32,1.0322,4,0.265,0.8548,0,0
IWM190927P150,2019-09-20,2019-09-20 09:30:41,0.28,0.9032,150,0.25,0.8064,150,0.32,1.0322,4,0.265,0.8548,0,0
IWM190927P150,2019-09-20,2019-09-20 09:30:41,0.28,0.9032,150,0.26,0.8387,1,0.32,1.0322,4,0.27,0.8709,0,0
IWM190927P150,2019-09-20,2019-09-20 09:30:42,0.28,0.9032,150,0.26,0.8387,1,0.32,1.0322,4,0.27,0.8709,0,0
IWM190927P150,2019-09-20,2019-09-20 09:30:43,0.28,0.9032,150,0.26,0.8387,1,0.32,1.0322,4,0.27,0.8709,0,0
IWM190927P150,2019-09-20,2019-09-20 09:30:43,0.28,0.9032,169,0.26,0.8387,2,0.32,1.0322,4,0.27,0.8709,0,0
IWM190927P150,2019-09-20,2019-09-20 09:30:44,0.28,0.9032,169,0.26,0.8387,2,0.32,1.0322,4,0.27,0.8709,0,0
IWM190927P150,2019-09-20,2019-09-20 09:30:45,0.28,0.9032,58,0.26,0.8387,2,0.32,1.0322,4,0.27,0.8709,0,0
IWM190927P150,2019-09-20,2019-09-20 09:30:45,0.28,0.9032,54,0.26,0.8387,2,0.32,1.0322,4,0.27,0.8709,0,0
IWM190927P150,2019-09-20,2019-09-20 09:30:46,0.28,0.9032,54,0.26,0.8387,30,0.32,1.0322,4,0.27,0.8709,0,0
IWM190927P150,2019-09-20,2019-09-20 09:30:47,0.29,0.9354,150,0.26,0.8387,26,0.32,1.0322,4,0.275,0.887,0,0
IWM190927P150,2019-09-20,2019-09-20 09:30:48,0.29,0.9354,150,0.26,0.8387,52,0.32,1.0322,4,0.275,0.887,0,0
IWM190927P150,2019-09-20,2019-09-20 09:30:48,0.29,0.9354,150,0.26,0.8387,29,0.32,1.0322,4,0.275,0.887,0,0
IWM190927P150,2019-09-20,2019-09-20 09:30:49,0.29,0.9354,166,0.26,0.8387,52,0.32,1.0322,4,0.275,0.887,0,0
IWM190927P150,2019-09-20,2019-09-20 09:30:50,0.29,0.9354,166,0.26,0.8387,52,0.32,1.0322,4,0.275,0.887,0,0
IWM190927P150,2019-09-20,2019-09-20 09:30:50,0.29,0.9354,197,0.26,0.8387,52,0.32,1.0322,4,0.275,0.887,0,0
IWM190927P150,2019-09-20,2019-09-20 09:30:51,0.29,0.9354,197,0.26,0.8387,52,0.32,1.0322,4,0.275,0.887,0,0
IWM190927P150,2019-09-20,2019-09-20 09:30:52,0.29,0.9354,197,0.26,0.8387,52,0.32,1.0322,4,0.275,0.887,0,0
IWM190927P150,2019-09-20,2019-09-20 09:30:52,0.29,0.9354,197,0.26,0.8387,42,0.32,1.0322,4,0.275,0.887,0,0
IWM190927P150,2019-09-20,2019-09-20 09:30:53,0.29,0.9354,468,0.26,0.8387,42,0.32,1.0322,4,0.275,0.887,0,0
IWM190927P150,2019-09-20,2019-09-20 09:30:54,0.29,0.9354,216,0.26,0.8387,42,0.32,1.0322,4,0.275,0.887,0,0
IWM190927P150,2019-09-20,2019-09-20 09:30:54,0.29,0.9354,150,0.26,0.8387,31,0.32,1.0322,4,0.275,0.887,0,0
IWM190927P150,2019-09-20,2019-09-20 09:30:55,0.29,0.9354,150,0.26,0.8387,41,0.32,1.0322,4,0.275,0.887,0,0
IWM190927P150,2019-09-20,2019-09-20 09:30:56,0.29,0.9354,150,0.26,0.8387,41,0.32,1.0322,4,0.275,0.887,0,0
IWM190927P150,2019-09-20,2019-09-20 09:30:56,0.29,0.9354,285,0.26,0.8387,41,0.32,1.0322,4,0.275,0.887,0,0
IWM190927P150,2019-09-20,2019-09-20 09:30:57,0.29,0.9354,150,0.26,0.8387,41,0.32,1.0322,4,0.275,0.887,0,0
IWM190927P150,2019-09-20,2019-09-20 09:30:57,0.29,0.9354,179,0.26,0.8387,41,0.32,1.0322,4,0.275,0.887,0,0
IWM190927P150,2019-09-20,2019-09-20 09:30:58,0.29,0.9354,294,0.26,0.8387,20,0.32,1.0322,4,0.275,0.887,0,0
IWM190927P150,2019-09-20,2019-09-20 09:30:58,0.29,0.9354,182,0.26,0.8387,53,0.32,1.0322,4,0.275,0.887,0,0
IWM190927P150,2019-09-20,2019-09-20 09:30:59,0.29,0.9354,182,0.26,0.8387,41,0.32,1.0322,4,0.275,0.887,0,0
IWM190927P150,2019-09-20,2019-09-20 09:31:00,0.29,0.9354,310,0.26,0.8387,21,0.32,1.0322,4,0.275,0.887,0,0
IWM190927P150,2019-09-20,2019-09-20 09:31:00,0.29,0.9354,434,0.26,0.8387,31,0.32,1.0322,4,0.275,0.887,0,0
IWM190927P150,2019-09-20,2019-09-20 09:31:01,0.29,0.9354,541,0.25,0.8064,60,0.32,1.0322,4,0.27,0.8709,0,0
IWM190927P150,2019-09-20,2019-09-20 09:31:01,0.28,0.9032,20,0.25,0.8064,78,0.32,1.0322,4,0.265,0.8548,0,0
IWM190927P150,2019-09-20,2019-09-20 09:31:02,0.28,0.9032,150,0.25,0.8064,30,0.32,1.0322,4,0.265,0.8548,0,0
IWM190927P150,2019-09-20,2019-09-20 09:31:02,0.28,0.9032,416,0.25,0.8064,20,0.32,1.0322,4,0.265,0.8548,0,0
IWM190927P150,2019-09-20,2019-09-20 09:31:03,0.28,0.9032,150,0.25,0.8064,46,0.32,1.0322,4,0.265,0.8548,0,0
IWM190927P150,2019-09-20,2019-09-20 09:31:03,0.28,0.9032,228,0.25,0.8064,30,0.32,1.0322,4,0.265,0.8548,0,0
IWM190927P150,2019-09-20,2019-09-20 09:31:04,0.28,0.9032,150,0.25,0.8064,53,0.32,1.0322,4,0.265,0.8548,0,0
IWM190927P150,2019-09-20,2019-09-20 09:31:04,0.28,0.9032,195,0.25,0.8064,79,0.32,1.0322,4,0.265,0.8548,0,0
IWM190927P150,2019-09-20,2019-09-20 09:31:05,0.28,0.9032,150,0.25,0.8064,79,0.32,1.0322,4,0.265,0.8548,0,0
IWM190927P150,2019-09-20,2019-09-20 09:31:05,0.28,0.9032,195,0.25,0.8064,79,0.32,1.0322,4,0.265,0.8548,0,0
IWM190927P150,2019-09-20,2019-09-20 09:31:06,0.28,0.9032,150,0.25,0.8064,882,0.32,1.0322,4,0.265,0.8548,0,0
IWM190927P150,2019-09-20,2019-09-20 09:31:06,0.28,0.9032,159,0.26,0.8387,17,0.32,1.0322,4,0.27,0.8709,0,0
IWM190927P150,2019-09-20,2019-09-20 09:31:07,0.28,0.9032,159,0.25,0.8064,691,0.32,1.0322,4,0.265,0.8548,0,0
IWM190927P150,2019-09-20,2019-09-20 09:31:08,0.28,0.9032,159,0.25,0.8064,1015,0.32,1.0322,4,0.265,0.8548,0,0
IWM190927P150,2019-09-20,2019-09-20 09:31:08,0.28,0.9032,159,0.26,0.8387,1,0.32,1.0322,4,0.27,0.8709,0,0
IWM190927P150,2019-09-20,2019-09-20 09:31:09,0.28,0.9032,159,0.26,0.8387,10,0.32,1.0322,4,0.27,0.8709,0,0
IWM190927P150,2019-09-20,2019-09-20 09:31:09,0.28,0.9032,159,0.26,0.8387,1,0.32,1.0322,4,0.27,0.8709,0,0
IWM190927P150,2019-09-20,2019-09-20 09:31:10,0.28,0.9032,12,0.26,0.8387,20,0.32,1.0322,4,0.27,0.8709,0,0
IWM190927P150,2019-09-20,2019-09-20 09:31:10,0.28,0.9032,159,0.26,0.8387,19,0.32,1.0322,4,0.27,0.8709,0,0
IWM190927P150,2019-09-20,2019-09-20 09:31:11,0.28,0.9032,12,0.26,0.8387,699,0.32,1.0322,4,0.27,0.8709,0,0
IWM190927P150,2019-09-20,2019-09-20 09:31:12,0.28,0.9032,12,0.26,0.8387,699,0.32,1.0322,4,0.27,0.8709,0,0
IWM190927P150,2019-09-20,2019-09-20 09:31:12,0.28,0.9032,20,0.26,0.8387,699,0.32,1.0322,4,0.27,0.8709,0,0
IWM190927P150,2019-09-20,2019-09-20 09:31:13,0.28,0.9032,30,0.26,0.8387,695,0.32,1.0322,4,0.27,0.8709,0,0
IWM190927P150,2019-09-20,2019-09-20 09:31:14,0.28,0.9032,30,0.26,0.8387,695,0.32,1.0322,4,0.27,0.8709,0,0
IWM190927P150,2019-09-20,2019-09-20 09:31:15,0.28,0.9032,30,0.26,0.8387,695,0.32,1.0322,4,0.27,0.8709,0,0
IWM190927P150,2019-09-20,2019-09-20 09:31:15,0.28,0.9032,12,0.26,0.8387,695,0.32,1.0322,4,0.27,0.8709,0,0
IWM190927P150,2019-09-20,2019-09-20 09:31:16,0.28,0.9032,18,0.26,0.8387,695,0.32,1.0322,4,0.27,0.8709,0,0
IWM190927P150,2019-09-20,2019-09-20 09:31:17,0.28,0.9032,18,0.26,0.8387,695,0.32,1.0322,4,0.27,0.8709,0,0
IWM190927P150,2019-09-20,2019-09-20 09:31:17,0.28,0.9032,18,0.26,0.8387,715,0.32,1.0322,4,0.27,0.8709,0,0
IWM190927P150,2019-09-20,2019-09-20 09:31:18,0.29,0.9354,306,0.27,0.8709,1,0.32,1.0322,4,0.28,0.9032,0,0
IWM190927P150,2019-09-20,2019-09-20 09:31:18,0.29,0.9354,216,0.27,0.8709,1,0.32,1.0322,4,0.28,0.9032,0,0
IWM190927P150,2019-09-20,2019-09-20 09:31:19,0.29,0.9354,341,0.27,0.8709,1,0.32,1.0322,4,0.28,0.9032,0,0
IWM190927P150,2019-09-20,2019-09-20 09:31:19,0.29,0.9354,306,0.26,0.8387,549,0.32,1.0322,4,0.275,0.887,0,0
IWM190927P150,2019-09-20,2019-09-20 09:31:20,0.29,0.9354,417,0.27,0.8709,1,0.32,1.0322,4,0.28,0.9032,0,0
IWM190927P150,2019-09-20,2019-09-20 09:31:20,0.28,0.9032,12,0.27,0.8709,1,0.32,1.0322,4,0.275,0.887,0,0
IWM190927P150,2019-09-20,2019-09-20 09:31:21,0.29,0.9354,449,0.26,0.8387,763,0.32,1.0322,4,0.275,0.887,0,0
IWM190927P150,2019-09-20,2019-09-20 09:31:21,0.29,0.9354,214,0.26,0.8387,103,0.32,1.0322,4,0.275,0.887,0,0
IWM190927P150,2019-09-20,2019-09-20 09:31:22,0.29,0.9354,439,0.26,0.8387,753,0.32,1.0322,4,0.275,0.887,0,0
IWM190927P150,2019-09-20,2019-09-20 09:31:22,0.29,0.9354,493,0.26,0.8387,804,0.32,1.0322,4,0.275,0.887,0,0
IWM190927P150,2019-09-20,2019-09-20 09:31:23,0.29,0.9354,456,0.26,0.8387,797,0.32,1.0322,4,0.275,0.887,0,0
IWM190927P150,2019-09-20,2019-09-20 09:31:24,0.29,0.9354,456,0.26,0.8387,797,0.32,1.0322,4,0.275,0.887,0,0
IWM190927P150,2019-09-20,2019-09-20 09:31:25,0.29,0.9354,456,0.27,0.8709,1,0.32,1.0322,4,0.28,0.9032,0,0
IWM190927P150,2019-09-20,2019-09-20 09:31:26,0.29,0.9354,456,0.27,0.8709,1,0.32,1.0322,4,0.28,0.9032,0,0
IWM190927P150,2019-09-20,2019-09-20 09:31:26,0.29,0.9354,315,0.27,0.8709,1,0.32,1.0322,4,0.28,0.9032,0,0
IWM190927P150,2019-09-20,2019-09-20 09:31:27,0.29,0.9354,362,0.26,0.8387,212,0.32,1.0322,4,0.275,0.887,0,0
IWM190927P150,2019-09-20,2019-09-20 09:31:27,0.29,0.9354,252,0.26,0.8387,928,0.32,1.0322,4,0.275,0.887,0,0
IWM190927P150,2019-09-20,2019-09-20 09:31:28,0.28,0.9032,68,0.26,0.8387,83,0.32,1.0322,4,0.27,0.8709,0,0
IWM190927P150,2019-09-20,2019-09-20 09:31:28,0.28,0.9032,32,0.26,0.8387,70,0.32,1.0322,4,0.27,0.8709,0,0
IWM190927P150,2019-09-20,2019-09-20 09:31:29,0.29,0.9354,321,0.26,0.8387,878,0.32,1.0322,4,0.275,0.887,0,0
IWM190927P150,2019-09-20,2019-09-20 09:31:29,0.29,0.9354,655,0.26,0.8387,894,0.32,1.0322,4,0.275,0.887,0,0
IWM190927P150,2019-09-20,2019-09-20 09:31:30,0.28,0.9032,10,0.26,0.8387,772,0.32,1.0322,4,0.27,0.8709,0,0
IWM190927P150,2019-09-20,2019-09-20 09:31:30,0.29,0.9354,655,0.26,0.8387,880,0.32,1.0322,4,0.275,0.887,0,0
IWM190927P150,2019-09-20,2019-09-20 09:31:31,0.28,0.9032,20,0.26,0.8387,125,0.32,1.0322,4,0.27,0.8709,0,0
IWM190927P150,2019-09-20,2019-09-20 09:31:31,0.28,0.9032,10,0.26,0.8387,762,0.32,1.0322,4,0.27,0.8709,0,0
IWM190927P150,2019-09-20,2019-09-20 09:31:32,0.28,0.9032,240,0.26,0.8387,37,0.32,1.0322,4,0.27,0.8709,0,0
IWM190927P150,2019-09-20,2019-09-20 09:31:32,0.27,0.8709,1,0.26,0.8387,8,0.32,1.0322,4,0.265,0.8548,0,0
IWM190927P150,2019-09-20,2019-09-20 09:31:33,0.28,0.9032,448,0.25,0.8064,1034,0.32,1.0322,4,0.265,0.8548,0,0
IWM190927P150,2019-09-20,2019-09-20 09:31:33,0.28,0.9032,378,0.25,0.8064,702,0.32,1.0322,4,0.265,0.8548,0,0
IWM190927P150,2019-09-20,2019-09-20 09:31:34,0.28,0.9032,536,0.25,0.8064,1044,0.32,1.0322,4,0.265,0.8548,0,0
IWM190927P150,2019-09-20,2019-09-20 09:31:34,0.28,0.9032,356,0.25,0.8064,1048,0.32,1.0322,4,0.265,0.8548,0,0
IWM190927P150,2019-09-20,2019-09-20 09:31:35,0.28,0.9032,248,0.26,0.8387,30,0.32,1.0322,4,0.27,0.8709,0,0
IWM190927P150,2019-09-20,2019-09-20 09:31:35,0.28,0.9032,258,0.26,0.8387,20,0.32,1.0322,4,0.27,0.8709,0,0
IWM190927P150,2019-09-20,2019-09-20 09:31:36,0.28,0.9032,280,0.26,0.8387,30,0.32,1.0322,4,0.27,0.8709,0,0
IWM190927P150,2019-09-20,2019-09-20 09:31:36,0.28,0.9032,248,0.26,0.8387,30,0.32,1.0322,4,0.27,0.8709,0,0
IWM190927P150,2019-09-20,2019-09-20 09:31:37,0.28,0.9032,280,0.26,0.8387,30,0.32,1.0322,4,0.27,0.8709,0,0
IWM190927P150,2019-09-20,2019-09-20 09:31:37,0.28,0.9032,280,0.26,0.8387,10,0.32,1.0322,4,0.27,0.8709,0,0
IWM190927P150,2019-09-20,2019-09-20 09:31:38,0.28,0.9032,341,0.26,0.8387,20,0.32,1.0322,4,0.27,0.8709,0,0
IWM190927P150,2019-09-20,2019-09-20 09:31:38,0.28,0.9032,341,0.26,0.8387,10,0.32,1.0322,4,0.27,0.8709,0,0
IWM190927P150,2019-09-20,2019-09-20 09:31:39,0.28,0.9032,341,0.26,0.8387,30,0.32,1.0322,4,0.27,0.8709,0,0
IWM190927P150,2019-09-20,2019-09-20 09:31:40,0.28,0.9032,341,0.26,0.8387,30,0.32,1.0322,4,0.27,0.8709,0,0
IWM190927P150,2019-09-20,2019-09-20 09:31:40,0.28,0.9032,341,0.26,0.8387,45,0.32,1.0322,4,0.27,0.8709,0,0
IWM190927P150,2019-09-20,2019-09-20 09:31:41,0.28,0.9032,341,0.26,0.8387,42,0.32,1.0322,4,0.27,0.8709,0,0
IWM190927P150,2019-09-20,2019-09-20 09:31:42,0.28,0.9032,341,0.26,0.8387,42,0.32,1.0322,4,0.27,0.8709,0,0
IWM190927P150,2019-09-20,2019-09-20 09:31:42,0.28,0.9032,323,0.26,0.8387,10,0.32,1.0322,4,0.27,0.8709,0,0
IWM190927P150,2019-09-20,2019-09-20 09:31:43,0.28,0.9032,285,0.26,0.8387,2,0.32,1.0322,4,0.27,0.8709,0,0
IWM190927P150,2019-09-20,2019-09-20 09:31:43,0.28,0.9032,369,0.26,0.8387,5,0.32,1.0322,4,0.27,0.8709,0,0
IWM190927P150,2019-09-20,2019-09-20 09:31:44,0.28,0.9032,355,0.26,0.8387,5,0.32,1.0322,4,0.27,0.8709,0,0
IWM190927P150,2019-09-20,2019-09-20 09:31:44,0.28,0.9032,355,0.26,0.8387,40,0.32,1.0322,4,0.27,0.8709,0,0
IWM190927P150,2019-09-20,2019-09-20 09:31:45,0.28,0.9032,355,0.26,0.8387,47,0.32,1.0322,4,0.27,0.8709,0,0
IWM190927P150,2019-09-20,2019-09-20 09:31:45,0.28,0.9032,355,0.26,0.8387,30,0.32,1.0322,4,0.27,0.8709,0,0
IWM190927P150,2019-09-20,2019-09-20 09:31:46,0.28,0.9032,243,0.26,0.8387,57,0.32,1.0322,4,0.27,0.8709,0,0
IWM190927P150,2019-09-20,2019-09-20 09:31:46,0.28,0.9032,243,0.26,0.8387,47,0.32,1.0322,4,0.27,0.8709,0,0
IWM190927P150,2019-09-20,2019-09-20 09:31:47,0.28,0.9032,187,0.26,0.8387,48,0.32,1.0322,4,0.27,0.8709,0,0
IWM190927P150,2019-09-20,2019-09-20 09:31:47,0.28,0.9032,230,0.26,0.8387,48,0.32,1.0322,4,0.27,0.8709,0,0
IWM190927P150,2019-09-20,2019-09-20 09:31:48,0.28,0.9032,187,0.26,0.8387,48,0.32,1.0322,4,0.27,0.8709,0,0
IWM190927P150,2019-09-20,2019-09-20 09:31:48,0.28,0.9032,218,0.26,0.8387,20,0.32,1.0322,4,0.27,0.8709,0,0
IWM190927P150,2019-09-20,2019-09-20 09:31:49,0.28,0.9032,413,0.26,0.8387,20,0.32,1.0322,4,0.27,0.8709,0,0
IWM190927P150,2019-09-20,2019-09-20 09:31:49,0.28,0.9032,483,0.26,0.8387,20,0.32,1.0322,4,0.27,0.8709,0,0
IWM190927P150,2019-09-20,2019-09-20 09:31:50,0.27,0.8709,6,0.26,0.8387,20,0.32,1.0322,4,0.265,0.8548,0,0
IWM190927P150,2019-09-20,2019-09-20 09:31:50,0.28,0.9032,493,0.26,0.8387,20,0.32,1.0322,4,0.27,0.8709,0,0
IWM190927P150,2019-09-20,2019-09-20 09:31:51,0.27,0.8709,6,0.26,0.8387,20,0.32,1.0322,4,0.265,0.8548,0,0
IWM190927P150,2019-09-20,2019-09-20 09:31:51,0.27,0.8709,13,0.26,0.8387,30,0.32,1.0322,4,0.265,0.8548,0,0
IWM190927P150,2019-09-20,2019-09-20 09:31:52,0.27,0.8709,13,0.26,0.8387,40,0.32,1.0322,4,0.265,0.8548,0,0
IWM190927P150,2019-09-20,2019-09-20 09:31:53,0.27,0.8709,13,0.26,0.8387,40,0.32,1.0322,4,0.265,0.8548,0,0
IWM190927P150,2019-09-20,2019-09-20 09:31:54,0.27,0.8709,13,0.26,0.8387,46,0.32,1.0322,4,0.265,0.8548,0,0
IWM190927P150,2019-09-20,2019-09-20 09:31:55,0.27,0.8709,20,0.26,0.8387,36,0.32,1.0322,4,0.265,0.8548,0,0
IWM190927P150,2019-09-20,2019-09-20 09:31:56,0.27,0.8709,20,0.26,0.8387,36,0.32,1.0322,4,0.265,0.8548,0,0
IWM190927P150,2019-09-20,2019-09-20 09:31:57,0.27,0.8709,20,0.26,0.8387,36,0.32,1.0322,4,0.265,0.8548,0,0
IWM190927P150,2019-09-20,2019-09-20 09:31:57,0.27,0.8709,20,0.26,0.8387,49,0.32,1.0322,4,0.265,0.8548,0,0
IWM190927P150,2019-09-20,2019-09-20 09:31:58,0.27,0.8709,20,0.26,0.8387,40,0.32,1.0322,4,0.265,0.8548,0,0
IWM190927P150,2019-09-20,2019-09-20 09:31:59,0.27,0.8709,13,0.26,0.8387,40,0.32,1.0322,4,0.265,0.8548,0,0
IWM190927P150,2019-09-20,2019-09-20 09:31:59,0.27,0.8709,20,0.26,0.8387,51,0.32,1.0322,4,0.265,0.8548,0,0
IWM190927P150,2019-09-20,2019-09-20 09:32:00,0.28,0.9032,106,0.26,0.8387,61,0.32,1.0322,4,0.27,0.8709,0,0
IWM190927P150,2019-09-20,2019-09-20 09:32:00,0.27,0.8709,20,0.26,0.8387,51,0.32,1.0322,4,0.265,0.8548,0,0
IWM190927P150,2019-09-20,2019-09-20 09:32:01,0.27,0.8709,10,0.26,0.8387,51,0.32,1.0322,4,0.265,0.8548,0,0
IWM190927P150,2019-09-20,2019-09-20 09:32:01,0.27,0.8709,2,0.26,0.8387,61,0.32,1.0322,4,0.265,0.8548,0,0
IWM190927P150,2019-09-20,2019-09-20 09:32:02,0.27,0.8709,10,0.26,0.8387,111,0.32,1.0322,4,0.265,0.8548,0,0
IWM190927P150,2019-09-20,2019-09-20 09:32:02,0.27,0.8709,10,0.26,0.8387,93,0.32,1.0322,4,0.265,0.8548,0,0
IWM190927P150,2019-09-20,2019-09-20 09:32:03,0.27,0.8709,10,0.26,0.8387,46,0.32,1.0322,4,0.265,0.8548,0,0
IWM190927P150,2019-09-20,2019-09-20 09:32:03,0.27,0.8709,10,0.26,0.8387,111,0.32,1.0322,4,0.265,0.8548,0,0
IWM190927P150,2019-09-20,2019-09-20 09:32:04,0.27,0.8709,10,0.26,0.8387,46,0.32,1.0322,4,0.265,0.8548,0,0
IWM190927P150,2019-09-20,2019-09-20 09:32:05,0.27,0.8709,10,0.26,0.8387,46,0.32,1.0322,4,0.265,0.8548,0,0
IWM190927P150,2019-09-20,2019-09-20 09:32:06,0.27,0.8709,21,0.26,0.8387,37,0.32,1.0322,4,0.265,0.8548,0,0
IWM190927P150,2019-09-20,2019-09-20 09:32:06,0.27,0.8709,10,0.26,0.8387,46,0.32,1.0322,4,0.265,0.8548,0,0
IWM190927P150,2019-09-20,2019-09-20 09:32:07,0.27,0.8709,31,0.26,0.8387,37,0.32,1.0322,4,0.265,0.8548,0,0
IWM190927P150,2019-09-20,2019-09-20 09:32:07,0.27,0.8709,88,0.26,0.8387,43,0.32,1.0322,4,0.265,0.8548,0,0
IWM190927P150,2019-09-20,2019-09-20 09:32:08,0.27,0.8709,160,0.25,0.8064,800,0.32,1.0322,4,0.26,0.8387,0,0
IWM190927P150,2019-09-20,2019-09-20 09:32:08,0.27,0.8709,89,0.25,0.8064,571,0.32,1.0322,4,0.26,0.8387,0,0
IWM190927P150,2019-09-20,2019-09-20 09:32:09,0.27,0.8709,160,0.25,0.8064,985,0.32,1.0322,4,0.26,0.8387,0,0
IWM190927P150,2019-09-20,2019-09-20 09:32:09,0.27,0.8709,170,0.25,0.8064,985,0.32,1.0322,4,0.26,0.8387,0,0
IWM190927P150,2019-09-20,2019-09-20 09:32:10,0.27,0.8709,154,0.26,0.8387,3,0.32,1.0322,4,0.265,0.8548,0,0
IWM190927P150,2019-09-20,2019-09-20 09:32:10,0.27,0.8709,160,0.25,0.8064,985,0.32,1.0322,4,0.26,0.8387,0,0
IWM190927P150,2019-09-20,2019-09-20 09:32:11,0.27,0.8709,154,0.25,0.8064,1361,0.32,1.0322,4,0.26,0.8387,0,0
IWM190927P150,2019-09-20,2019-09-20 09:32:11,0.27,0.8709,154,0.25,0.8064,730,0.32,1.0322,4,0.26,0.8387,0,0
IWM190927P150,2019-09-20,2019-09-20 09:32:12,0.27,0.8709,157,0.26,0.8387,1,0.32,1.0322,4,0.265,0.8548,0,0
IWM190927P150,2019-09-20,2019-09-20 09:32:12,0.27,0.8709,108,0.25,0.8064,1020,0.32,1.0322,4,0.26,0.8387,0,0
IWM190927P150,2019-09-20,2019-09-20 09:32:13,0.27,0.8709,75,0.26,0.8387,10,0.32,1.0322,4,0.265,0.8548,0,0
IWM190927P150,2019-09-20,2019-09-20 09:32:13,0.27,0.8709,108,0.26,0.8387,10,0.32,1.0322,4,0.265,0.8548,0,0
IWM190927P150,2019-09-20,2019-09-20 09:32:14,0.27,0.8709,75,0.26,0.8387,10,0.32,1.0322,4,0.265,0.8548,0,0
IWM190927P150,2019-09-20,2019-09-20 09:32:14,0.27,0.8709,100,0.26,0.8387,10,0.32,1.0322,4,0.265,0.8548,0,0
IWM190927P150,2019-09-20,2019-09-20 09:32:15,0.27,0.8709,57,0.26,0.8387,10,0.32,1.0322,4,0.265,0.8548,0,0
IWM190927P150,2019-09-20,2019-09-20 09:32:15,0.27,0.8709,73,0.26,0.8387,10,0.32,1.0322,4,0.265,0.8548,0,0
IWM190927P150,2019-09-20,2019-09-20 09:32:16,0.27,0.8709,31,0.26,0.8387,48,0.32,1.0322,4,0.265,0.8548,0,0
IWM190927P150,2019-09-20,2019-09-20 09:32:16,0.27,0.8709,97,0.26,0.8387,30,0.32,1.0322,4,0.265,0.8548,0,0
IWM190927P150,2019-09-20,2019-09-20 09:32:17,0.27,0.8709,79,0.26,0.8387,30,0.32,1.0322,4,0.265,0.8548,0,0
IWM190927P150,2019-09-20,2019-09-20 09:32:18,0.27,0.8709,79,0.26,0.8387,47,0.32,1.0322,4,0.265,0.8548,0,0
IWM190927P150,2019-09-20,2019-09-20 09:32:19,0.27,0.8709,79,0.26,0.8387,47,0.32,1.0322,4,0.265,0.8548,0,0
IWM190927P150,2019-09-20,2019-09-20 09:32:19,0.27,0.8709,12,0.26,0.8387,99,0.32,1.0322,4,0.265,0.8548,0,0
IWM190927P150,2019-09-20,2019-09-20 09:32:20,0.27,0.8709,50,0.26,0.8387,20,0.32,1.0322,4,0.265,0.8548,0,0
IWM190927P150,2019-09-20,2019-09-20 09:32:20,0.27,0.8709,12,0.26,0.8387,30,0.32,1.0322,4,0.265,0.8548,0,0
IWM190927P150,2019-09-20,2019-09-20 09:32:21,0.27,0.8709,10,0.26,0.8387,40,0.32,1.0322,4,0.265,0.8548,0,0
IWM190927P150,2019-09-20,2019-09-20 09:32:21,0.27,0.8709,29,0.26,0.8387,40,0.32,1.0322,4,0.265,0.8548,0,0
IWM190927P150,2019-09-20,2019-09-20 09:32:22,0.27,0.8709,29,0.26,0.8387,50,0.32,1.0322,4,0.265,0.8548,0,0
IWM190927P150,2019-09-20,2019-09-20 09:32:23,0.27,0.8709,99,0.26,0.8387,30,0.32,1.0322,4,0.265,0.8548,0,0
IWM190927P150,2019-09-20,2019-09-20 09:32:23,0.27,0.8709,179,0.26,0.8387,30,0.32,1.0322,4,0.265,0.8548,0,0
IWM190927P150,2019-09-20,2019-09-20 09:32:24,0.27,0.8709,207,0.26,0.8387,40,0.32,1.0322,4,0.265,0.8548,0,0
IWM190927P150,2019-09-20,2019-09-20 09:32:25,0.27,0.8709,197,0.26,0.8387,40,0.32,1.0322,4,0.265,0.8548,0,0
IWM190927P150,2019-09-20,2019-09-20 09:32:25,0.27,0.8709,291,0.26,0.8387,20,0.32,1.0322,4,0.265,0.8548,0,0
IWM190927P150,2019-09-20,2019-09-20 09:32:26,0.27,0.8709,291,0.26,0.8387,20,0.32,1.0322,4,0.265,0.8548,0,0
IWM190927P150,2019-09-20,2019-09-20 09:32:27,0.27,0.8709,291,0.25,0.8064,646,0.32,1.0322,4,0.26,0.8387,0,0
IWM190927P150,2019-09-20,2019-09-20 09:32:27,0.27,0.8709,291,0.26,0.8387,2,0.32,1.0322,4,0.265,0.8548,0,0
IWM190927P150,2019-09-20,2019-09-20 09:32:28,0.27,0.8709,515,0.25,0.8064,176,0.32,1.0322,4,0.26,0.8387,0,0
IWM190927P150,2019-09-20,2019-09-20 09:32:28,0.27,0.8709,515,0.26,0.8387,2,0.32,1.0322,4,0.265,0.8548,0,0
IWM190927P150,2019-09-20,2019-09-20 09:32:29,0.27,0.8709,696,0.25,0.8064,838,0.32,1.0322,4,0.26,0.8387,0,0
IWM190927P150,2019-09-20,2019-09-20 09:32:29,0.27,0.8709,696,0.25,0.8064,848,0.32,1.0322,4,0.26,0.8387,0,0
IWM190927P150,2019-09-20,2019-09-20 09:32:30,0.27,0.8709,732,0.25,0.8064,848,0.32,1.0322,4,0.26,0.8387,0,0
IWM190927P150,2019-09-20,2019-09-20 09:32:30,0.27,0.8709,516,0.25,0.8064,848,0.32,1.0322,4,0.26,0.8387,0,0
IWM190927P150,2019-09-20,2019-09-20 09:32:31,0.27,0.8709,732,0.25,0.8064,848,0.32,1.0322,4,0.26,0.8387,0,0
IWM190927P150,2019-09-20,2019-09-20 09:32:32,0.27,0.8709,732,0.25,0.8064,848,0.32,1.0322,4,0.26,0.8387,0,0
IWM190927P150,2019-09-20,2019-09-20 09:32:33,0.27,0.8709,118,0.25,0.8064,429,0.32,1.0322,4,0.26,0.8387,0,0
IWM190927P150,2019-09-20,2019-09-20 09:32:33,0.27,0.8709,680,0.25,0.8064,848,0.32,1.0322,4,0.26,0.8387,0,0
IWM190927P150,2019-09-20,2019-09-20 09:32:34,0.27,0.8709,167,0.25,0.8064,1255,0.32,1.0322,4,0.26,0.8387,0,0
IWM190927P150,2019-09-20,2019-09-20 09:32:34,0.27,0.8709,111,0.25,0.8064,1231,0.32,1.0322,4,0.26,0.8387,0,0
IWM190927P150,2019-09-20,2019-09-20 09:32:35,0.27,0.8709,177,0.25,0.8064,1050,0.32,1.0322,4,0.26,0.8387,0,0
IWM190927P150,2019-09-20,2019-09-20 09:32:35,0.27,0.8709,428,0.25,0.8064,983,0.32,1.0322,4,0.26,0.8387,0,0
IWM190927P150,2019-09-20,2019-09-20 09:32:36,0.27,0.8709,176,0.26,0.8387,17,0.32,1.0322,4,0.265,0.8548,0,0
IWM190927P150,2019-09-20,2019-09-20 09:32:36,0.27,0.8709,184,0.25,0.8064,983,0.32,1.0322,4,0.26,0.8387,0,0
IWM190927P150,2019-09-20,2019-09-20 09:32:37,0.27,0.8709,206,0.25,0.8064,216,0.32,1.0322,4,0.26,0.8387,0,0
IWM190927P150,2019-09-20,2019-09-20 09:32:37,0.27,0.8709,196,0.25,0.8064,738,0.32,1.0322,4,0.26,0.8387,0,0
IWM190927P150,2019-09-20,2019-09-20 09:32:38,0.27,0.8709,301,0.25,0.8064,631,0.32,1.0322,4,0.26,0.8387,0,0
IWM190927P150,2019-09-20,2019-09-20 09:32:38,0.27,0.8709,510,0.25,0.8064,616,0.32,1.0322,4,0.26,0.8387,0,0
IWM190927P150,2019-09-20,2019-09-20 09:32:39,0.27,0.8709,515,0.25,0.8064,579,0.32,1.0322,4,0.26,0.8387,0,0
IWM190927P150,2019-09-20,2019-09-20 09:32:40,0.27,0.8709,559,0.25,0.8064,512,0.32,1.0322,4,0.26,0.8387,0,0
IWM190927P150,2019-09-20,2019-09-20 09:32:42,0.27,0.8709,559,0.25,0.8064,502,0.32,1.0322,4,0.26,0.8387,0,0
IWM190927P150,2019-09-20,2019-09-20 09:32:43,0.27,0.8709,358,0.25,0.8064,558,0.32,1.0322,4,0.26,0.8387,0,0
IWM190927P150,2019-09-20,2019-09-20 09:32:43,0.27,0.8709,404,0.25,0.8064,542,0.32,1.0322,4,0.26,0.8387,0,0
IWM190927P150,2019-09-20,2019-09-20 09:32:44,0.27,0.8709,501,0.25,0.8064,542,0.32,1.0322,4,0.26,0.8387,0,0
IWM190927P150,2019-09-20,2019-09-20 09:32:45,0.27,0.8709,326,0.25,0.8064,442,0.32,1.0322,4,0.26,0.8387,0,0
IWM190927P150,2019-09-20,2019-09-20 09:32:45,0.27,0.8709,187,0.25,0.8064,635,0.32,1.0322,4,0.26,0.8387,0,0
IWM190927P150,2019-09-20,2019-09-20 09:32:46,0.27,0.8709,306,0.25,0.8064,822,0.32,1.0322,4,0.26,0.8387,0,0
IWM190927P150,2019-09-20,2019-09-20 09:32:46,0.27,0.8709,187,0.25,0.8064,822,0.32,1.0322,4,0.26,0.8387,0,0
IWM190927P150,2019-09-20,2019-09-20 09:32:47,0.27,0.8709,326,0.25,0.8064,822,0.32,1.0322,4,0.26,0.8387,0,0
IWM190927P150,2019-09-20,2019-09-20 09:32:47,0.27,0.8709,326,0.25,0.8064,528,0.32,1.0322,4,0.26,0.8387,0,0
IWM190927P150,2019-09-20,2019-09-20 09:32:48,0.27,0.8709,286,0.25,0.8064,22,0.32,1.0322,4,0.26,0.8387,0,0
IWM190927P150,2019-09-20,2019-09-20 09:32:48,0.27,0.8709,547,0.25,0.8064,43,0.32,1.0322,4,0.26,0.8387,0,0
IWM190927P150,2019-09-20,2019-09-20 09:32:49,0.27,0.8709,672,0.25,0.8064,53,0.32,1.0322,4,0.26,0.8387,0,0
IWM190927P150,2019-09-20,2019-09-20 09:32:49,0.27,0.8709,662,0.25,0.8064,43,0.32,1.0322,4,0.26,0.8387,0,0
IWM190927P150,2019-09-20,2019-09-20 09:32:50,0.27,0.8709,662,0.25,0.8064,43,0.32,1.0322,4,0.26,0.8387,0,0
IWM190927P150,2019-09-20,2019-09-20 09:32:50,0.27,0.8709,672,0.25,0.8064,25,0.32,1.0322,4,0.26,0.8387,0,0
IWM190927P150,2019-09-20,2019-09-20 09:32:51,0.27,0.8709,672,0.25,0.8064,44,0.32,1.0322,4,0.26,0.8387,0,0
IWM190927P150,2019-09-20,2019-09-20 09:32:51,0.26,0.8387,90,0.25,0.8064,30,0.32,1.0322,4,0.255,0.8225,0,0
IWM190927P150,2019-09-20,2019-09-20 09:32:52,0.26,0.8387,162,0.25,0.8064,30,0.32,1.0322,4,0.255,0.8225,0,0
IWM190927P150,2019-09-20,2019-09-20 09:32:53,0.26,0.8387,253,0.25,0.8064,30,0.32,1.0322,4,0.255,0.8225,0,0
IWM190927P150,2019-09-20,2019-09-20 09:32:53,0.26,0.8387,407,0.25,0.8064,48,0.32,1.0322,4,0.255,0.8225,0,0
IWM190927P150,2019-09-20,2019-09-20 09:32:54,0.26,0.8387,273,0.25,0.8064,744,0.32,1.0322,4,0.255,0.8225,0,0
IWM190927P150,2019-09-20,2019-09-20 09:32:54,0.26,0.8387,347,0.25,0.8064,283,0.32,1.0322,4,0.255,0.8225,0,0
IWM190927P150,2019-09-20,2019-09-20 09:32:55,0.26,0.8387,172,0.25,0.8064,745,0.32,1.0322,4,0.255,0.8225,0,0
IWM190927P150,2019-09-20,2019-09-20 09:32:55,0.26,0.8387,273,0.25,0.8064,767,0.32,1.0322,4,0.255,0.8225,0,0
IWM190927P150,2019-09-20,2019-09-20 09:32:56,0.26,0.8387,134,0.25,0.8064,646,0.32,1.0322,4,0.255,0.8225,0,0
IWM190927P150,2019-09-20,2019-09-20 09:32:56,0.26,0.8387,85,0.25,0.8064,646,0.32,1.0322,4,0.255,0.8225,0,0
IWM190927P150,2019-09-20,2019-09-20 09:32:57,0.26,0.8387,66,0.25,0.8064,600,0.32,1.0322,4,0.255,0.8225,0,0
IWM190927P150,2019-09-20,2019-09-20 09:32:57,0.26,0.8387,312,0.25,0.8064,640,0.32,1.0322,4,0.255,0.8225,0,0
IWM190927P150,2019-09-20,2019-09-20 09:32:58,0.26,0.8387,125,0.25,0.8064,643,0.32,1.0322,4,0.255,0.8225,0,0
IWM190927P150,2019-09-20,2019-09-20 09:32:58,0.26,0.8387,117,0.25,0.8064,624,0.32,1.0322,4,0.255,0.8225,0,0
IWM190927P150,2019-09-20,2019-09-20 09:32:59,0.26,0.8387,20,0.25,0.8064,20,0.32,1.0322,4,0.255,0.8225,0,0
IWM190927P150,2019-09-20,2019-09-20 09:32:59,0.26,0.8387,172,0.25,0.8064,44,0.32,1.0322,4,0.255,0.8225,0,0
IWM190927P150,2019-09-20,2019-09-20 09:33:00,0.26,0.8387,511,0.25,0.8064,14,0.32,1.0322,4,0.255,0.8225,0,0
IWM190927P150,2019-09-20,2019-09-20 09:33:01,0.26,0.8387,557,0.25,0.8064,16,0.32,1.0322,4,0.255,0.8225,0,0
IWM190927P150,2019-09-20,2019-09-20 09:33:01,0.26,0.8387,696,0.25,0.8064,16,0.32,1.0322,4,0.255,0.8225,0,0
IWM190927P150,2019-09-20,2019-09-20 09:33:02,0.26,0.8387,720,0.24,0.7741,378,0.32,1.0322,4,0.25,0.8064,0,0
IWM190927P150,2019-09-20,2019-09-20 09:33:02,0.26,0.8387,749,0.24,0.7741,656,0.32,1.0322,4,0.25,0.8064,0,0
IWM190927P150,2019-09-20,2019-09-20 09:33:03,0.26,0.8387,819,0.24,0.7741,637,0.32,1.0322,4,0.25,0.8064,0,0
IWM190927P150,2019-09-20,2019-09-20 09:33:04,0.25,0.8064,44,0.24,0.7741,637,0.32,1.0322,4,0.245,0.7903,0,0
IWM190927P150,2019-09-20,2019-09-20 09:33:04,0.26,0.8387,823,0.24,0.7741,637,0.32,1.0322,4,0.25,0.8064,0,0
IWM190927P150,2019-09-20,2019-09-20 09:33:05,0.25,0.8064,23,0.24,0.7741,642,0.32,1.0322,4,0.245,0.7903,0,0
IWM190927P150,2019-09-20,2019-09-20 09:33:05,0.25,0.8064,34,0.24,0.7741,331,0.32,1.0322,4,0.245,0.7903,0,0
IWM190927P150,2019-09-20,2019-09-20 09:33:06,0.25,0.8064,22,0.24,0.7741,642,0.32,1.0322,4,0.245,0.7903,0,0
IWM190927P150,2019-09-20,2019-09-20 09:33:07,0.25,0.8064,22,0.24,0.7741,591,0.32,1.0322,4,0.245,0.7903,0,0
IWM190927P150,2019-09-20,2019-09-20 09:33:07,0.25,0.8064,22,0.24,0.7741,642,0.32,1.0322,4,0.245,0.7903,0,0
IWM190927P150,2019-09-20,2019-09-20 09:33:08,0.25,0.8064,22,0.24,0.7741,642,0.32,1.0322,4,0.245,0.7903,0,0
IWM190927P150,2019-09-20,2019-09-20 09:33:09,0.25,0.8064,39,0.24,0.7741,642,0.32,1.0322,4,0.245,0.7903,0,0
IWM190927P150,2019-09-20,2019-09-20 09:33:10,0.25,0.8064,39,0.24,0.7741,865,0.32,1.0322,4,0.245,0.7903,0,0
IWM190927P150,2019-09-20,2019-09-20 09:33:10,0.25,0.8064,37,0.24,0.7741,865,0.32,1.0322,4,0.245,0.7903,0,0
IWM190927P150,2019-09-20,2019-09-20 09:33:11,0.25,0.8064,39,0.24,0.7741,642,0.32,1.0322,4,0.245,0.7903,0,0
IWM190927P150,2019-09-20,2019-09-20 09:33:11,0.25,0.8064,58,0.24,0.7741,642,0.32,1.0322,4,0.245,0.7903,0,0
IWM190927P150,2019-09-20,2019-09-20 09:33:12,0.25,0.8064,71,0.24,0.7741,644,0.32,1.0322,4,0.245,0.7903,0,0
IWM190927P150,2019-09-20,2019-09-20 09:33:12,0.25,0.8064,38,0.24,0.7741,888,0.32,1.0322,4,0.245,0.7903,0,0
IWM190927P150,2019-09-20,2019-09-20 09:33:13,0.25,0.8064,38,0.24,0.7741,878,0.32,1.0322,4,0.245,0.7903,0,0
IWM190927P150,2019-09-20,2019-09-20 09:33:14,0.25,0.8064,30,0.24,0.7741,969,0.32,1.0322,4,0.245,0.7903,0,0
IWM190927P150,2019-09-20,2019-09-20 09:33:14,0.25,0.8064,38,0.24,0.7741,969,0.32,1.0322,4,0.245,0.7903,0,0
IWM190927P150,2019-09-20,2019-09-20 09:33:15,0.26,0.8387,643,0.24,0.7741,1232,0.32,1.0322,4,0.25,0.8064,0,0
IWM190927P150,2019-09-20,2019-09-20 09:33:16,0.26,0.8387,653,0.24,0.7741,1224,0.32,1.0322,4,0.25,0.8064,0,0
IWM190927P150,2019-09-20,2019-09-20 09:33:16,0.26,0.8387,131,0.24,0.7741,1224,0.32,1.0322,4,0.25,0.8064,0,0
IWM190927P150,2019-09-20,2019-09-20 09:33:17,0.26,0.8387,670,0.24,0.7741,1102,0.32,1.0322,4,0.25,0.8064,0,0
IWM190927P150,2019-09-20,2019-09-20 09:33:17,0.26,0.8387,670,0.24,0.7741,1110,0.32,1.0322,4,0.25,0.8064,0,0
IWM190927P150,2019-09-20,2019-09-20 09:33:18,0.26,0.8387,670,0.24,0.7741,1110,0.32,1.0322,4,0.25,0.8064,0,0
IWM190927P150,2019-09-20,2019-09-20 09:33:19,0.25,0.8064,19,0.24,0.7741,1110,0.32,1.0322,4,0.245,0.7903,0,0
IWM190927P150,2019-09-20,2019-09-20 09:33:19,0.25,0.8064,11,0.24,0.7741,1110,0.32,1.0322,4,0.245,0.7903,0,0
IWM190927P150,2019-09-20,2019-09-20 09:33:20,0.25,0.8064,46,0.24,0.7741,789,0.32,1.0322,4,0.245,0.7903,0,0
IWM190927P150,2019-09-20,2019-09-20 09:33:20,0.25,0.8064,46,0.24,0.7741,1100,0.32,1.0322,4,0.245,0.7903,0,0
IWM190927P150,2019-09-20,2019-09-20 09:33:21,0.25,0.8064,46,0.24,0.7741,789,0.32,1.0322,4,0.245,0.7903,0,0
IWM190927P150,2019-09-20,2019-09-20 09:33:21,0.25,0.8064,46,0.24,0.7741,998,0.32,1.0322,4,0.245,0.7903,0,0
IWM190927P150,2019-09-20,2019-09-20 09:33:22,0.25,0.8064,46,0.24,0.7741,998,0.32,1.0322,4,0.245,0.7903,0,0
IWM190927P150,2019-09-20,2019-09-20 09:33:23,0.25,0.8064,46,0.24,0.7741,1052,0.32,1.0322,4,0.245,0.7903,0,0
IWM190927P150,2019-09-20,2019-09-20 09:33:24,0.25,0.8064,29,0.24,0.7741,1052,0.32,1.0322,4,0.245,0.7903,0,0
IWM190927P150,2019-09-20,2019-09-20 09:33:24,0.25,0.8064,46,0.24,0.7741,1052,0.32,1.0322,4,0.245,0.7903,0,0
IWM190927P150,2019-09-20,2019-09-20 09:33:25,0.25,0.8064,29,0.24,0.7741,1042,0.32,1.0322,4,0.245,0.7903,0,0
IWM190927P150,2019-09-20,2019-09-20 09:33:26,0.25,0.8064,29,0.24,0.7741,1042,0.32,1.0322,4,0.245,0.7903,0,0
IWM190927P150,2019-09-20,2019-09-20 09:33:27,0.25,0.8064,41,0.24,0.7741,1042,0.32,1.0322,4,0.245,0.7903,0,0
IWM190927P150,2019-09-20,2019-09-20 09:33:28,0.25,0.8064,41,0.24,0.7741,945,0.32,1.0322,4,0.245,0.7903,0,0
IWM190927P150,2019-09-20,2019-09-20 09:33:29,0.25,0.8064,20,0.24,0.7741,1028,0.32,1.0322,4,0.245,0.7903,0,0
IWM190927P150,2019-09-20,2019-09-20 09:33:29,0.25,0.8064,41,0.24,0.7741,945,0.32,1.0322,4,0.245,0.7903,0,0
IWM190927P150,2019-09-20,2019-09-20 09:33:30,0.25,0.8064,20,0.24,0.7741,1123,0.32,1.0322,4,0.245,0.7903,0,0
IWM190927P150,2019-09-20,2019-09-20 09:33:30,0.25,0.8064,14,0.24,0.7741,1123,0.32,1.0322,4,0.245,0.7903,0,0
IWM190927P150,2019-09-20,2019-09-20 09:33:31,0.25,0.8064,20,0.24,0.7741,1123,0.32,1.0322,4,0.245,0.7903,0,0
IWM190927P150,2019-09-20,2019-09-20 09:33:31,0.25,0.8064,14,0.24,0.7741,1123,0.32,1.0322,4,0.245,0.7903,0,0
IWM190927P150,2019-09-20,2019-09-20 09:33:32,0.25,0.8064,20,0.24,0.7741,1229,0.32,1.0322,4,0.245,0.7903,0,0
IWM190927P150,2019-09-20,2019-09-20 09:33:32,0.25,0.8064,20,0.24,0.7741,1123,0.32,1.0322,4,0.245,0.7903,0,0
IWM190927P150,2019-09-20,2019-09-20 09:33:33,0.25,0.8064,20,0.24,0.7741,1219,0.32,1.0322,4,0.245,0.7903,0,0
IWM190927P150,2019-09-20,2019-09-20 09:33:34,0.25,0.8064,30,0.24,0.7741,1124,0.32,1.0322,4,0.245,0.7903,0,0
IWM190927P150,2019-09-20,2019-09-20 09:33:35,0.25,0.8064,30,0.24,0.7741,1124,0.32,1.0322,4,0.245,0.7903,0,0
IWM190927P150,2019-09-20,2019-09-20 09:33:36,0.25,0.8064,37,0.24,0.7741,1124,0.32,1.0322,4,0.245,0.7903,0,0
IWM190927P150,2019-09-20,2019-09-20 09:33:37,0.25,0.8064,37,0.24,0.7741,1124,0.32,1.0322,4,0.245,0.7903,0,0
IWM190927P150,2019-09-20,2019-09-20 09:33:38,0.25,0.8064,37,0.24,0.7741,1124,0.32,1.0322,4,0.245,0.7903,0,0
IWM190927P150,2019-09-20,2019-09-20 09:33:39,0.25,0.8064,37,0.24,0.7741,1124,0.32,1.0322,4,0.245,0.7903,0,0
IWM190927P150,2019-09-20,2019-09-20 09:33:39,0.25,0.8064,37,0.24,0.7741,1053,0.32,1.0322,4,0.245,0.7903,0,0
IWM190927P150,2019-09-20,2019-09-20 09:33:40,0.25,0.8064,37,0.24,0.7741,841,0.32,1.0322,4,0.245,0.7903,0,0
IWM190927P150,2019-09-20,2019-09-20 09:33:40,0.25,0.8064,37,0.24,0.7741,471,0.32,1.0322,4,0.245,0.7903,0,0
IWM190927P150,2019-09-20,2019-09-20 09:33:41,0.25,0.8064,37,0.24,0.7741,780,0.32,1.0322,4,0.245,0.7903,0,0
IWM190927P150,2019-09-20,2019-09-20 09:33:42,0.25,0.8064,37,0.24,0.7741,780,0.32,1.0322,4,0.245,0.7903,0,0
IWM190927P150,2019-09-20,2019-09-20 09:33:43,0.25,0.8064,37,0.24,0.7741,780,0.32,1.0322,4,0.245,0.7903,0,0
IWM190927P150,2019-09-20,2019-09-20 09:33:44,0.25,0.8064,37,0.24,0.7741,770,0.32,1.0322,4,0.245,0.7903,0,0
IWM190927P150,2019-09-20,2019-09-20 09:33:45,0.25,0.8064,37,0.24,0.7741,770,0.32,1.0322,4,0.245,0.7903,0,0
IWM190927P150,2019-09-20,2019-09-20 09:33:46,0.25,0.8064,37,0.24,0.7741,1045,0.32,1.0322,4,0.245,0.7903,0,0
IWM190927P150,2019-09-20,2019-09-20 09:33:46,0.25,0.8064,37,0.24,0.7741,770,0.32,1.0322,4,0.245,0.7903,0,0
IWM190927P150,2019-09-20,2019-09-20 09:33:47,0.25,0.8064,20,0.24,0.7741,1118,0.32,1.0322,4,0.245,0.7903,0,0
IWM190927P150,2019-09-20,2019-09-20 09:33:48,0.25,0.8064,38,0.24,0.7741,841,0.32,1.0322,4,0.245,0.7903,0,0
IWM190927P150,2019-09-20,2019-09-20 09:33:48,0.25,0.8064,38,0.24,0.7741,1045,0.32,1.0322,4,0.245,0.7903,0,0
IWM190927P150,2019-09-20,2019-09-20 09:33:49,0.25,0.8064,26,0.24,0.7741,1063,0.32,1.0322,4,0.245,0.7903,0,0
IWM190927P150,2019-09-20,2019-09-20 09:33:49,0.25,0.8064,21,0.24,0.7741,1131,0.32,1.0322,4,0.245,0.7903,0,0
IWM190927P150,2019-09-20,2019-09-20 09:33:50,0.25,0.8064,36,0.24,0.7741,859,0.32,1.0322,4,0.245,0.7903,0,0
IWM190927P150,2019-09-20,2019-09-20 09:33:51,0.25,0.8064,36,0.24,0.7741,859,0.32,1.0322,4,0.245,0.7903,0,0
IWM190927P150,2019-09-20,2019-09-20 09:33:51,0.25,0.8064,36,0.24,0.7741,849,0.32,1.0322,4,0.245,0.7903,0,0
IWM190927P150,2019-09-20,2019-09-20 09:33:52,0.25,0.8064,36,0.24,0.7741,849,0.32,1.0322,4,0.245,0.7903,0,0
IWM190927P150,2019-09-20,2019-09-20 09:33:53,0.25,0.8064,36,0.24,0.7741,849,0.32,1.0322,4,0.245,0.7903,0,0
IWM190927P150,2019-09-20,2019-09-20 09:33:54,0.25,0.8064,36,0.24,0.7741,859,0.32,1.0322,4,0.245,0.7903,0,0
IWM190927P150,2019-09-20,2019-09-20 09:33:54,0.25,0.8064,36,0.24,0.7741,849,0.32,1.0322,4,0.245,0.7903,0,0
IWM190927P150,2019-09-20,2019-09-20 09:33:55,0.25,0.8064,36,0.24,0.7741,859,0.32,1.0322,4,0.245,0.7903,0,0
IWM190927P150,2019-09-20,2019-09-20 09:33:56,0.25,0.8064,36,0.24,0.7741,859,0.32,1.0322,4,0.245,0.7903,0,0
IWM190927P150,2019-09-20,2019-09-20 09:33:57,0.25,0.8064,36,0.24,0.7741,859,0.32,1.0322,4,0.245,0.7903,0,0
IWM190927P150,2019-09-20,2019-09-20 09:33:58,0.25,0.8064,36,0.24,0.7741,429,0.32,1.0322,4,0.245,0.7903,0,0
IWM190927P150,2019-09-20,2019-09-20 09:33:59,0.26,0.8387,157,0.24,0.7741,801,0.32,1.0322,4,0.25,0.8064,0,0
IWM190927P150,2019-09-20,2019-09-20 09:33:59,0.26,0.8387,958,0.24,0.7741,801,0.32,1.0322,4,0.25,0.8064,0,0
IWM190927P150,2019-09-20,2019-09-20 09:34:00,0.26,0.8387,985,0.24,0.7741,801,0.32,1.0322,4,0.25,0.8064,0,0
IWM190927P150,2019-09-20,2019-09-20 09:34:01,0.26,0.8387,697,0.24,0.7741,441,0.32,1.0322,4,0.25,0.8064,0,0
IWM190927P150,2019-09-20,2019-09-20 09:34:01,0.26,0.8387,632,0.24,0.7741,441,0.32,1.0322,4,0.25,0.8064,0,0
IWM190927P150,2019-09-20,2019-09-20 09:34:02,0.25,0.8064,36,0.24,0.7741,751,0.32,1.0322,4,0.245,0.7903,0,0
IWM190927P150,2019-09-20,2019-09-20 09:34:02,0.25,0.8064,20,0.24,0.7741,333,0.32,1.0322,4,0.245,0.7903,0,0
IWM190927P150,2019-09-20,2019-09-20 09:34:03,0.25,0.8064,36,0.24,0.7741,751,0.32,1.0322,4,0.245,0.7903,0,0
IWM190927P150,2019-09-20,2019-09-20 09:34:04,0.25,0.8064,51,0.24,0.7741,662,0.32,1.0322,4,0.245,0.7903,0,0
IWM190927P150,2019-09-20,2019-09-20 09:34:04,0.25,0.8064,51,0.24,0.7741,751,0.32,1.0322,4,0.245,0.7903,0,0
IWM190927P150,2019-09-20,2019-09-20 09:34:05,0.25,0.8064,116,0.24,0.7741,764,0.32,1.0322,4,0.245,0.7903,0,0
IWM190927P150,2019-09-20,2019-09-20 09:34:05,0.25,0.8064,36,0.24,0.7741,764,0.32,1.0322,4,0.245,0.7903,0,0
IWM190927P150,2019-09-20,2019-09-20 09:34:06,0.25,0.8064,471,0.24,0.7741,162,0.32,1.0322,4,0.245,0.7903,0,0
IWM190927P150,2019-09-20,2019-09-20 09:34:06,0.25,0.8064,158,0.24,0.7741,764,0.32,1.0322,4,0.245,0.7903,0,0
IWM190927P150,2019-09-20,2019-09-20 09:34:07,0.25,0.8064,627,0.23,0.7419,1348,0.32,1.0322,4,0.24,0.7741,0,0
IWM190927P150,2019-09-20,2019-09-20 09:34:07,0.25,0.8064,573,0.23,0.7419,1358,0.32,1.0322,4,0.24,0.7741,0,0
IWM190927P150,2019-09-20,2019-09-20 09:34:08,0.25,0.8064,596,0.23,0.7419,1348,0.32,1.0322,4,0.24,0.7741,0,0
IWM190927P150,2019-09-20,2019-09-20 09:34:08,0.25,0.8064,650,0.23,0.7419,1348,0.32,1.0322,4,0.24,0.7741,0,0
IWM190927P150,2019-09-20,2019-09-20 09:34:09,0.25,0.8064,596,0.24,0.7741,17,0.32,1.0322,4,0.245,0.7903,0,0
IWM190927P150,2019-09-20,2019-09-20 09:34:10,0.25,0.8064,586,0.24,0.7741,24,0.32,1.0322,4,0.245,0.7903,0,0
IWM190927P150,2019-09-20,2019-09-20 09:34:10,0.25,0.8064,596,0.24,0.7741,17,0.32,1.0322,4,0.245,0.7903,0,0
IWM190927P150,2019-09-20,2019-09-20 09:34:11,0.25,0.8064,586,0.24,0.7741,22,0.32,1.0322,4,0.245,0.7903,0,0
IWM190927P150,2019-09-20,2019-09-20 09:34:12,0.25,0.8064,586,0.24,0.7741,24,0.32,1.0322,4,0.245,0.7903,0,0
IWM190927P150,2019-09-20,2019-09-20 09:34:13,0.25,0.8064,586,0.24,0.7741,24,0.32,1.0322,4,0.245,0.7903,0,0
IWM190927P150,2019-09-20,2019-09-20 09:34:14,0.25,0.8064,569,0.23,0.7419,1330,0.32,1.0322,4,0.24,0.7741,0,0
IWM190927P150,2019-09-20,2019-09-20 09:34:15,0.25,0.8064,597,0.23,0.7419,1079,0.32,1.0322,4,0.24,0.7741,0,0
IWM190927P150,2019-09-20,2019-09-20 09:34:15,0.25,0.8064,600,0.23,0.7419,1079,0.32,1.0322,4,0.24,0.7741,0,0
IWM190927P150,2019-09-20,2019-09-20 09:34:16,0.25,0.8064,594,0.23,0.7419,1079,0.32,1.0322,4,0.24,0.7741,0,0
IWM190927P150,2019-09-20,2019-09-20 09:34:16,0.25,0.8064,600,0.23,0.7419,1079,0.32,1.0322,4,0.24,0.7741,0,0
IWM190927P150,2019-09-20,2019-09-20 09:34:17,0.25,0.8064,594,0.23,0.7419,1079,0.32,1.0322,4,0.24,0.7741,0,0
IWM190927P150,2019-09-20,2019-09-20 09:34:18,0.25,0.8064,584,0.23,0.7419,1079,0.32,1.0322,4,0.24,0.7741,0,0
IWM190927P150,2019-09-20,2019-09-20 09:34:18,0.25,0.8064,607,0.23,0.7419,1079,0.32,1.0322,4,0.24,0.7741,0,0
IWM190927P150,2019-09-20,2019-09-20 09:34:19,0.25,0.8064,633,0.23,0.7419,1127,0.32,1.0322,4,0.24,0.7741,0,0
IWM190927P150,2019-09-20,2019-09-20 09:34:19,0.25,0.8064,633,0.23,0.7419,1117,0.32,1.0322,4,0.24,0.7741,0,0
IWM190927P150,2019-09-20,2019-09-20 09:34:20,0.25,0.8064,740,0.23,0.7419,927,0.32,1.0322,4,0.24,0.7741,0,0
IWM190927P150,2019-09-20,2019-09-20 09:34:20,0.25,0.8064,770,0.23,0.7419,1154,0.32,1.0322,4,0.24,0.7741,0,0
IWM190927P150,2019-09-20,2019-09-20 09:34:21,0.25,0.8064,770,0.23,0.7419,1154,0.32,1.0322,4,0.24,0.7741,0,0
IWM190927P150,2019-09-20,2019-09-20 09:34:22,0.25,0.8064,770,0.23,0.7419,1154,0.32,1.0322,4,0.24,0.7741,0,0
IWM190927P150,2019-09-20,2019-09-20 09:34:23,0.25,0.8064,770,0.23,0.7419,1154,0.32,1.0322,4,0.24,0.7741,0,0
IWM190927P150,2019-09-20,2019-09-20 09:34:24,0.25,0.8064,770,0.23,0.7419,1154,0.32,1.0322,4,0.24,0.7741,0,0
IWM190927P150,2019-09-20,2019-09-20 09:34:25,0.24,0.7741,1,0.23,0.7419,920,0.32,1.0322,4,0.235,0.758,0,0
IWM190927P150,2019-09-20,2019-09-20 09:34:25,0.25,0.8064,770,0.23,0.7419,1154,0.32,1.0322,4,0.24,0.7741,0,0
IWM190927P150,2019-09-20,2019-09-20 09:34:26,0.25,0.8064,816,0.23,0.7419,718,0.32,1.0322,4,0.24,0.7741,0,0
IWM190927P150,2019-09-20,2019-09-20 09:34:26,0.25,0.8064,399,0.23,0.7419,354,0.32,1.0322,4,0.24,0.7741,0,0
IWM190927P150,2019-09-20,2019-09-20 09:34:27,0.25,0.8064,816,0.24,0.7741,9,0.32,1.0322,4,0.245,0.7903,0,0
IWM190927P150,2019-09-20,2019-09-20 09:34:28,0.25,0.8064,816,0.23,0.7419,538,0.32,1.0322,4,0.24,0.7741,0,0
IWM190927P150,2019-09-20,2019-09-20 09:34:28,0.25,0.8064,825,0.23,0.7419,791,0.32,1.0322,4,0.24,0.7741,0,0
IWM190927P150,2019-09-20,2019-09-20 09:34:29,0.25,0.8064,948,0.23,0.7419,790,0.32,1.0322,4,0.24,0.7741,0,0
IWM190927P150,2019-09-20,2019-09-20 09:34:29,0.25,0.8064,938,0.23,0.7419,686,0.32,1.0322,4,0.24,0.7741,0,0
IWM190927P150,2019-09-20,2019-09-20 09:34:30,0.24,0.7741,81,0.23,0.7419,897,0.32,1.0322,4,0.235,0.758,0,0
IWM190927P150,2019-09-20,2019-09-20 09:34:30,0.24,0.7741,41,0.23,0.7419,714,0.32,1.0322,4,0.235,0.758,0,0
IWM190927P150,2019-09-20,2019-09-20 09:34:31,0.25,0.8064,491,0.23,0.7419,921,0.32,1.0322,4,0.24,0.7741,0,0
IWM190927P150,2019-09-20,2019-09-20 09:34:31,0.25,0.8064,867,0.23,0.7419,921,0.32,1.0322,4,0.24,0.7741,0,0
IWM190927P150,2019-09-20,2019-09-20 09:34:32,0.25,0.8064,867,0.23,0.7419,462,0.32,1.0322,4,0.24,0.7741,0,0
IWM190927P150,2019-09-20,2019-09-20 09:34:32,0.25,0.8064,878,0.23,0.7419,1043,0.32,1.0322,4,0.24,0.7741,0,0
IWM190927P150,2019-09-20,2019-09-20 09:34:33,0.25,0.8064,878,0.23,0.7419,1043,0.32,1.0322,4,0.24,0.7741,0,0
IWM190927P150,2019-09-20,2019-09-20 09:34:34,0.25,0.8064,878,0.23,0.7419,1043,0.32,1.0322,4,0.24,0.7741,0,0
IWM190927P150,2019-09-20,2019-09-20 09:34:35,0.25,0.8064,878,0.23,0.7419,1043,0.32,1.0322,4,0.24,0.7741,0,0
IWM190927P150,2019-09-20,2019-09-20 09:34:36,0.25,0.8064,333,0.24,0.7741,23,0.32,1.0322,4,0.245,0.7903,0,0
IWM190927P150,2019-09-20,2019-09-20 09:34:36,0.25,0.8064,336,0.24,0.7741,23,0.32,1.0322,4,0.245,0.7903,0,0
IWM190927P150,2019-09-20,2019-09-20 09:34:37,0.25,0.8064,197,0.24,0.7741,294,0.32,1.0322,4,0.245,0.7903,0,0
IWM190927P150,2019-09-20,2019-09-20 09:34:37,0.25,0.8064,298,0.24,0.7741,38,0.32,1.0322,4,0.245,0.7903,0,0
IWM190927P150,2019-09-20,2019-09-20 09:34:38,0.25,0.8064,446,0.24,0.7741,757,0.32,1.0322,4,0.245,0.7903,0,0
IWM190927P150,2019-09-20,2019-09-20 09:34:38,0.25,0.8064,446,0.24,0.7741,733,0.32,1.0322,4,0.245,0.7903,0,0
IWM190927P150,2019-09-20,2019-09-20 09:34:39,0.25,0.8064,446,0.24,0.7741,799,0.32,1.0322,4,0.245,0.7903,0,0
IWM190927P150,2019-09-20,2019-09-20 09:34:39,0.25,0.8064,446,0.24,0.7741,757,0.32,1.0322,4,0.245,0.7903,0,0
IWM190927P150,2019-09-20,2019-09-20 09:34:40,0.25,0.8064,294,0.24,0.7741,217,0.32,1.0322,4,0.245,0.7903,0,0
IWM190927P150,2019-09-20,2019-09-20 09:34:40,0.25,0.8064,75,0.24,0.7741,263,0.32,1.0322,4,0.245,0.7903,0,0
IWM190927P150,2019-09-20,2019-09-20 09:34:41,0.25,0.8064,36,0.24,0.7741,77,0.32,1.0322,4,0.245,0.7903,0,0
IWM190927P150,2019-09-20,2019-09-20 09:34:41,0.25,0.8064,26,0.24,0.7741,27,0.32,1.0322,4,0.245,0.7903,0,0
IWM190927P150,2019-09-20,2019-09-20 09:34:42,0.25,0.8064,70,0.24,0.7741,27,0.32,1.0322,4,0.245,0.7903,0,0
IWM190927P150,2019-09-20,2019-09-20 09:34:42,0.25,0.8064,26,0.24,0.7741,27,0.32,1.0322,4,0.245,0.7903,0,0
IWM190927P150,2019-09-20,2019-09-20 09:34:43,0.25,0.8064,43,0.24,0.7741,27,0.32,1.0322,4,0.245,0.7903,0,0
IWM190927P150,2019-09-20,2019-09-20 09:34:44,0.25,0.8064,304,0.24,0.7741,27,0.32,1.0322,4,0.245,0.7903,0,0
IWM190927P150,2019-09-20,2019-09-20 09:34:44,0.25,0.8064,258,0.24,0.7741,27,0.32,1.0322,4,0.245,0.7903,0,0
IWM190927P150,2019-09-20,2019-09-20 09:34:45,0.25,0.8064,230,0.24,0.7741,27,0.32,1.0322,4,0.245,0.7903,0,0
IWM190927P150,2019-09-20,2019-09-20 09:34:46,0.25,0.8064,458,0.24,0.7741,27,0.32,1.0322,4,0.245,0.7903,0,0
IWM190927P150,2019-09-20,2019-09-20 09:34:46,0.25,0.8064,230,0.24,0.7741,27,0.32,1.0322,4,0.245,0.7903,0,0
IWM190927P150,2019-09-20,2019-09-20 09:34:47,0.25,0.8064,458,0.24,0.7741,25,0.32,1.0322,4,0.245,0.7903,0,0
IWM190927P150,2019-09-20,2019-09-20 09:34:47,0.25,0.8064,458,0.24,0.7741,23,0.32,1.0322,4,0.245,0.7903,0,0
IWM190927P150,2019-09-20,2019-09-20 09:34:48,0.25,0.8064,709,0.24,0.7741,23,0.32,1.0322,4,0.245,0.7903,0,0
IWM190927P150,2019-09-20,2019-09-20 09:34:48,0.25,0.8064,798,0.23,0.7419,10,0.32,1.0322,4,0.24,0.7741,0,0
IWM190927P150,2019-09-20,2019-09-20 09:34:49,0.25,0.8064,798,0.23,0.7419,10,0.32,1.0322,4,0.24,0.7741,0,0
IWM190927P150,2019-09-20,2019-09-20 09:34:49,0.25,0.8064,808,0.23,0.7419,20,0.32,1.0322,4,0.24,0.7741,0,0
IWM190927P150,2019-09-20,2019-09-20 09:34:50,0.25,0.8064,808,0.23,0.7419,20,0.32,1.0322,4,0.24,0.7741,0,0
IWM190927P150,2019-09-20,2019-09-20 09:34:50,0.25,0.8064,818,0.23,0.7419,30,0.32,1.0322,4,0.24,0.7741,0,0
IWM190927P150,2019-09-20,2019-09-20 09:34:51,0.25,0.8064,808,0.23,0.7419,20,0.32,1.0322,4,0.24,0.7741,0,0
IWM190927P150,2019-09-20,2019-09-20 09:34:52,0.24,0.7741,20,0.23,0.7419,13,0.32,1.0322,4,0.235,0.758,0,0
IWM190927P150,2019-09-20,2019-09-20 09:34:52,0.24,0.7741,20,0.23,0.7419,20,0.32,1.0322,4,0.235,0.758,0,0
IWM190927P150,2019-09-20,2019-09-20 09:34:53,0.24,0.7741,20,0.23,0.7419,13,0.32,1.0322,4,0.235,0.758,0,0
IWM190927P150,2019-09-20,2019-09-20 09:34:54,0.24,0.7741,20,0.23,0.7419,36,0.32,1.0322,4,0.235,0.758,0,0
IWM190927P150,2019-09-20,2019-09-20 09:34:55,0.24,0.7741,20,0.23,0.7419,36,0.32,1.0322,4,0.235,0.758,0,0
IWM190927P150,2019-09-20,2019-09-20 09:34:55,0.24,0.7741,50,0.23,0.7419,20,0.32,1.0322,4,0.235,0.758,0,0
IWM190927P150,2019-09-20,2019-09-20 09:34:56,0.24,0.7741,39,0.23,0.7419,30,0.32,1.0322,4,0.235,0.758,0,0
IWM190927P150,2019-09-20,2019-09-20 09:34:57,0.24,0.7741,20,0.23,0.7419,26,0.32,1.0322,4,0.235,0.758,0,0
IWM190927P150,2019-09-20,2019-09-20 09:34:57,0.24,0.7741,39,0.23,0.7419,30,0.32,1.0322,4,0.235,0.758,0,0
IWM190927P150,2019-09-20,2019-09-20 09:34:58,0.24,0.7741,10,0.23,0.7419,36,0.32,1.0322,4,0.235,0.758,0,0
IWM190927P150,2019-09-20,2019-09-20 09:34:59,0.24,0.7741,32,0.23,0.7419,36,0.32,1.0322,4,0.235,0.758,0,0
IWM190927P150,2019-09-20,2019-09-20 09:34:59,0.24,0.7741,20,0.23,0.7419,36,0.32,1.0322,4,0.235,0.758,0,0
IWM190927P150,2019-09-20,2019-09-20 09:35:00,0.24,0.7741,10,0.23,0.7419,310,0.32,1.0322,4,0.235,0.758,0,0
IWM190927P150,2019-09-20,2019-09-20 09:35:01,0.24,0.7741,20,0.23,0.7419,96,0.32,1.0322,4,0.235,0.758,0,0
IWM190927P150,2019-09-20,2019-09-20 09:35:01,0.24,0.7741,65,0.23,0.7419,31,0.32,1.0322,4,0.235,0.758,0,0
IWM190927P150,2019-09-20,2019-09-20 09:35:02,0.24,0.7741,10,0.23,0.7419,33,0.32,1.0322,4,0.235,0.758,0,0
IWM190927P150,2019-09-20,2019-09-20 09:35:02,0.24,0.7741,65,0.23,0.7419,31,0.32,1.0322,4,0.235,0.758,0,0
IWM190927P150,2019-09-20,2019-09-20 09:35:03,0.24,0.7741,45,0.23,0.7419,33,0.32,1.0322,4,0.235,0.758,0,0
IWM190927P150,2019-09-20,2019-09-20 09:35:03,0.24,0.7741,10,0.23,0.7419,33,0.32,1.0322,4,0.235,0.758,0,0
IWM190927P150,2019-09-20,2019-09-20 09:35:04,0.24,0.7741,45,0.23,0.7419,33,0.32,1.0322,4,0.235,0.758,0,0
IWM190927P150,2019-09-20,2019-09-20 09:35:04,0.24,0.7741,65,0.23,0.7419,33,0.32,1.0322,4,0.235,0.758,0,0
IWM190927P150,2019-09-20,2019-09-20 09:35:05,0.24,0.7741,65,0.23,0.7419,42,0.32,1.0322,4,0.235,0.758,0,0
IWM190927P150,2019-09-20,2019-09-20 09:35:05,0.25,0.8064,318,0.23,0.7419,113,0.32,1.0322,4,0.24,0.7741,0,0
IWM190927P150,2019-09-20,2019-09-20 09:35:06,0.25,0.8064,255,0.23,0.7419,468,0.32,1.0322,4,0.24,0.7741,0,0
IWM190927P150,2019-09-20,2019-09-20 09:35:06,0.25,0.8064,224,0.23,0.7419,468,0.32,1.0322,4,0.24,0.7741,0,0
IWM190927P150,2019-09-20,2019-09-20 09:35:07,0.25,0.8064,227,0.23,0.7419,350,0.32,1.0322,4,0.24,0.7741,0,0
IWM190927P150,2019-09-20,2019-09-20 09:35:07,0.25,0.8064,217,0.23,0.7419,337,0.32,1.0322,4,0.24,0.7741,0,0
IWM190927P150,2019-09-20,2019-09-20 09:35:08,0.25,0.8064,361,0.23,0.7419,343,0.32,1.0322,4,0.24,0.7741,0,0
IWM190927P150,2019-09-20,2019-09-20 09:35:09,0.25,0.8064,361,0.23,0.7419,748,0.32,1.0322,4,0.24,0.7741,0,0
IWM190927P150,2019-09-20,2019-09-20 09:35:09,0.25,0.8064,361,0.23,0.7419,932,0.32,1.0322,4,0.24,0.7741,0,0
IWM190927P150,2019-09-20,2019-09-20 09:35:10,0.25,0.8064,361,0.23,0.7419,932,0.32,1.0322,4,0.24,0.7741,0,0
IWM190927P150,2019-09-20,2019-09-20 09:35:10,0.25,0.8064,582,0.23,0.7419,906,0.32,1.0322,4,0.24,0.7741,0,0
IWM190927P150,2019-09-20,2019-09-20 09:35:11,0.25,0.8064,582,0.23,0.7419,1041,0.32,1.0322,4,0.24,0.7741,0,0
IWM190927P150,2019-09-20,2019-09-20 09:35:11,0.25,0.8064,469,0.23,0.7419,774,0.32,1.0322,4,0.24,0.7741,0,0
IWM190927P150,2019-09-20,2019-09-20 09:35:12,0.25,0.8064,469,0.23,0.7419,974,0.32,1.0322,4,0.24,0.7741,0,0
IWM190927P150,2019-09-20,2019-09-20 09:35:13,0.25,0.8064,469,0.23,0.7419,974,0.32,1.0322,4,0.24,0.7741,0,0
IWM190927P150,2019-09-20,2019-09-20 09:35:13,0.25,0.8064,578,0.23,0.7419,974,0.32,1.0322,4,0.24,0.7741,0,0
IWM190927P150,2019-09-20,2019-09-20 09:35:14,0.25,0.8064,578,0.23,0.7419,974,0.32,1.0322,4,0.24,0.7741,0,0
IWM190927P150,2019-09-20,2019-09-20 09:35:15,0.25,0.8064,578,0.23,0.7419,974,0.32,1.0322,4,0.24,0.7741,0,0
IWM190927P150,2019-09-20,2019-09-20 09:35:16,0.25,0.8064,384,0.23,0.7419,974,0.32,1.0322,4,0.24,0.7741,0,0
IWM190927P150,2019-09-20,2019-09-20 09:35:16,0.25,0.8064,576,0.23,0.7419,974,0.32,1.0322,4,0.24,0.7741,0,0
IWM190927P150,2019-09-20,2019-09-20 09:35:17,0.25,0.8064,576,0.23,0.7419,974,0.32,1.0322,4,0.24,0.7741,0,0
IWM190927P150,2019-09-20,2019-09-20 09:35:18,0.25,0.8064,384,0.23,0.7419,974,0.32,1.0322,4,0.24,0.7741,0,0
IWM190927P150,2019-09-20,2019-09-20 09:35:18,0.25,0.8064,576,0.23,0.7419,974,0.32,1.0322,4,0.24,0.7741,0,0
IWM190927P150,2019-09-20,2019-09-20 09:35:19,0.25,0.8064,576,0.23,0.7419,974,0.32,1.0322,4,0.24,0.7741,0,0
IWM190927P150,2019-09-20,2019-09-20 09:35:20,0.25,0.8064,576,0.23,0.7419,974,0.32,1.0322,4,0.24,0.7741,0,0
IWM190927P150,2019-09-20,2019-09-20 09:35:21,0.25,0.8064,384,0.23,0.7419,974,0.32,1.0322,4,0.24,0.7741,0,0
IWM190927P150,2019-09-20,2019-09-20 09:35:22,0.25,0.8064,576,0.23,0.7419,974,0.32,1.0322,4,0.24,0.7741,0,0
IWM190927P150,2019-09-20,2019-09-20 09:35:23,0.25,0.8064,384,0.23,0.7419,974,0.32,1.0322,4,0.24,0.7741,0,0
IWM190927P150,2019-09-20,2019-09-20 09:35:24,0.25,0.8064,384,0.23,0.7419,974,0.32,1.0322,4,0.24,0.7741,0,0
IWM190927P150,2019-09-20,2019-09-20 09:35:25,0.25,0.8064,783,0.23,0.7419,974,0.32,1.0322,4,0.24,0.7741,0,0
IWM190927P150,2019-09-20,2019-09-20 09:35:25,0.25,0.8064,851,0.23,0.7419,974,0.32,1.0322,4,0.24,0.7741,0,0
IWM190927P150,2019-09-20,2019-09-20 09:35:26,0.25,0.8064,783,0.23,0.7419,974,0.32,1.0322,4,0.24,0.7741,0,0
IWM190927P150,2019-09-20,2019-09-20 09:35:27,0.25,0.8064,828,0.23,0.7419,974,0.32,1.0322,4,0.24,0.7741,0,0
IWM190927P150,2019-09-20,2019-09-20 09:35:27,0.25,0.8064,994,0.23,0.7419,974,0.32,1.0322,4,0.24,0.7741,0,0
IWM190927P150,2019-09-20,2019-09-20 09:35:28,0.25,0.8064,994,0.23,0.7419,974,0.32,1.0322,4,0.24,0.7741,0,0
IWM190927P150,2019-09-20,2019-09-20 09:35:29,0.25,0.8064,783,0.23,0.7419,964,0.32,1.0322,4,0.24,0.7741,0,0
IWM190927P150,2019-09-20,2019-09-20 09:35:30,0.25,0.8064,783,0.23,0.7419,909,0.32,1.0322,4,0.24,0.7741,0,0
IWM190927P150,2019-09-20,2019-09-20 09:35:30,0.24,0.7741,10,0.23,0.7419,909,0.32,1.0322,4,0.235,0.758,0,0
IWM190927P150,2019-09-20,2019-09-20 09:35:31,0.25,0.8064,1041,0.23,0.7419,909,0.32,1.0322,4,0.24,0.7741,0,0
IWM190927P150,2019-09-20,2019-09-20 09:35:32,0.25,0.8064,773,0.23,0.7419,899,0.32,1.0322,4,0.24,0.7741,0,0
IWM190927P150,2019-09-20,2019-09-20 09:35:33,0.25,0.8064,783,0.23,0.7419,909,0.32,1.0322,4,0.24,0.7741,0,0
IWM190927P150,2019-09-20,2019-09-20 09:35:33,0.25,0.8064,773,0.23,0.7419,899,0.32,1.0322,4,0.24,0.7741,0,0
IWM190927P150,2019-09-20,2019-09-20 09:35:34,0.25,0.8064,627,0.23,0.7419,909,0.32,1.0322,4,0.24,0.7741,0,0
IWM190927P150,2019-09-20,2019-09-20 09:35:34,0.25,0.8064,783,0.23,0.7419,909,0.32,1.0322,4,0.24,0.7741,0,0
IWM190927P150,2019-09-20,2019-09-20 09:35:35,0.25,0.8064,1037,0.23,0.7419,284,0.32,1.0322,4,0.24,0.7741,0,0
IWM190927P150,2019-09-20,2019-09-20 09:35:35,0.25,0.8064,1037,0.23,0.7419,1002,0.32,1.0322,4,0.24,0.7741,0,0
IWM190927P150,2019-09-20,2019-09-20 09:35:36,0.25,0.8064,1037,0.23,0.7419,1002,0.32,1.0322,4,0.24,0.7741,0,0
IWM190927P150,2019-09-20,2019-09-20 09:35:37,0.25,0.8064,1037,0.23,0.7419,1002,0.32,1.0322,4,0.24,0.7741,0,0
IWM190927P150,2019-09-20,2019-09-20 09:35:38,0.25,0.8064,617,0.23,0.7419,291,0.32,1.0322,4,0.24,0.7741,0,0
IWM190927P150,2019-09-20,2019-09-20 09:35:38,0.25,0.8064,1037,0.23,0.7419,964,0.32,1.0322,4,0.24,0.7741,0,0
IWM190927P150,2019-09-20,2019-09-20 09:35:39,0.25,0.8064,900,0.23,0.7419,938,0.32,1.0322,4,0.24,0.7741,0,0
IWM190927P150,2019-09-20,2019-09-20 09:35:39,0.25,0.8064,1047,0.23,0.7419,928,0.32,1.0322,4,0.24,0.7741,0,0
IWM190927P150,2019-09-20,2019-09-20 09:35:40,0.25,0.8064,900,0.23,0.7419,928,0.32,1.0322,4,0.24,0.7741,0,0
IWM190927P150,2019-09-20,2019-09-20 09:35:40,0.25,0.8064,900,0.23,0.7419,908,0.32,1.0322,4,0.24,0.7741,0,0
IWM190927P150,2019-09-20,2019-09-20 09:35:41,0.25,0.8064,900,0.23,0.7419,938,0.32,1.0322,4,0.24,0.7741,0,0
IWM190927P150,2019-09-20,2019-09-20 09:35:42,0.25,0.8064,43,0.23,0.7419,1420,0.32,1.0322,4,0.24,0.7741,0,0
IWM190927P150,2019-09-20,2019-09-20 09:35:42,0.25,0.8064,50,0.23,0.7419,1420,0.32,1.0322,4,0.24,0.7741,0,0
IWM190927P150,2019-09-20,2019-09-20 09:35:43,0.25,0.8064,15,0.23,0.7419,1420,0.32,1.0322,4,0.24,0.7741,0,0
IWM190927P150,2019-09-20,2019-09-20 09:35:43,0.25,0.8064,55,0.23,0.7419,1420,0.32,1.0322,4,0.24,0.7741,0,0
IWM190927P150,2019-09-20,2019-09-20 09:35:44,0.25,0.8064,84,0.23,0.7419,1396,0.32,1.0322,4,0.24,0.7741,0,0
IWM190927P150,2019-09-20,2019-09-20 09:35:44,0.25,0.8064,84,0.23,0.7419,1420,0.32,1.0322,4,0.24,0.7741,0,0
IWM190927P150,2019-09-20,2019-09-20 09:35:45,0.25,0.8064,84,0.23,0.7419,1420,0.32,1.0322,4,0.24,0.7741,0,0
IWM190927P150,2019-09-20,2019-09-20 09:35:46,0.25,0.8064,5,0.23,0.7419,812,0.32,1.0322,4,0.24,0.7741,0,0
IWM190927P150,2019-09-20,2019-09-20 09:35:46,0.25,0.8064,5,0.23,0.7419,1112,0.32,1.0322,4,0.24,0.7741,0,0
IWM190927P150,2019-09-20,2019-09-20 09:35:47,0.25,0.8064,10,0.24,0.7741,42,0.32,1.0322,4,0.245,0.7903,0,0
IWM190927P150,2019-09-20,2019-09-20 09:35:47,0.25,0.8064,10,0.24,0.7741,111,0.32,1.0322,4,0.245,0.7903,0,0
IWM190927P150,2019-09-20,2019-09-20 09:35:48,0.25,0.8064,10,0.24,0.7741,111,0.32,1.0322,4,0.245,0.7903,0,0
IWM190927P150,2019-09-20,2019-09-20 09:35:48,0.25,0.8064,23,0.23,0.7419,336,0.32,1.0322,4,0.24,0.7741,0,0
IWM190927P150,2019-09-20,2019-09-20 09:35:49,0.25,0.8064,17,0.24,0.7741,8,0.32,1.0322,4,0.245,0.7903,0,0
IWM190927P150,2019-09-20,2019-09-20 09:35:49,0.25,0.8064,20,0.24,0.7741,20,0.32,1.0322,4,0.245,0.7903,0,0
IWM190927P150,2019-09-20,2019-09-20 09:35:50,0.25,0.8064,20,0.24,0.7741,20,0.32,1.0322,4,0.245,0.7903,0,0
IWM190927P150,2019-09-20,2019-09-20 09:35:51,0.25,0.8064,20,0.24,0.7741,35,0.32,1.0322,4,0.245,0.7903,0,0
IWM190927P150,2019-09-20,2019-09-20 09:35:51,0.25,0.8064,21,0.24,0.7741,36,0.32,1.0322,4,0.245,0.7903,0,0
IWM190927P150,2019-09-20,2019-09-20 09:35:52,0.25,0.8064,21,0.24,0.7741,36,0.32,1.0322,4,0.245,0.7903,0,0
IWM190927P150,2019-09-20,2019-09-20 09:35:53,0.25,0.8064,21,0.24,0.7741,36,0.32,1.0322,4,0.245,0.7903,0,0
IWM190927P150,2019-09-20,2019-09-20 09:35:54,0.25,0.8064,21,0.24,0.7741,89,0.32,1.0322,4,0.245,0.7903,0,0
IWM190927P150,2019-09-20,2019-09-20 09:35:54,0.25,0.8064,21,0.24,0.7741,36,0.32,1.0322,4,0.245,0.7903,0,0
IWM190927P150,2019-09-20,2019-09-20 09:35:55,0.25,0.8064,10,0.24,0.7741,89,0.32,1.0322,4,0.245,0.7903,0,0
IWM190927P150,2019-09-20,2019-09-20 09:35:55,0.25,0.8064,10,0.24,0.7741,101,0.32,1.0322,4,0.245,0.7903,0,0
IWM190927P150,2019-09-20,2019-09-20 09:35:57,0.25,0.8064,20,0.24,0.7741,35,0.32,1.0322,4,0.245,0.7903,0,0
IWM190927P150,2019-09-20,2019-09-20 09:35:57,0.25,0.8064,10,0.24,0.7741,10,0.32,1.0322,4,0.245,0.7903,0,0
IWM190927P150,2019-09-20,2019-09-20 09:35:58,0.25,0.8064,44,0.24,0.7741,32,0.32,1.0322,4,0.245,0.7903,0,0
IWM190927P150,2019-09-20,2019-09-20 09:35:58,0.25,0.8064,599,0.24,0.7741,10,0.32,1.0322,4,0.245,0.7903,0,0
IWM190927P150,2019-09-20,2019-09-20 09:35:59,0.25,0.8064,560,0.24,0.7741,20,0.32,1.0322,4,0.245,0.7903,0,0
IWM190927P150,2019-09-20,2019-09-20 09:36:00,0.25,0.8064,575,0.24,0.7741,20,0.32,1.0322,4,0.245,0.7903,0,0
IWM190927P150,2019-09-20,2019-09-20 09:36:00,0.25,0.8064,792,0.24,0.7741,20,0.32,1.0322,4,0.245,0.7903,0,0
IWM190927P150,2019-09-20,2019-09-20 09:36:01,0.25,0.8064,917,0.23,0.7419,1106,0.32,1.0322,4,0.24,0.7741,0,0
IWM190927P150,2019-09-20,2019-09-20 09:36:01,0.25,0.8064,792,0.23,0.7419,403,0.32,1.0322,4,0.24,0.7741,0,0
IWM190927P150,2019-09-20,2019-09-20 09:36:02,0.25,0.8064,811,0.23,0.7419,1112,0.32,1.0322,4,0.24,0.7741,0,0
IWM190927P150,2019-09-20,2019-09-20 09:36:02,0.25,0.8064,917,0.23,0.7419,1112,0.32,1.0322,4,0.24,0.7741,0,0
IWM190927P150,2019-09-20,2019-09-20 09:36:03,0.25,0.8064,1000,0.23,0.7419,1305,0.32,1.0322,4,0.24,0.7741,0,0
IWM190927P150,2019-09-20,2019-09-20 09:36:03,0.25,0.8064,811,0.23,0.7419,1112,0.32,1.0322,4,0.24,0.7741,0,0
IWM190927P150,2019-09-20,2019-09-20 09:36:04,0.25,0.8064,1000,0.23,0.7419,1305,0.32,1.0322,4,0.24,0.7741,0,0
IWM190927P150,2019-09-20,2019-09-20 09:36:05,0.25,0.8064,1000,0.23,0.7419,1308,0.32,1.0322,4,0.24,0.7741,0,0
IWM190927P150,2019-09-20,2019-09-20 09:36:05,0.25,0.8064,338,0.23,0.7419,1492,0.32,1.0322,4,0.24,0.7741,0,0
IWM190927P150,2019-09-20,2019-09-20 09:36:06,0.25,0.8064,438,0.23,0.7419,1492,0.32,1.0322,4,0.24,0.7741,0,0
IWM190927P150,2019-09-20,2019-09-20 09:36:06,0.25,0.8064,394,0.23,0.7419,1549,0.32,1.0322,4,0.24,0.7741,0,0
IWM190927P150,2019-09-20,2019-09-20 09:36:07,0.25,0.8064,365,0.23,0.7419,1529,0.32,1.0322,4,0.24,0.7741,0,0
IWM190927P150,2019-09-20,2019-09-20 09:36:07,0.25,0.8064,512,0.23,0.7419,1559,0.32,1.0322,4,0.24,0.7741,0,0
IWM190927P150,2019-09-20,2019-09-20 09:36:08,0.25,0.8064,512,0.23,0.7419,1789,0.32,1.0322,4,0.24,0.7741,0,0
IWM190927P150,2019-09-20,2019-09-20 09:36:08,0.25,0.8064,1087,0.23,0.7419,1769,0.32,1.0322,4,0.24,0.7741,0,0
IWM190927P150,2019-09-20,2019-09-20 09:36:09,0.25,0.8064,1087,0.23,0.7419,1769,0.32,1.0322,4,0.24,0.7741,0,0
IWM190927P150,2019-09-20,2019-09-20 09:36:09,0.25,0.8064,1087,0.23,0.7419,1559,0.32,1.0322,4,0.24,0.7741,0,0
IWM190927P150,2019-09-20,2019-09-20 09:36:10,0.25,0.8064,1087,0.23,0.7419,1530,0.32,1.0322,4,0.24,0.7741,0,0
IWM190927P150,2019-09-20,2019-09-20 09:36:10,0.25,0.8064,1087,0.23,0.7419,1559,0.32,1.0322,4,0.24,0.7741,0,0
IWM190927P150,2019-09-20,2019-09-20 09:36:11,0.25,0.8064,1087,0.23,0.7419,1530,0.32,1.0322,4,0.24,0.7741,0,0
IWM190927P150,2019-09-20,2019-09-20 09:36:11,0.25,0.8064,1087,0.23,0.7419,1331,0.32,1.0322,4,0.24,0.7741,0,0
IWM190927P150,2019-09-20,2019-09-20 09:36:12,0.25,0.8064,810,0.23,0.7419,1331,0.32,1.0322,4,0.24,0.7741,0,0
IWM190927P150,2019-09-20,2019-09-20 09:36:12,0.25,0.8064,861,0.23,0.7419,1331,0.32,1.0322,4,0.24,0.7741,0,0
IWM190927P150,2019-09-20,2019-09-20 09:36:13,0.25,0.8064,861,0.23,0.7419,1331,0.32,1.0322,4,0.24,0.7741,0,0
IWM190927P150,2019-09-20,2019-09-20 09:36:14,0.25,0.8064,258,0.23,0.7419,1203,0.32,1.0322,4,0.24,0.7741,0,0
IWM190927P150,2019-09-20,2019-09-20 09:36:15,0.25,0.8064,258,0.23,0.7419,1203,0.32,1.0322,4,0.24,0.7741,0,0
IWM190927P150,2019-09-20,2019-09-20 09:36:16,0.25,0.8064,91,0.23,0.7419,1366,0.32,1.0322,4,0.24,0.7741,0,0
IWM190927P150,2019-09-20,2019-09-20 09:36:16,0.25,0.8064,117,0.23,0.7419,1366,0.32,1.0322,4,0.24,0.7741,0,0
IWM190927P150,2019-09-20,2019-09-20 09:36:17,0.25,0.8064,117,0.23,0.7419,1366,0.32,1.0322,4,0.24,0.7741,0,0
IWM190927P150,2019-09-20,2019-09-20 09:36:18,0.25,0.8064,117,0.23,0.7419,1366,0.32,1.0322,4,0.24,0.7741,0,0
IWM190927P150,2019-09-20,2019-09-20 09:36:19,0.25,0.8064,117,0.23,0.7419,1366,0.32,1.0322,4,0.24,0.7741,0,0
IWM190927P150,2019-09-20,2019-09-20 09:36:20,0.25,0.8064,117,0.23,0.7419,676,0.32,1.0322,4,0.24,0.7741,0,0
IWM190927P150,2019-09-20,2019-09-20 09:36:20,0.25,0.8064,20,0.23,0.7419,1176,0.32,1.0322,4,0.24,0.7741,0,0
IWM190927P150,2019-09-20,2019-09-20 09:36:21,0.25,0.8064,20,0.23,0.7419,1176,0.32,1.0322,4,0.24,0.7741,0,0
IWM190927P150,2019-09-20,2019-09-20 09:36:21,0.25,0.8064,14,0.23,0.7419,1176,0.32,1.0322,4,0.24,0.7741,0,0
IWM190927P150,2019-09-20,2019-09-20 09:36:22,0.25,0.8064,21,0.23,0.7419,1176,0.32,1.0322,4,0.24,0.7741,0,0
IWM190927P150,2019-09-20,2019-09-20 09:36:22,0.25,0.8064,14,0.23,0.7419,1176,0.32,1.0322,4,0.24,0.7741,0,0
IWM190927P150,2019-09-20,2019-09-20 09:36:23,0.25,0.8064,21,0.23,0.7419,1176,0.32,1.0322,4,0.24,0.7741,0,0
IWM190927P150,2019-09-20,2019-09-20 09:36:24,0.25,0.8064,21,0.23,0.7419,1176,0.32,1.0322,4,0.24,0.7741,0,0
IWM190927P150,2019-09-20,2019-09-20 09:36:25,0.25,0.8064,21,0.23,0.7419,1366,0.32,1.0322,4,0.24,0.7741,0,0
IWM190927P150,2019-09-20,2019-09-20 09:36:26,0.25,0.8064,21,0.23,0.7419,1195,0.32,1.0322,4,0.24,0.7741,0,0
IWM190927P150,2019-09-20,2019-09-20 09:36:26,0.25,0.8064,21,0.23,0.7419,1372,0.32,1.0322,4,0.24,0.7741,0,0
IWM190927P150,2019-09-20,2019-09-20 09:36:27,0.26,0.8387,52,0.23,0.7419,1372,0.32,1.0322,4,0.245,0.7903,0,0
IWM190927P150,2019-09-20,2019-09-20 09:36:27,0.26,0.8387,52,0.24,0.7741,678,0.32,1.0322,4,0.25,0.8064,0,0
IWM190927P150,2019-09-20,2019-09-20 09:36:28,0.25,0.8064,2,0.24,0.7741,872,0.32,1.0322,4,0.245,0.7903,0,0
IWM190927P150,2019-09-20,2019-09-20 09:36:28,0.26,0.8387,527,0.24,0.7741,882,0.32,1.0322,4,0.25,0.8064,0,0
IWM190927P150,2019-09-20,2019-09-20 09:36:29,0.26,0.8387,142,0.25,0.8064,20,0.32,1.0322,4,0.255,0.8225,0,0
IWM190927P150,2019-09-20,2019-09-20 09:36:30,0.26,0.8387,32,0.25,0.8064,32,0.32,1.0322,4,0.255,0.8225,0,0
IWM190927P150,2019-09-20,2019-09-20 09:36:30,0.26,0.8387,26,0.25,0.8064,20,0.32,1.0322,4,0.255,0.8225,0,0
IWM190927P150,2019-09-20,2019-09-20 09:36:31,0.26,0.8387,23,0.25,0.8064,20,0.32,1.0322,4,0.255,0.8225,0,0
IWM190927P150,2019-09-20,2019-09-20 09:36:31,0.26,0.8387,23,0.25,0.8064,56,0.32,1.0322,4,0.255,0.8225,0,0
IWM190927P150,2019-09-20,2019-09-20 09:36:32,0.26,0.8387,51,0.25,0.8064,10,0.32,1.0322,4,0.255,0.8225,0,0
IWM190927P150,2019-09-20,2019-09-20 09:36:33,0.26,0.8387,51,0.25,0.8064,42,0.32,1.0322,4,0.255,0.8225,0,0
IWM190927P150,2019-09-20,2019-09-20 09:36:34,0.26,0.8387,32,0.25,0.8064,119,0.32,1.0322,4,0.255,0.8225,0,0
IWM190927P150,2019-09-20,2019-09-20 09:36:35,0.26,0.8387,3,0.25,0.8064,119,0.32,1.0322,4,0.255,0.8225,0,0
IWM190927P150,2019-09-20,2019-09-20 09:36:35,0.26,0.8387,3,0.25,0.8064,386,0.32,1.0322,4,0.255,0.8225,0,0
IWM190927P150,2019-09-20,2019-09-20 09:36:36,0.26,0.8387,3,0.25,0.8064,720,0.32,1.0322,4,0.255,0.8225,0,0
IWM190927P150,2019-09-20,2019-09-20 09:36:37,0.26,0.8387,10,0.25,0.8064,720,0.32,1.0322,4,0.255,0.8225,0,0
IWM190927P150,2019-09-20,2019-09-20 09:36:38,0.26,0.8387,10,0.25,0.8064,720,0.32,1.0322,4,0.255,0.8225,0,0
IWM190927P150,2019-09-20,2019-09-20 09:36:39,0.26,0.8387,10,0.25,0.8064,720,0.32,1.0322,4,0.255,0.8225,0,0
IWM190927P150,2019-09-20,2019-09-20 09:36:40,0.26,0.8387,10,0.25,0.8064,720,0.32,1.0322,4,0.255,0.8225,0,0
IWM190927P150,2019-09-20,2019-09-20 09:36:41,0.26,0.8387,20,0.25,0.8064,720,0.32,1.0322,4,0.255,0.8225,0,0
IWM190927P150,2019-09-20,2019-09-20 09:36:41,0.26,0.8387,10,0.25,0.8064,720,0.32,1.0322,4,0.255,0.8225,0,0
IWM190927P150,2019-09-20,2019-09-20 09:36:42,0.26,0.8387,11,0.25,0.8064,80,0.32,1.0322,4,0.255,0.8225,0,0
IWM190927P150,2019-09-20,2019-09-20 09:36:42,0.26,0.8387,11,0.25,0.8064,183,0.32,1.0322,4,0.255,0.8225,0,0
IWM190927P150,2019-09-20,2019-09-20 09:36:43,0.26,0.8387,230,0.25,0.8064,38,0.32,1.0322,4,0.255,0.8225,0,0
IWM190927P150,2019-09-20,2019-09-20 09:36:43,0.26,0.8387,427,0.25,0.8064,38,0.32,1.0322,4,0.255,0.8225,0,0
IWM190927P150,2019-09-20,2019-09-20 09:36:44,0.26,0.8387,539,0.25,0.8064,27,0.32,1.0322,4,0.255,0.8225,0,0
IWM190927P150,2019-09-20,2019-09-20 09:36:44,0.26,0.8387,362,0.25,0.8064,27,0.32,1.0322,4,0.255,0.8225,0,0
IWM190927P150,2019-09-20,2019-09-20 09:36:45,0.26,0.8387,496,0.25,0.8064,27,0.32,1.0322,4,0.255,0.8225,0,0
IWM190927P150,2019-09-20,2019-09-20 09:36:45,0.26,0.8387,411,0.25,0.8064,27,0.32,1.0322,4,0.255,0.8225,0,0
IWM190927P150,2019-09-20,2019-09-20 09:36:46,0.26,0.8387,531,0.25,0.8064,10,0.32,1.0322,4,0.255,0.8225,0,0
IWM190927P150,2019-09-20,2019-09-20 09:36:46,0.26,0.8387,772,0.25,0.8064,10,0.32,1.0322,4,0.255,0.8225,0,0
IWM190927P150,2019-09-20,2019-09-20 09:36:47,0.26,0.8387,646,0.25,0.8064,8,0.32,1.0322,4,0.255,0.8225,0,0
IWM190927P150,2019-09-20,2019-09-20 09:36:47,0.26,0.8387,832,0.25,0.8064,8,0.32,1.0322,4,0.255,0.8225,0,0
IWM190927P150,2019-09-20,2019-09-20 09:36:48,0.26,0.8387,749,0.25,0.8064,3,0.32,1.0322,4,0.255,0.8225,0,0
IWM190927P150,2019-09-20,2019-09-20 09:36:48,0.26,0.8387,646,0.25,0.8064,3,0.32,1.0322,4,0.255,0.8225,0,0
IWM190927P150,2019-09-20,2019-09-20 09:36:49,0.26,0.8387,749,0.25,0.8064,3,0.32,1.0322,4,0.255,0.8225,0,0
IWM190927P150,2019-09-20,2019-09-20 09:36:50,0.26,0.8387,749,0.25,0.8064,3,0.32,1.0322,4,0.255,0.8225,0,0
IWM190927P150,2019-09-20,2019-09-20 09:36:51,0.26,0.8387,526,0.25,0.8064,3,0.32,1.0322,4,0.255,0.8225,0,0
IWM190927P150,2019-09-20,2019-09-20 09:36:51,0.26,0.8387,591,0.25,0.8064,3,0.32,1.0322,4,0.255,0.8225,0,0
IWM190927P150,2019-09-20,2019-09-20 09:36:52,0.26,0.8387,468,0.25,0.8064,3,0.32,1.0322,4,0.255,0.8225,0,0
IWM190927P150,2019-09-20,2019-09-20 09:36:52,0.26,0.8387,506,0.25,0.8064,3,0.32,1.0322,4,0.255,0.8225,0,0
IWM190927P150,2019-09-20,2019-09-20 09:36:53,0.26,0.8387,709,0.25,0.8064,3,0.32,1.0322,4,0.255,0.8225,0,0
IWM190927P150,2019-09-20,2019-09-20 09:36:54,0.26,0.8387,709,0.25,0.8064,3,0.32,1.0322,4,0.255,0.8225,0,0
IWM190927P150,2019-09-20,2019-09-20 09:36:54,0.26,0.8387,512,0.25,0.8064,3,0.32,1.0322,4,0.255,0.8225,0,0
IWM190927P150,2019-09-20,2019-09-20 09:36:55,0.26,0.8387,917,0.25,0.8064,3,0.32,1.0322,4,0.255,0.8225,0,0
IWM190927P150,2019-09-20,2019-09-20 09:36:55,0.26,0.8387,649,0.25,0.8064,3,0.32,1.0322,4,0.255,0.8225,0,0
IWM190927P150,2019-09-20,2019-09-20 09:36:56,0.26,0.8387,895,0.25,0.8064,23,0.32,1.0322,4,0.255,0.8225,0,0
IWM190927P150,2019-09-20,2019-09-20 09:36:56,0.26,0.8387,858,0.25,0.8064,23,0.32,1.0322,4,0.255,0.8225,0,0
IWM190927P150,2019-09-20,2019-09-20 09:36:57,0.26,0.8387,548,0.25,0.8064,23,0.32,1.0322,4,0.255,0.8225,0,0
IWM190927P150,2019-09-20,2019-09-20 09:36:57,0.26,0.8387,672,0.25,0.8064,23,0.32,1.0322,4,0.255,0.8225,0,0
IWM190927P150,2019-09-20,2019-09-20 09:36:58,0.26,0.8387,548,0.24,0.7741,50,0.32,1.0322,4,0.25,0.8064,0,0
IWM190927P150,2019-09-20,2019-09-20 09:36:58,0.26,0.8387,1345,0.24,0.7741,87,0.32,1.0322,4,0.25,0.8064,0,0
IWM190927P150,2019-09-20,2019-09-20 09:36:59,0.26,0.8387,1345,0.24,0.7741,296,0.32,1.0322,4,0.25,0.8064,0,0
IWM190927P150,2019-09-20,2019-09-20 09:36:59,0.26,0.8387,916,0.24,0.7741,440,0.32,1.0322,4,0.25,0.8064,0,0
IWM190927P150,2019-09-20,2019-09-20 09:37:00,0.25,0.8064,20,0.24,0.7741,297,0.32,1.0322,4,0.245,0.7903,0,0
IWM190927P150,2019-09-20,2019-09-20 09:37:00,0.25,0.8064,20,0.24,0.7741,54,0.32,1.0322,4,0.245,0.7903,0,0
IWM190927P150,2019-09-20,2019-09-20 09:37:01,0.25,0.8064,20,0.24,0.7741,50,0.32,1.0322,4,0.245,0.7903,0,0
IWM190927P150,2019-09-20,2019-09-20 09:37:02,0.26,0.8387,1170,0.24,0.7741,65,0.32,1.0322,4,0.25,0.8064,0,0
IWM190927P150,2019-09-20,2019-09-20 09:37:03,0.26,0.8387,1425,0.24,0.7741,80,0.32,1.0322,4,0.25,0.8064,0,0
IWM190927P150,2019-09-20,2019-09-20 09:37:03,0.26,0.8387,1138,0.24,0.7741,80,0.32,1.0322,4,0.25,0.8064,0,0
IWM190927P150,2019-09-20,2019-09-20 09:37:04,0.26,0.8387,1250,0.24,0.7741,50,0.32,1.0322,4,0.25,0.8064,0,0
IWM190927P150,2019-09-20,2019-09-20 09:37:04,0.26,0.8387,1250,0.24,0.7741,80,0.32,1.0322,4,0.25,0.8064,0,0
IWM190927P150,2019-09-20,2019-09-20 09:37:05,0.26,0.8387,963,0.24,0.7741,623,0.32,1.0322,4,0.25,0.8064,0,0
IWM190927P150,2019-09-20,2019-09-20 09:37:05,0.26,0.8387,1250,0.24,0.7741,672,0.32,1.0322,4,0.25,0.8064,0,0
IWM190927P150,2019-09-20,2019-09-20 09:37:06,0.26,0.8387,1239,0.24,0.7741,602,0.32,1.0322,4,0.25,0.8064,0,0
IWM190927P150,2019-09-20,2019-09-20 09:37:07,0.25,0.8064,29,0.24,0.7741,515,0.32,1.0322,4,0.245,0.7903,0,0
IWM190927P150,2019-09-20,2019-09-20 09:37:07,0.25,0.8064,29,0.24,0.7741,532,0.32,1.0322,4,0.245,0.7903,0,0
IWM190927P150,2019-09-20,2019-09-20 09:37:08,0.26,0.8387,1601,0.24,0.7741,81,0.32,1.0322,4,0.25,0.8064,0,0
IWM190927P150,2019-09-20,2019-09-20 09:37:08,0.25,0.8064,1,0.24,0.7741,77,0.32,1.0322,4,0.245,0.7903,0,0
IWM190927P150,2019-09-20,2019-09-20 09:37:09,0.26,0.8387,1205,0.24,0.7741,455,0.32,1.0322,4,0.25,0.8064,0,0
IWM190927P150,2019-09-20,2019-09-20 09:37:09,0.25,0.8064,103,0.24,0.7741,455,0.32,1.0322,4,0.245,0.7903,0,0
IWM190927P150,2019-09-20,2019-09-20 09:37:10,0.25,0.8064,282,0.24,0.7741,445,0.32,1.0322,4,0.245,0.7903,0,0
IWM190927P150,2019-09-20,2019-09-20 09:37:10,0.25,0.8064,194,0.24,0.7741,445,0.32,1.0322,4,0.245,0.7903,0,0
IWM190927P150,2019-09-20,2019-09-20 09:37:11,0.25,0.8064,282,0.24,0.7741,24,0.32,1.0322,4,0.245,0.7903,0,0
IWM190927P150,2019-09-20,2019-09-20 09:37:11,0.25,0.8064,307,0.24,0.7741,35,0.32,1.0322,4,0.245,0.7903,0,0
IWM190927P150,2019-09-20,2019-09-20 09:37:12,0.25,0.8064,182,0.24,0.7741,49,0.32,1.0322,4,0.245,0.7903,0,0
IWM190927P150,2019-09-20,2019-09-20 09:37:12,0.25,0.8064,517,0.24,0.7741,35,0.32,1.0322,4,0.245,0.7903,0,0
IWM190927P150,2019-09-20,2019-09-20 09:37:13,0.25,0.8064,285,0.24,0.7741,85,0.32,1.0322,4,0.245,0.7903,0,0
IWM190927P150,2019-09-20,2019-09-20 09:37:14,0.25,0.8064,423,0.24,0.7741,48,0.32,1.0322,4,0.245,0.7903,0,0
IWM190927P150,2019-09-20,2019-09-20 09:37:14,0.25,0.8064,423,0.24,0.7741,63,0.32,1.0322,4,0.245,0.7903,0,0
IWM190927P150,2019-09-20,2019-09-20 09:37:15,0.25,0.8064,188,0.24,0.7741,40,0.32,1.0322,4,0.245,0.7903,0,0
IWM190927P150,2019-09-20,2019-09-20 09:37:15,0.25,0.8064,188,0.24,0.7741,29,0.32,1.0322,4,0.245,0.7903,0,0
IWM190927P150,2019-09-20,2019-09-20 09:37:16,0.25,0.8064,444,0.24,0.7741,40,0.32,1.0322,4,0.245,0.7903,0,0
IWM190927P150,2019-09-20,2019-09-20 09:37:16,0.25,0.8064,178,0.24,0.7741,40,0.32,1.0322,4,0.245,0.7903,0,0
IWM190927P150,2019-09-20,2019-09-20 09:37:17,0.25,0.8064,256,0.24,0.7741,20,0.32,1.0322,4,0.245,0.7903,0,0
IWM190927P150,2019-09-20,2019-09-20 09:37:17,0.25,0.8064,256,0.24,0.7741,27,0.32,1.0322,4,0.245,0.7903,0,0
IWM190927P150,2019-09-20,2019-09-20 09:37:18,0.25,0.8064,299,0.24,0.7741,32,0.32,1.0322,4,0.245,0.7903,0,0
IWM190927P150,2019-09-20,2019-09-20 09:37:19,0.25,0.8064,437,0.24,0.7741,24,0.32,1.0322,4,0.245,0.7903,0,0
IWM190927P150,2019-09-20,2019-09-20 09:37:19,0.25,0.8064,437,0.24,0.7741,32,0.32,1.0322,4,0.245,0.7903,0,0
IWM190927P150,2019-09-20,2019-09-20 09:37:20,0.25,0.8064,437,0.24,0.7741,20,0.32,1.0322,4,0.245,0.7903,0,0
IWM190927P150,2019-09-20,2019-09-20 09:37:20,0.25,0.8064,437,0.24,0.7741,24,0.32,1.0322,4,0.245,0.7903,0,0
IWM190927P150,2019-09-20,2019-09-20 09:37:21,0.25,0.8064,437,0.24,0.7741,20,0.32,1.0322,4,0.245,0.7903,0,0
IWM190927P150,2019-09-20,2019-09-20 09:37:21,0.25,0.8064,170,0.24,0.7741,25,0.32,1.0322,4,0.245,0.7903,0,0
IWM190927P150,2019-09-20,2019-09-20 09:37:22,0.25,0.8064,132,0.24,0.7741,65,0.32,1.0322,4,0.245,0.7903,0,0
IWM190927P150,2019-09-20,2019-09-20 09:37:22,0.25,0.8064,393,0.24,0.7741,25,0.32,1.0322,4,0.245,0.7903,0,0
IWM190927P150,2019-09-20,2019-09-20 09:37:23,0.25,0.8064,164,0.24,0.7741,65,0.32,1.0322,4,0.245,0.7903,0,0
IWM190927P150,2019-09-20,2019-09-20 09:37:24,0.25,0.8064,16,0.24,0.7741,65,0.32,1.0322,4,0.245,0.7903,0,0
IWM190927P150,2019-09-20,2019-09-20 09:37:24,0.25,0.8064,23,0.24,0.7741,65,0.32,1.0322,4,0.245,0.7903,0,0
IWM190927P150,2019-09-20,2019-09-20 09:37:25,0.25,0.8064,13,0.24,0.7741,65,0.32,1.0322,4,0.245,0.7903,0,0
IWM190927P150,2019-09-20,2019-09-20 09:37:25,0.25,0.8064,38,0.24,0.7741,76,0.32,1.0322,4,0.245,0.7903,0,0
IWM190927P150,2019-09-20,2019-09-20 09:37:26,0.25,0.8064,57,0.24,0.7741,598,0.32,1.0322,4,0.245,0.7903,0,0
IWM190927P150,2019-09-20,2019-09-20 09:37:26,0.25,0.8064,38,0.24,0.7741,65,0.32,1.0322,4,0.245,0.7903,0,0
IWM190927P150,2019-09-20,2019-09-20 09:37:27,0.25,0.8064,57,0.24,0.7741,598,0.32,1.0322,4,0.245,0.7903,0,0
IWM190927P150,2019-09-20,2019-09-20 09:37:27,0.26,0.8387,694,0.24,0.7741,651,0.32,1.0322,4,0.25,0.8064,0,0
IWM190927P150,2019-09-20,2019-09-20 09:37:28,0.26,0.8387,694,0.24,0.7741,622,0.32,1.0322,4,0.25,0.8064,0,0
IWM190927P150,2019-09-20,2019-09-20 09:37:28,0.26,0.8387,694,0.24,0.7741,641,0.32,1.0322,4,0.25,0.8064,0,0
IWM190927P150,2019-09-20,2019-09-20 09:37:29,0.25,0.8064,20,0.24,0.7741,622,0.32,1.0322,4,0.245,0.7903,0,0
IWM190927P150,2019-09-20,2019-09-20 09:37:30,0.25,0.8064,20,0.24,0.7741,622,0.32,1.0322,4,0.245,0.7903,0,0
IWM190927P150,2019-09-20,2019-09-20 09:37:31,0.25,0.8064,26,0.24,0.7741,622,0.32,1.0322,4,0.245,0.7903,0,0
IWM190927P150,2019-09-20,2019-09-20 09:37:31,0.25,0.8064,20,0.24,0.7741,622,0.32,1.0322,4,0.245,0.7903,0,0
IWM190927P150,2019-09-20,2019-09-20 09:37:32,0.25,0.8064,46,0.24,0.7741,622,0.32,1.0322,4,0.245,0.7903,0,0
IWM190927P150,2019-09-20,2019-09-20 09:37:33,0.25,0.8064,126,0.24,0.7741,598,0.32,1.0322,4,0.245,0.7903,0,0
IWM190927P150,2019-09-20,2019-09-20 09:37:34,0.25,0.8064,170,0.24,0.7741,636,0.32,1.0322,4,0.245,0.7903,0,0
IWM190927P150,2019-09-20,2019-09-20 09:37:34,0.25,0.8064,171,0.24,0.7741,636,0.32,1.0322,4,0.245,0.7903,0,0
IWM190927P150,2019-09-20,2019-09-20 09:37:35,0.25,0.8064,276,0.24,0.7741,646,0.32,1.0322,4,0.245,0.7903,0,0
IWM190927P150,2019-09-20,2019-09-20 09:37:35,0.25,0.8064,415,0.24,0.7741,299,0.32,1.0322,4,0.245,0.7903,0,0
IWM190927P150,2019-09-20,2019-09-20 09:37:36,0.25,0.8064,415,0.24,0.7741,597,0.32,1.0322,4,0.245,0.7903,0,0
IWM190927P150,2019-09-20,2019-09-20 09:37:36,0.25,0.8064,194,0.24,0.7741,597,0.32,1.0322,4,0.245,0.7903,0,0
IWM190927P150,2019-09-20,2019-09-20 09:37:37,0.25,0.8064,435,0.24,0.7741,38,0.32,1.0322,4,0.245,0.7903,0,0
IWM190927P150,2019-09-20,2019-09-20 09:37:38,0.25,0.8064,435,0.24,0.7741,38,0.32,1.0322,4,0.245,0.7903,0,0
IWM190927P150,2019-09-20,2019-09-20 09:37:39,0.25,0.8064,435,0.24,0.7741,37,0.32,1.0322,4,0.245,0.7903,0,0
IWM190927P150,2019-09-20,2019-09-20 09:37:39,0.25,0.8064,408,0.24,0.7741,37,0.32,1.0322,4,0.245,0.7903,0,0
IWM190927P150,2019-09-20,2019-09-20 09:37:40,0.25,0.8064,693,0.24,0.7741,37,0.32,1.0322,4,0.245,0.7903,0,0
IWM190927P150,2019-09-20,2019-09-20 09:37:40,0.25,0.8064,408,0.24,0.7741,37,0.32,1.0322,4,0.245,0.7903,0,0
IWM190927P150,2019-09-20,2019-09-20 09:37:41,0.25,0.8064,345,0.24,0.7741,24,0.32,1.0322,4,0.245,0.7903,0,0
IWM190927P150,2019-09-20,2019-09-20 09:37:41,0.25,0.8064,798,0.24,0.7741,37,0.32,1.0322,4,0.245,0.7903,0,0
IWM190927P150,2019-09-20,2019-09-20 09:37:42,0.25,0.8064,300,0.24,0.7741,34,0.32,1.0322,4,0.245,0.7903,0,0
IWM190927P150,2019-09-20,2019-09-20 09:37:42,0.25,0.8064,345,0.24,0.7741,34,0.32,1.0322,4,0.245,0.7903,0,0
IWM190927P150,2019-09-20,2019-09-20 09:37:43,0.25,0.8064,300,0.24,0.7741,34,0.32,1.0322,4,0.245,0.7903,0,0
IWM190927P150,2019-09-20,2019-09-20 09:37:44,0.25,0.8064,260,0.24,0.7741,40,0.32,1.0322,4,0.245,0.7903,0,0
IWM190927P150,2019-09-20,2019-09-20 09:37:45,0.25,0.8064,260,0.24,0.7741,20,0.32,1.0322,4,0.245,0.7903,0,0
IWM190927P150,2019-09-20,2019-09-20 09:37:45,0.25,0.8064,260,0.24,0.7741,24,0.32,1.0322,4,0.245,0.7903,0,0
IWM190927P150,2019-09-20,2019-09-20 09:37:46,0.25,0.8064,525,0.23,0.7419,882,0.32,1.0322,4,0.24,0.7741,0,0
IWM190927P150,2019-09-20,2019-09-20 09:37:46,0.25,0.8064,677,0.23,0.7419,1365,0.32,1.0322,4,0.24,0.7741,0,0
IWM190927P150,2019-09-20,2019-09-20 09:37:47,0.25,0.8064,677,0.23,0.7419,926,0.32,1.0322,4,0.24,0.7741,0,0
IWM190927P150,2019-09-20,2019-09-20 09:37:47,0.25,0.8064,190,0.24,0.7741,30,0.32,1.0322,4,0.245,0.7903,0,0
IWM190927P150,2019-09-20,2019-09-20 09:37:48,0.25,0.8064,161,0.24,0.7741,55,0.32,1.0322,4,0.245,0.7903,0,0
IWM190927P150,2019-09-20,2019-09-20 09:37:49,0.25,0.8064,393,0.24,0.7741,55,0.32,1.0322,4,0.245,0.7903,0,0
IWM190927P150,2019-09-20,2019-09-20 09:37:49,0.25,0.8064,183,0.24,0.7741,55,0.32,1.0322,4,0.245,0.7903,0,0
IWM190927P150,2019-09-20,2019-09-20 09:37:50,0.25,0.8064,350,0.24,0.7741,55,0.32,1.0322,4,0.245,0.7903,0,0
IWM190927P150,2019-09-20,2019-09-20 09:37:50,0.25,0.8064,298,0.24,0.7741,55,0.32,1.0322,4,0.245,0.7903,0,0
IWM190927P150,2019-09-20,2019-09-20 09:37:51,0.25,0.8064,298,0.24,0.7741,55,0.32,1.0322,4,0.245,0.7903,0,0
IWM190927P150,2019-09-20,2019-09-20 09:37:51,0.25,0.8064,71,0.24,0.7741,20,0.32,1.0322,4,0.245,0.7903,0,0
IWM190927P150,2019-09-20,2019-09-20 09:37:52,0.25,0.8064,146,0.24,0.7741,33,0.32,1.0322,4,0.245,0.7903,0,0
IWM190927P150,2019-09-20,2019-09-20 09:37:52,0.25,0.8064,156,0.24,0.7741,20,0.32,1.0322,4,0.245,0.7903,0,0
IWM190927P150,2019-09-20,2019-09-20 09:37:53,0.25,0.8064,146,0.24,0.7741,20,0.32,1.0322,4,0.245,0.7903,0,0
IWM190927P150,2019-09-20,2019-09-20 09:37:53,0.25,0.8064,156,0.24,0.7741,20,0.32,1.0322,4,0.245,0.7903,0,0
IWM190927P150,2019-09-20,2019-09-20 09:37:54,0.25,0.8064,161,0.24,0.7741,20,0.32,1.0322,4,0.245,0.7903,0,0
IWM190927P150,2019-09-20,2019-09-20 09:37:54,0.25,0.8064,156,0.24,0.7741,43,0.32,1.0322,4,0.245,0.7903,0,0
IWM190927P150,2019-09-20,2019-09-20 09:37:55,0.25,0.8064,151,0.24,0.7741,34,0.32,1.0322,4,0.245,0.7903,0,0
IWM190927P150,2019-09-20,2019-09-20 09:37:55,0.25,0.8064,151,0.24,0.7741,36,0.32,1.0322,4,0.245,0.7903,0,0
IWM190927P150,2019-09-20,2019-09-20 09:37:56,0.25,0.8064,179,0.24,0.7741,24,0.32,1.0322,4,0.245,0.7903,0,0
IWM190927P150,2019-09-20,2019-09-20 09:37:56,0.25,0.8064,242,0.24,0.7741,36,0.32,1.0322,4,0.245,0.7903,0,0
IWM190927P150,2019-09-20,2019-09-20 09:37:57,0.25,0.8064,313,0.24,0.7741,24,0.32,1.0322,4,0.245,0.7903,0,0
IWM190927P150,2019-09-20,2019-09-20 09:37:57,0.25,0.8064,297,0.24,0.7741,36,0.32,1.0322,4,0.245,0.7903,0,0
IWM190927P150,2019-09-20,2019-09-20 09:37:58,0.25,0.8064,313,0.24,0.7741,36,0.32,1.0322,4,0.245,0.7903,0,0
IWM190927P150,2019-09-20,2019-09-20 09:37:59,0.25,0.8064,310,0.24,0.7741,24,0.32,1.0322,4,0.245,0.7903,0,0
IWM190927P150,2019-09-20,2019-09-20 09:37:59,0.25,0.8064,313,0.24,0.7741,24,0.32,1.0322,4,0.245,0.7903,0,0
IWM190927P150,2019-09-20,2019-09-20 09:38:00,0.25,0.8064,310,0.23,0.7419,1052,0.32,1.0322,4,0.24,0.7741,0,0
IWM190927P150,2019-09-20,2019-09-20 09:38:00,0.25,0.8064,489,0.23,0.7419,1142,0.32,1.0322,4,0.24,0.7741,0,0
IWM190927P150,2019-09-20,2019-09-20 09:38:01,0.25,0.8064,598,0.23,0.7419,1142,0.32,1.0322,4,0.24,0.7741,0,0
IWM190927P150,2019-09-20,2019-09-20 09:38:02,0.25,0.8064,364,0.23,0.7419,1155,0.32,1.0322,4,0.24,0.7741,0,0
IWM190927P150,2019-09-20,2019-09-20 09:38:02,0.25,0.8064,598,0.23,0.7419,1130,0.32,1.0322,4,0.24,0.7741,0,0
IWM190927P150,2019-09-20,2019-09-20 09:38:03,0.25,0.8064,305,0.23,0.7419,747,0.32,1.0322,4,0.24,0.7741,0,0
IWM190927P150,2019-09-20,2019-09-20 09:38:04,0.25,0.8064,305,0.23,0.7419,747,0.32,1.0322,4,0.24,0.7741,0,0
IWM190927P150,2019-09-20,2019-09-20 09:38:05,0.25,0.8064,305,0.24,0.7741,8,0.32,1.0322,4,0.245,0.7903,0,0
IWM190927P150,2019-09-20,2019-09-20 09:38:05,0.25,0.8064,305,0.23,0.7419,1373,0.32,1.0322,4,0.24,0.7741,0,0
IWM190927P150,2019-09-20,2019-09-20 09:38:06,0.25,0.8064,399,0.24,0.7741,26,0.32,1.0322,4,0.245,0.7903,0,0
IWM190927P150,2019-09-20,2019-09-20 09:38:06,0.25,0.8064,431,0.24,0.7741,8,0.32,1.0322,4,0.245,0.7903,0,0
IWM190927P150,2019-09-20,2019-09-20 09:38:07,0.25,0.8064,642,0.24,0.7741,26,0.32,1.0322,4,0.245,0.7903,0,0
IWM190927P150,2019-09-20,2019-09-20 09:38:08,0.25,0.8064,596,0.24,0.7741,56,0.32,1.0322,4,0.245,0.7903,0,0
IWM190927P150,2019-09-20,2019-09-20 09:38:08,0.25,0.8064,596,0.24,0.7741,26,0.32,1.0322,4,0.245,0.7903,0,0
IWM190927P150,2019-09-20,2019-09-20 09:38:09,0.25,0.8064,147,0.24,0.7741,620,0.32,1.0322,4,0.245,0.7903,0,0
IWM190927P150,2019-09-20,2019-09-20 09:38:09,0.25,0.8064,134,0.24,0.7741,393,0.32,1.0322,4,0.245,0.7903,0,0
IWM190927P150,2019-09-20,2019-09-20 09:38:10,0.25,0.8064,134,0.24,0.7741,528,0.32,1.0322,4,0.245,0.7903,0,0
IWM190927P150,2019-09-20,2019-09-20 09:38:10,0.25,0.8064,318,0.24,0.7741,40,0.32,1.0322,4,0.245,0.7903,0,0
IWM190927P150,2019-09-20,2019-09-20 09:38:11,0.25,0.8064,247,0.24,0.7741,24,0.32,1.0322,4,0.245,0.7903,0,0
IWM190927P150,2019-09-20,2019-09-20 09:38:11,0.25,0.8064,416,0.24,0.7741,24,0.32,1.0322,4,0.245,0.7903,0,0
IWM190927P150,2019-09-20,2019-09-20 09:38:12,0.25,0.8064,416,0.24,0.7741,24,0.32,1.0322,4,0.245,0.7903,0,0
IWM190927P150,2019-09-20,2019-09-20 09:38:12,0.25,0.8064,416,0.24,0.7741,23,0.32,1.0322,4,0.245,0.7903,0,0
IWM190927P150,2019-09-20,2019-09-20 09:38:13,0.25,0.8064,416,0.24,0.7741,23,0.32,1.0322,4,0.245,0.7903,0,0
IWM190927P150,2019-09-20,2019-09-20 09:38:14,0.25,0.8064,416,0.24,0.7741,23,0.32,1.0322,4,0.245,0.7903,0,0
IWM190927P150,2019-09-20,2019-09-20 09:38:15,0.25,0.8064,400,0.23,0.7419,1245,0.32,1.0322,4,0.24,0.7741,0,0
IWM190927P150,2019-09-20,2019-09-20 09:38:15,0.25,0.8064,400,0.23,0.7419,1235,0.32,1.0322,4,0.24,0.7741,0,0
IWM190927P150,2019-09-20,2019-09-20 09:38:16,0.25,0.8064,631,0.23,0.7419,1105,0.32,1.0322,4,0.24,0.7741,0,0
IWM190927P150,2019-09-20,2019-09-20 09:38:16,0.25,0.8064,603,0.24,0.7741,9,0.32,1.0322,4,0.245,0.7903,0,0
IWM190927P150,2019-09-20,2019-09-20 09:38:17,0.25,0.8064,424,0.23,0.7419,1105,0.32,1.0322,4,0.24,0.7741,0,0
IWM190927P150,2019-09-20,2019-09-20 09:38:18,0.25,0.8064,424,0.23,0.7419,1105,0.32,1.0322,4,0.24,0.7741,0,0
IWM190927P150,2019-09-20,2019-09-20 09:38:18,0.25,0.8064,469,0.23,0.7419,1105,0.32,1.0322,4,0.24,0.7741,0,0
IWM190927P150,2019-09-20,2019-09-20 09:38:19,0.25,0.8064,638,0.23,0.7419,1118,0.32,1.0322,4,0.24,0.7741,0,0
IWM190927P150,2019-09-20,2019-09-20 09:38:20,0.25,0.8064,438,0.24,0.7741,18,0.32,1.0322,4,0.245,0.7903,0,0
IWM190927P150,2019-09-20,2019-09-20 09:38:20,0.25,0.8064,424,0.23,0.7419,1118,0.32,1.0322,4,0.24,0.7741,0,0
IWM190927P150,2019-09-20,2019-09-20 09:38:21,0.25,0.8064,637,0.24,0.7741,18,0.32,1.0322,4,0.245,0.7903,0,0
IWM190927P150,2019-09-20,2019-09-20 09:38:22,0.25,0.8064,486,0.23,0.7419,771,0.32,1.0322,4,0.24,0.7741,0,0
IWM190927P150,2019-09-20,2019-09-20 09:38:22,0.25,0.8064,637,0.23,0.7419,771,0.32,1.0322,4,0.24,0.7741,0,0
IWM190927P150,2019-09-20,2019-09-20 09:38:23,0.25,0.8064,718,0.23,0.7419,678,0.32,1.0322,4,0.24,0.7741,0,0
IWM190927P150,2019-09-20,2019-09-20 09:38:24,0.24,0.7741,92,0.23,0.7419,334,0.24,0.7741,1,0.235,0.758,4,3
IWM190927P150,2019-09-20,2019-09-20 09:38:24,0.25,0.8064,711,0.23,0.7419,678,0.24,0.7741,1,0.24,0.7741,1,1
IWM190927P150,2019-09-20,2019-09-20 09:38:25,0.24,0.7741,461,0.23,0.7419,302,0.24,0.7741,1,0.235,0.758,4,0
IWM190927P150,2019-09-20,2019-09-20 09:38:25,0.24,0.7741,180,0.23,0.7419,52,0.24,0.7741,1,0.235,0.758,4,0
IWM190927P150,2019-09-20,2019-09-20 09:38:26,0.24,0.7741,570,0.23,0.7419,413,0.24,0.7741,1,0.235,0.758,4,0
IWM190927P150,2019-09-20,2019-09-20 09:38:27,0.24,0.7741,570,0.23,0.7419,413,0.24,0.7741,1,0.235,0.758,4,0
IWM190927P150,2019-09-20,2019-09-20 09:38:27,0.24,0.7741,628,0.23,0.7419,235,0.24,0.7741,1,0.235,0.758,4,0
IWM190927P150,2019-09-20,2019-09-20 09:38:28,0.24,0.7741,249,0.23,0.7419,44,0.24,0.7741,1,0.235,0.758,4,0
IWM190927P150,2019-09-20,2019-09-20 09:38:28,0.24,0.7741,628,0.23,0.7419,34,0.24,0.7741,1,0.235,0.758,4,0
IWM190927P150,2019-09-20,2019-09-20 09:38:29,0.24,0.7741,249,0.23,0.7419,44,0.24,0.7741,1,0.235,0.758,4,0
IWM190927P150,2019-09-20,2019-09-20 09:38:30,0.24,0.7741,249,0.23,0.7419,44,0.24,0.7741,1,0.235,0.758,4,0
IWM190927P150,2019-09-20,2019-09-20 09:38:30,0.24,0.7741,276,0.23,0.7419,44,0.24,0.7741,1,0.235,0.758,4,0
IWM190927P150,2019-09-20,2019-09-20 09:38:31,0.24,0.7741,229,0.23,0.7419,480,0.24,0.7741,1,0.235,0.758,4,0
IWM190927P150,2019-09-20,2019-09-20 09:38:31,0.24,0.7741,229,0.23,0.7419,78,0.24,0.7741,1,0.235,0.758,4,0
IWM190927P150,2019-09-20,2019-09-20 09:38:32,0.24,0.7741,112,0.23,0.7419,306,0.24,0.7741,1,0.235,0.758,4,0
IWM190927P150,2019-09-20,2019-09-20 09:38:32,0.24,0.7741,124,0.23,0.7419,480,0.24,0.7741,1,0.235,0.758,4,0
IWM190927P150,2019-09-20,2019-09-20 09:38:33,0.24,0.7741,290,0.23,0.7419,659,0.24,0.7741,1,0.235,0.758,4,0
IWM190927P150,2019-09-20,2019-09-20 09:38:33,0.24,0.7741,134,0.23,0.7419,659,0.24,0.7741,1,0.235,0.758,4,0
IWM190927P150,2019-09-20,2019-09-20 09:38:34,0.24,0.7741,112,0.23,0.7419,495,0.24,0.7741,1,0.235,0.758,4,0
IWM190927P150,2019-09-20,2019-09-20 09:38:34,0.24,0.7741,290,0.23,0.7419,546,0.24,0.7741,1,0.235,0.758,4,0
IWM190927P150,2019-09-20,2019-09-20 09:38:35,0.24,0.7741,194,0.23,0.7419,623,0.24,0.7741,1,0.235,0.758,4,0
IWM190927P150,2019-09-20,2019-09-20 09:38:35,0.24,0.7741,229,0.23,0.7419,505,0.24,0.7741,1,0.235,0.758,4,0
IWM190927P150,2019-09-20,2019-09-20 09:38:36,0.24,0.7741,229,0.23,0.7419,505,0.24,0.7741,1,0.235,0.758,4,0
IWM190927P150,2019-09-20,2019-09-20 09:38:36,0.24,0.7741,333,0.23,0.7419,676,0.24,0.7741,1,0.235,0.758,4,0
IWM190927P150,2019-09-20,2019-09-20 09:38:37,0.24,0.7741,305,0.23,0.7419,676,0.24,0.7741,1,0.235,0.758,4,0
IWM190927P150,2019-09-20,2019-09-20 09:38:37,0.24,0.7741,289,0.23,0.7419,676,0.24,0.7741,1,0.235,0.758,4,0
IWM190927P150,2019-09-20,2019-09-20 09:38:38,0.24,0.7741,289,0.23,0.7419,676,0.24,0.7741,1,0.235,0.758,4,0
IWM190927P150,2019-09-20,2019-09-20 09:38:39,0.24,0.7741,289,0.23,0.7419,803,0.24,0.7741,1,0.235,0.758,4,0
IWM190927P150,2019-09-20,2019-09-20 09:38:39,0.24,0.7741,289,0.23,0.7419,676,0.24,0.7741,1,0.235,0.758,4,0
IWM190927P150,2019-09-20,2019-09-20 09:38:40,0.24,0.7741,173,0.23,0.7419,826,0.24,0.7741,1,0.235,0.758,4,0
IWM190927P150,2019-09-20,2019-09-20 09:38:41,0.24,0.7741,173,0.23,0.7419,803,0.24,0.7741,1,0.235,0.758,4,0
IWM190927P150,2019-09-20,2019-09-20 09:38:41,0.24,0.7741,173,0.23,0.7419,816,0.24,0.7741,1,0.235,0.758,4,0
IWM190927P150,2019-09-20,2019-09-20 09:38:42,0.24,0.7741,173,0.23,0.7419,942,0.24,0.7741,1,0.235,0.758,4,0
IWM190927P150,2019-09-20,2019-09-20 09:38:42,0.24,0.7741,60,0.23,0.7419,1019,0.24,0.7741,1,0.235,0.758,4,0
IWM190927P150,2019-09-20,2019-09-20 09:38:43,0.24,0.7741,60,0.23,0.7419,1259,0.24,0.7741,1,0.235,0.758,4,0
IWM190927P150,2019-09-20,2019-09-20 09:38:44,0.24,0.7741,15,0.23,0.7419,1250,0.24,0.7741,1,0.235,0.758,4,0
IWM190927P150,2019-09-20,2019-09-20 09:38:44,0.24,0.7741,60,0.23,0.7419,1029,0.24,0.7741,1,0.235,0.758,4,0
IWM190927P150,2019-09-20,2019-09-20 09:38:45,0.24,0.7741,19,0.23,0.7419,1250,0.24,0.7741,1,0.235,0.758,4,0
IWM190927P150,2019-09-20,2019-09-20 09:38:46,0.25,0.8064,507,0.23,0.7419,1487,0.24,0.7741,1,0.24,0.7741,4,0
IWM190927P150,2019-09-20,2019-09-20 09:38:47,0.25,0.8064,572,0.23,0.7419,1487,0.24,0.7741,1,0.24,0.7741,4,0
IWM190927P150,2019-09-20,2019-09-20 09:38:48,0.25,0.8064,572,0.23,0.7419,1487,0.24,0.7741,1,0.24,0.7741,4,0
IWM190927P150,2019-09-20,2019-09-20 09:38:49,0.25,0.8064,572,0.23,0.7419,1487,0.24,0.7741,1,0.24,0.7741,4,0
IWM190927P150,2019-09-20,2019-09-20 09:38:50,0.25,0.8064,572,0.23,0.7419,1487,0.24,0.7741,1,0.24,0.7741,4,0
IWM190927P150,2019-09-20,2019-09-20 09:38:51,0.25,0.8064,572,0.23,0.7419,1487,0.24,0.7741,1,0.24,0.7741,4,0
IWM190927P150,2019-09-20,2019-09-20 09:38:52,0.25,0.8064,572,0.23,0.7419,1487,0.24,0.7741,1,0.24,0.7741,4,0
IWM190927P150,2019-09-20,2019-09-20 09:38:53,0.25,0.8064,572,0.23,0.7419,1452,0.24,0.7741,1,0.24,0.7741,4,0
IWM190927P150,2019-09-20,2019-09-20 09:38:53,0.25,0.8064,572,0.23,0.7419,1487,0.24,0.7741,1,0.24,0.7741,4,0
IWM190927P150,2019-09-20,2019-09-20 09:38:54,0.25,0.8064,572,0.23,0.7419,1452,0.24,0.7741,1,0.24,0.7741,4,0
IWM190927P150,2019-09-20,2019-09-20 09:38:55,0.25,0.8064,572,0.23,0.7419,1452,0.24,0.7741,1,0.24,0.7741,4,0
IWM190927P150,2019-09-20,2019-09-20 09:38:55,0.25,0.8064,572,0.23,0.7419,1487,0.24,0.7741,1,0.24,0.7741,4,0
IWM190927P150,2019-09-20,2019-09-20 09:38:56,0.25,0.8064,572,0.23,0.7419,1487,0.24,0.7741,1,0.24,0.7741,4,0
IWM190927P150,2019-09-20,2019-09-20 09:38:57,0.25,0.8064,572,0.23,0.7419,1487,0.24,0.7741,1,0.24,0.7741,4,0
IWM190927P150,2019-09-20,2019-09-20 09:38:58,0.25,0.8064,572,0.23,0.7419,1487,0.24,0.7741,1,0.24,0.7741,4,0
IWM190927P150,2019-09-20,2019-09-20 09:38:59,0.25,0.8064,572,0.23,0.7419,1487,0.24,0.7741,1,0.24,0.7741,4,0
IWM190927P150,2019-09-20,2019-09-20 09:39:00,0.25,0.8064,572,0.23,0.7419,1487,0.24,0.7741,1,0.24,0.7741,4,0
IWM190927P150,2019-09-20,2019-09-20 09:39:01,0.25,0.8064,572,0.23,0.7419,1487,0.24,0.7741,1,0.24,0.7741,4,0
IWM190927P150,2019-09-20,2019-09-20 09:39:02,0.25,0.8064,572,0.23,0.7419,1487,0.24,0.7741,1,0.24,0.7741,4,0
IWM190927P150,2019-09-20,2019-09-20 09:39:03,0.25,0.8064,572,0.23,0.7419,1487,0.24,0.7741,1,0.24,0.7741,4,0
IWM190927P150,2019-09-20,2019-09-20 09:39:04,0.25,0.8064,572,0.23,0.7419,1487,0.24,0.7741,1,0.24,0.7741,4,0
IWM190927P150,2019-09-20,2019-09-20 09:39:05,0.25,0.8064,581,0.24,0.7741,291,0.24,0.7741,1,0.245,0.7903,4,0
IWM190927P150,2019-09-20,2019-09-20 09:39:05,0.25,0.8064,581,0.23,0.7419,1521,0.24,0.7741,1,0.24,0.7741,4,0
IWM190927P150,2019-09-20,2019-09-20 09:39:06,0.25,0.8064,581,0.24,0.7741,641,0.24,0.7741,1,0.245,0.7903,4,0
IWM190927P150,2019-09-20,2019-09-20 09:39:07,0.25,0.8064,581,0.24,0.7741,665,0.24,0.7741,1,0.245,0.7903,4,0
IWM190927P150,2019-09-20,2019-09-20 09:39:07,0.25,0.8064,581,0.24,0.7741,825,0.24,0.7741,1,0.245,0.7903,4,0
IWM190927P150,2019-09-20,2019-09-20 09:39:08,0.25,0.8064,581,0.24,0.7741,825,0.24,0.7741,1,0.245,0.7903,4,0
IWM190927P150,2019-09-20,2019-09-20 09:39:09,0.25,0.8064,581,0.24,0.7741,825,0.24,0.7741,1,0.245,0.7903,4,0
IWM190927P150,2019-09-20,2019-09-20 09:39:10,0.25,0.8064,535,0.24,0.7741,825,0.24,0.7741,1,0.245,0.7903,4,0
IWM190927P150,2019-09-20,2019-09-20 09:39:10,0.25,0.8064,221,0.24,0.7741,453,0.24,0.7741,1,0.245,0.7903,4,0
IWM190927P150,2019-09-20,2019-09-20 09:39:11,0.25,0.8064,414,0.24,0.7741,20,0.24,0.7741,1,0.245,0.7903,4,0
IWM190927P150,2019-09-20,2019-09-20 09:39:11,0.25,0.8064,439,0.24,0.7741,457,0.24,0.7741,1,0.245,0.7903,4,0
IWM190927P150,2019-09-20,2019-09-20 09:39:12,0.25,0.8064,490,0.24,0.7741,20,0.24,0.7741,1,0.245,0.7903,4,0
IWM190927P150,2019-09-20,2019-09-20 09:39:12,0.25,0.8064,490,0.24,0.7741,18,0.24,0.7741,1,0.245,0.7903,4,0
IWM190927P150,2019-09-20,2019-09-20 09:39:13,0.25,0.8064,478,0.23,0.7419,709,0.24,0.7741,1,0.24,0.7741,4,0
IWM190927P150,2019-09-20,2019-09-20 09:39:13,0.25,0.8064,605,0.23,0.7419,1147,0.24,0.7741,1,0.24,0.7741,4,0
IWM190927P150,2019-09-20,2019-09-20 09:39:14,0.24,0.7741,119,0.23,0.7419,1054,0.24,0.7741,1,0.235,0.758,4,0
IWM190927P150,2019-09-20,2019-09-20 09:39:14,0.24,0.7741,119,0.23,0.7419,1115,0.24,0.7741,1,0.235,0.758,4,0
IWM190927P150,2019-09-20,2019-09-20 09:39:15,0.24,0.7741,314,0.23,0.7419,1054,0.24,0.7741,1,0.235,0.758,4,0
IWM190927P150,2019-09-20,2019-09-20 09:39:16,0.24,0.7741,94,0.23,0.7419,1054,0.24,0.7741,1,0.235,0.758,4,0
IWM190927P150,2019-09-20,2019-09-20 09:39:17,0.24,0.7741,119,0.23,0.7419,1127,0.24,0.7741,1,0.235,0.758,4,0
IWM190927P150,2019-09-20,2019-09-20 09:39:17,0.24,0.7741,94,0.23,0.7419,1127,0.24,0.7741,1,0.235,0.758,4,0
IWM190927P150,2019-09-20,2019-09-20 09:39:18,0.24,0.7741,119,0.23,0.7419,1127,0.24,0.7741,1,0.235,0.758,4,0
IWM190927P150,2019-09-20,2019-09-20 09:39:19,0.24,0.7741,119,0.23,0.7419,1074,0.24,0.7741,1,0.235,0.758,4,0
IWM190927P150,2019-09-20,2019-09-20 09:39:20,0.24,0.7741,297,0.23,0.7419,1074,0.24,0.7741,1,0.235,0.758,4,0
IWM190927P150,2019-09-20,2019-09-20 09:39:21,0.24,0.7741,303,0.23,0.7419,1074,0.24,0.7741,1,0.235,0.758,4,0
IWM190927P150,2019-09-20,2019-09-20 09:39:21,0.24,0.7741,297,0.23,0.7419,1074,0.24,0.7741,1,0.235,0.758,4,0
IWM190927P150,2019-09-20,2019-09-20 09:39:22,0.24,0.7741,227,0.23,0.7419,1074,0.24,0.7741,1,0.235,0.758,4,0
IWM190927P150,2019-09-20,2019-09-20 09:39:23,0.24,0.7741,227,0.23,0.7419,1074,0.24,0.7741,1,0.235,0.758,4,0
IWM190927P150,2019-09-20,2019-09-20 09:39:24,0.24,0.7741,227,0.23,0.7419,1074,0.24,0.7741,1,0.235,0.758,4,0
IWM190927P150,2019-09-20,2019-09-20 09:39:25,0.24,0.7741,227,0.23,0.7419,1074,0.24,0.7741,1,0.235,0.758,4,0
IWM190927P150,2019-09-20,2019-09-20 09:39:26,0.24,0.7741,116,0.23,0.7419,1054,0.24,0.7741,1,0.235,0.758,4,0
IWM190927P150,2019-09-20,2019-09-20 09:39:26,0.24,0.7741,227,0.23,0.7419,1054,0.24,0.7741,1,0.235,0.758,4,0
IWM190927P150,2019-09-20,2019-09-20 09:39:27,0.24,0.7741,116,0.23,0.7419,1104,0.24,0.7741,1,0.235,0.758,4,0
IWM190927P150,2019-09-20,2019-09-20 09:39:28,0.24,0.7741,116,0.23,0.7419,1104,0.24,0.7741,1,0.235,0.758,4,0
IWM190927P150,2019-09-20,2019-09-20 09:39:28,0.24,0.7741,116,0.23,0.7419,1153,0.24,0.7741,1,0.235,0.758,4,0
IWM190927P150,2019-09-20,2019-09-20 09:39:29,0.24,0.7741,116,0.23,0.7419,1153,0.24,0.7741,1,0.235,0.758,4,0
IWM190927P150,2019-09-20,2019-09-20 09:39:29,0.24,0.7741,116,0.23,0.7419,1084,0.24,0.7741,1,0.235,0.758,4,0
IWM190927P150,2019-09-20,2019-09-20 09:39:30,0.24,0.7741,116,0.23,0.7419,1084,0.24,0.7741,1,0.235,0.758,4,0
IWM190927P150,2019-09-20,2019-09-20 09:39:31,0.24,0.7741,116,0.23,0.7419,1084,0.24,0.7741,1,0.235,0.758,4,0
IWM190927P150,2019-09-20,2019-09-20 09:39:32,0.24,0.7741,104,0.23,0.7419,753,0.24,0.7741,1,0.235,0.758,4,0
IWM190927P150,2019-09-20,2019-09-20 09:39:32,0.24,0.7741,116,0.23,0.7419,1125,0.24,0.7741,1,0.235,0.758,4,0
IWM190927P150,2019-09-20,2019-09-20 09:39:33,0.24,0.7741,383,0.23,0.7419,753,0.24,0.7741,1,0.235,0.758,4,0
IWM190927P150,2019-09-20,2019-09-20 09:39:34,0.24,0.7741,720,0.23,0.7419,596,0.24,0.7741,1,0.235,0.758,4,0
IWM190927P150,2019-09-20,2019-09-20 09:39:34,0.24,0.7741,383,0.23,0.7419,753,0.24,0.7741,1,0.235,0.758,4,0
IWM190927P150,2019-09-20,2019-09-20 09:39:35,0.24,0.7741,342,0.23,0.7419,596,0.24,0.7741,1,0.235,0.758,4,0
IWM190927P150,2019-09-20,2019-09-20 09:39:35,0.24,0.7741,652,0.23,0.7419,596,0.24,0.7741,1,0.235,0.758,4,0
IWM190927P150,2019-09-20,2019-09-20 09:39:36,0.24,0.7741,342,0.23,0.7419,676,0.24,0.7741,1,0.235,0.758,4,0
IWM190927P150,2019-09-20,2019-09-20 09:39:37,0.24,0.7741,342,0.23,0.7419,676,0.24,0.7741,1,0.235,0.758,4,0
IWM190927P150,2019-09-20,2019-09-20 09:39:37,0.24,0.7741,425,0.23,0.7419,676,0.24,0.7741,1,0.235,0.758,4,0
IWM190927P150,2019-09-20,2019-09-20 09:39:38,0.24,0.7741,425,0.23,0.7419,728,0.24,0.7741,1,0.235,0.758,4,0
IWM190927P150,2019-09-20,2019-09-20 09:39:38,0.24,0.7741,425,0.23,0.7419,596,0.24,0.7741,1,0.235,0.758,4,0
IWM190927P150,2019-09-20,2019-09-20 09:39:39,0.25,0.8064,250,0.23,0.7419,792,0.24,0.7741,1,0.24,0.7741,4,0
IWM190927P150,2019-09-20,2019-09-20 09:39:40,0.25,0.8064,317,0.23,0.7419,792,0.24,0.7741,1,0.24,0.7741,4,0
IWM190927P150,2019-09-20,2019-09-20 09:39:41,0.24,0.7741,14,0.23,0.7419,792,0.24,0.7741,1,0.235,0.758,4,0
IWM190927P150,2019-09-20,2019-09-20 09:39:42,0.24,0.7741,21,0.23,0.7419,418,0.24,0.7741,1,0.235,0.758,4,0
IWM190927P150,2019-09-20,2019-09-20 09:39:42,0.25,0.8064,543,0.24,0.7741,18,0.24,0.7741,1,0.245,0.7903,4,0
IWM190927P150,2019-09-20,2019-09-20 09:39:43,0.25,0.8064,656,0.23,0.7419,1242,0.24,0.7741,1,0.24,0.7741,4,0
