symbol,Date,quote_time,ask_price,norm_ask_price,ask_size,bid_price,norm_bid_price,bid_size,last_trade_price,norm_last_trade_price,last_trade_size,mark_price,norm_mark_price,volume,Volume
SPY190729C302,2019-07-26,2019-07-26 09:30:15,0.3,1.0,500,0.29,0.9666,1099,0.3,1.0,5,0.295,0.9833,529,529
SPY190729C302,2019-07-26,2019-07-26 09:30:20,0.3,1.0,500,0.29,0.9666,1599,0.3,1.0,5,0.295,0.9833,529,0
SPY190729C302,2019-07-26,2019-07-26 09:30:21,0.3,1.0,500,0.29,0.9666,1599,0.3,1.0,5,0.295,0.9833,529,0
SPY190729C302,2019-07-26,2019-07-26 09:30:21,0.3,1.0,500,0.29,0.9666,1399,0.3,1.0,5,0.295,0.9833,529,0
SPY190729C302,2019-07-26,2019-07-26 09:30:22,0.3,1.0,500,0.29,0.9666,1399,0.3,1.0,5,0.295,0.9833,529,0
SPY190729C302,2019-07-26,2019-07-26 09:30:23,0.3,1.0,500,0.29,0.9666,210,0.3,1.0,10,0.295,0.9833,539,10
SPY190729C302,2019-07-26,2019-07-26 09:30:23,0.3,1.0,500,0.29,0.9666,46,0.3,1.0,10,0.295,0.9833,539,0
SPY190729C302,2019-07-26,2019-07-26 09:30:24,0.33,1.1,982,0.31,1.0333,159,0.31,1.0333,2,0.32,1.0666,541,2
SPY190729C302,2019-07-26,2019-07-26 09:30:24,0.32,1.0666,167,0.31,1.0333,5,0.3,1.0,10,0.315,1.05,539,0
SPY190729C302,2019-07-26,2019-07-26 09:30:25,0.32,1.0666,5,0.31,1.0333,5,0.31,1.0333,2,0.315,1.05,541,0
SPY190729C302,2019-07-26,2019-07-26 09:30:27,0.32,1.0666,5,0.31,1.0333,538,0.31,1.0333,2,0.315,1.05,541,0
SPY190729C302,2019-07-26,2019-07-26 09:32:04,0.29,0.9666,245,0.28,0.9333,255,0.27,0.9,4,0.285,0.95,639,98
SPY190729C302,2019-07-26,2019-07-26 09:32:06,0.29,0.9666,695,0.28,0.9333,208,0.27,0.9,4,0.285,0.95,639,0
SPY190729C302,2019-07-26,2019-07-26 09:32:07,0.28,0.9333,40,0.27,0.9,594,0.28,0.9333,1,0.275,0.9166,680,1
SPY190729C302,2019-07-26,2019-07-26 09:32:07,0.29,0.9666,695,0.28,0.9333,208,0.29,0.9666,14,0.285,0.95,679,40
SPY190729C302,2019-07-26,2019-07-26 09:32:08,0.28,0.9333,6,0.27,0.9,665,0.28,0.9333,1,0.275,0.9166,680,0
SPY190729C302,2019-07-26,2019-07-26 09:32:08,0.28,0.9333,40,0.27,0.9,287,0.28,0.9333,1,0.275,0.9166,680,0
SPY190729C302,2019-07-26,2019-07-26 09:32:09,0.28,0.9333,1,0.27,0.9,1397,0.28,0.9333,1,0.275,0.9166,680,0
SPY190729C302,2019-07-26,2019-07-26 09:32:09,0.28,0.9333,6,0.27,0.9,1397,0.28,0.9333,1,0.275,0.9166,680,0
SPY190729C302,2019-07-26,2019-07-26 09:32:10,0.28,0.9333,1,0.27,0.9,1782,0.28,0.9333,1,0.275,0.9166,680,0
SPY190729C302,2019-07-26,2019-07-26 09:32:11,0.28,0.9333,1,0.27,0.9,1782,0.28,0.9333,1,0.275,0.9166,680,0
SPY190729C302,2019-07-26,2019-07-26 09:32:12,0.28,0.9333,1,0.27,0.9,1782,0.28,0.9333,1,0.275,0.9166,680,0
SPY190729C302,2019-07-26,2019-07-26 09:32:13,0.28,0.9333,1,0.27,0.9,1782,0.28,0.9333,1,0.275,0.9166,680,0
SPY190729C302,2019-07-26,2019-07-26 09:33:40,0.31,1.0333,267,0.3,1.0,493,0.3,1.0,10,0.305,1.0166,708,28
SPY190729C302,2019-07-26,2019-07-26 09:33:41,0.31,1.0333,267,0.3,1.0,273,0.3,1.0,10,0.305,1.0166,708,0
SPY190729C302,2019-07-26,2019-07-26 09:33:42,0.31,1.0333,26,0.3,1.0,485,0.3,1.0,10,0.305,1.0166,708,0
SPY190729C302,2019-07-26,2019-07-26 09:33:43,0.31,1.0333,430,0.3,1.0,646,0.3,1.0,10,0.305,1.0166,708,0
SPY190729C302,2019-07-26,2019-07-26 09:33:44,0.31,1.0333,2210,0.3,1.0,363,0.31,1.0333,1,0.305,1.0166,709,1
SPY190729C302,2019-07-26,2019-07-26 09:33:44,0.31,1.0333,2211,0.3,1.0,401,0.3,1.0,10,0.305,1.0166,708,0
SPY190729C302,2019-07-26,2019-07-26 09:33:45,0.31,1.0333,1137,0.3,1.0,143,0.31,1.0333,1,0.305,1.0166,709,0
SPY190729C302,2019-07-26,2019-07-26 09:33:46,0.31,1.0333,1065,0.3,1.0,363,0.31,1.0333,1,0.305,1.0166,709,0
SPY190729C302,2019-07-26,2019-07-26 09:33:46,0.31,1.0333,1140,0.3,1.0,484,0.31,1.0333,1,0.305,1.0166,709,0
SPY190729C302,2019-07-26,2019-07-26 09:33:47,0.31,1.0333,820,0.3,1.0,442,0.31,1.0333,1,0.305,1.0166,709,0
SPY190729C302,2019-07-26,2019-07-26 09:33:48,0.31,1.0333,815,0.3,1.0,589,0.31,1.0333,1,0.305,1.0166,709,0
SPY190729C302,2019-07-26,2019-07-26 09:33:48,0.31,1.0333,866,0.3,1.0,589,0.31,1.0333,1,0.305,1.0166,709,0
SPY190729C302,2019-07-26,2019-07-26 09:33:49,0.31,1.0333,748,0.3,1.0,589,0.31,1.0333,1,0.305,1.0166,709,0
SPY190729C302,2019-07-26,2019-07-26 09:33:49,0.31,1.0333,748,0.3,1.0,650,0.31,1.0333,1,0.305,1.0166,709,0
SPY190729C302,2019-07-26,2019-07-26 09:33:50,0.31,1.0333,748,0.3,1.0,650,0.31,1.0333,1,0.305,1.0166,709,0
SPY190729C302,2019-07-26,2019-07-26 09:33:51,0.31,1.0333,1004,0.3,1.0,1256,0.31,1.0333,1,0.305,1.0166,709,0
SPY190729C302,2019-07-26,2019-07-26 09:33:52,0.31,1.0333,20,0.3,1.0,1107,0.31,1.0333,1,0.305,1.0166,709,0
SPY190729C302,2019-07-26,2019-07-26 09:33:52,0.32,1.0666,5,0.31,1.0333,748,0.31,1.0333,2,0.315,1.05,731,22
SPY190729C302,2019-07-26,2019-07-26 09:33:53,0.32,1.0666,77,0.31,1.0333,1411,0.31,1.0333,2,0.315,1.05,731,0
SPY190729C302,2019-07-26,2019-07-26 09:33:53,0.32,1.0666,77,0.31,1.0333,1290,0.31,1.0333,2,0.315,1.05,731,0
SPY190729C302,2019-07-26,2019-07-26 09:33:54,0.32,1.0666,77,0.31,1.0333,1411,0.31,1.0333,2,0.315,1.05,731,0
SPY190729C302,2019-07-26,2019-07-26 09:33:55,0.32,1.0666,5,0.31,1.0333,638,0.31,1.0333,2,0.315,1.05,731,0
SPY190729C302,2019-07-26,2019-07-26 09:33:55,0.32,1.0666,5,0.31,1.0333,1411,0.31,1.0333,2,0.315,1.05,731,0
SPY190729C302,2019-07-26,2019-07-26 09:33:56,0.32,1.0666,5,0.31,1.0333,898,0.31,1.0333,2,0.315,1.05,731,0
SPY190729C302,2019-07-26,2019-07-26 09:33:56,0.32,1.0666,5,0.31,1.0333,850,0.31,1.0333,2,0.315,1.05,731,0
SPY190729C302,2019-07-26,2019-07-26 09:33:57,0.32,1.0666,89,0.31,1.0333,898,0.31,1.0333,2,0.315,1.05,731,0
SPY190729C302,2019-07-26,2019-07-26 09:33:59,0.32,1.0666,5,0.31,1.0333,1563,0.31,1.0333,2,0.315,1.05,731,0
SPY190729C302,2019-07-26,2019-07-26 09:34:43,0.34,1.1333,1881,0.33,1.1,204,0.33,1.1,3,0.335,1.1166,834,103
SPY190729C302,2019-07-26,2019-07-26 09:35:02,0.35,1.1666,1780,0.33,1.1,296,0.33,1.1,1,0.34,1.1333,835,1
SPY190729C302,2019-07-26,2019-07-26 09:35:03,0.35,1.1666,1910,0.34,1.1333,93,0.33,1.1,1,0.345,1.15,835,0
SPY190729C302,2019-07-26,2019-07-26 09:35:04,0.35,1.1666,1910,0.34,1.1333,5,0.33,1.1,1,0.345,1.15,835,0
SPY190729C302,2019-07-26,2019-07-26 09:35:05,0.35,1.1666,1107,0.34,1.1333,6,0.33,1.1,1,0.345,1.15,835,0
SPY190729C302,2019-07-26,2019-07-26 09:35:05,0.35,1.1666,677,0.34,1.1333,95,0.33,1.1,1,0.345,1.15,835,0
SPY190729C302,2019-07-26,2019-07-26 09:35:06,0.36,1.2,893,0.35,1.1666,89,0.35,1.1666,2,0.355,1.1833,846,10
SPY190729C302,2019-07-26,2019-07-26 09:35:06,0.35,1.1666,8,0.34,1.1333,95,0.35,1.1666,1,0.345,1.15,836,1
SPY190729C302,2019-07-26,2019-07-26 09:35:07,0.36,1.2,776,0.35,1.1666,100,0.35,1.1666,2,0.355,1.1833,846,0
SPY190729C302,2019-07-26,2019-07-26 09:35:07,0.36,1.2,907,0.35,1.1666,196,0.35,1.1666,2,0.355,1.1833,846,0
SPY190729C302,2019-07-26,2019-07-26 09:35:08,0.36,1.2,1102,0.35,1.1666,196,0.35,1.1666,2,0.355,1.1833,846,0
SPY190729C302,2019-07-26,2019-07-26 09:35:09,0.36,1.2,669,0.35,1.1666,196,0.35,1.1666,2,0.355,1.1833,846,0
SPY190729C302,2019-07-26,2019-07-26 09:35:09,0.37,1.2333,26,0.35,1.1666,5,0.35,1.1666,2,0.36,1.2,846,0
SPY190729C302,2019-07-26,2019-07-26 09:35:10,0.38,1.2666,1060,0.36,1.2,166,0.35,1.1666,2,0.37,1.2333,846,0
SPY190729C302,2019-07-26,2019-07-26 09:35:10,0.38,1.2666,2422,0.37,1.2333,5,0.35,1.1666,2,0.375,1.25,846,0
SPY190729C302,2019-07-26,2019-07-26 09:35:11,0.38,1.2666,2422,0.37,1.2333,80,0.35,1.1666,2,0.375,1.25,846,0
SPY190729C302,2019-07-26,2019-07-26 09:35:11,0.38,1.2666,2213,0.37,1.2333,80,0.35,1.1666,2,0.375,1.25,846,0
SPY190729C302,2019-07-26,2019-07-26 09:35:12,0.38,1.2666,2213,0.37,1.2333,80,0.35,1.1666,2,0.375,1.25,846,0
SPY190729C302,2019-07-26,2019-07-26 09:35:12,0.38,1.2666,156,0.37,1.2333,181,0.35,1.1666,2,0.375,1.25,846,0
SPY190729C302,2019-07-26,2019-07-26 09:35:13,0.38,1.2666,456,0.37,1.2333,181,0.35,1.1666,2,0.375,1.25,846,0
SPY190729C302,2019-07-26,2019-07-26 09:35:14,0.39,1.3,1436,0.37,1.2333,181,0.35,1.1666,2,0.38,1.2666,846,0
SPY190729C302,2019-07-26,2019-07-26 09:35:14,0.39,1.3,3230,0.37,1.2333,268,0.35,1.1666,2,0.38,1.2666,846,0
SPY190729C302,2019-07-26,2019-07-26 09:35:15,0.39,1.3,2044,0.37,1.2333,181,0.35,1.1666,2,0.38,1.2666,846,0
SPY190729C302,2019-07-26,2019-07-26 09:35:15,0.39,1.3,239,0.38,1.2666,5,0.35,1.1666,2,0.385,1.2833,846,0
SPY190729C302,2019-07-26,2019-07-26 09:35:16,0.39,1.3,136,0.38,1.2666,181,0.35,1.1666,2,0.385,1.2833,846,0
SPY190729C302,2019-07-26,2019-07-26 09:35:16,0.39,1.3,113,0.38,1.2666,83,0.35,1.1666,2,0.385,1.2833,846,0
SPY190729C302,2019-07-26,2019-07-26 09:35:17,0.39,1.3,238,0.38,1.2666,181,0.35,1.1666,2,0.385,1.2833,846,0
SPY190729C302,2019-07-26,2019-07-26 09:35:18,0.39,1.3,510,0.38,1.2666,181,0.35,1.1666,2,0.385,1.2833,846,0
SPY190729C302,2019-07-26,2019-07-26 09:35:18,0.39,1.3,238,0.38,1.2666,181,0.35,1.1666,2,0.385,1.2833,846,0
SPY190729C302,2019-07-26,2019-07-26 09:35:19,0.39,1.3,510,0.38,1.2666,181,0.35,1.1666,2,0.385,1.2833,846,0
SPY190729C302,2019-07-26,2019-07-26 09:35:19,0.39,1.3,582,0.38,1.2666,6,0.35,1.1666,2,0.385,1.2833,846,0
SPY190729C302,2019-07-26,2019-07-26 09:35:20,0.39,1.3,504,0.38,1.2666,173,0.35,1.1666,2,0.385,1.2833,846,0
SPY190729C302,2019-07-26,2019-07-26 09:35:20,0.39,1.3,463,0.38,1.2666,173,0.35,1.1666,2,0.385,1.2833,846,0
SPY190729C302,2019-07-26,2019-07-26 09:35:21,0.39,1.3,407,0.38,1.2666,173,0.35,1.1666,2,0.385,1.2833,846,0
SPY190729C302,2019-07-26,2019-07-26 09:35:21,0.39,1.3,598,0.38,1.2666,173,0.39,1.3,20,0.385,1.2833,866,20
SPY190729C302,2019-07-26,2019-07-26 09:35:22,0.39,1.3,572,0.38,1.2666,173,0.39,1.3,20,0.385,1.2833,866,0
SPY190729C302,2019-07-26,2019-07-26 09:35:23,0.39,1.3,630,0.38,1.2666,173,0.39,1.3,20,0.385,1.2833,866,0
SPY190729C302,2019-07-26,2019-07-26 09:35:23,0.39,1.3,638,0.38,1.2666,173,0.39,1.3,20,0.385,1.2833,866,0
SPY190729C302,2019-07-26,2019-07-26 09:35:24,0.39,1.3,494,0.38,1.2666,173,0.39,1.3,20,0.385,1.2833,866,0
SPY190729C302,2019-07-26,2019-07-26 09:35:24,0.39,1.3,643,0.38,1.2666,173,0.39,1.3,20,0.385,1.2833,866,0
SPY190729C302,2019-07-26,2019-07-26 09:35:25,0.39,1.3,494,0.38,1.2666,173,0.39,1.3,20,0.385,1.2833,866,0
SPY190729C302,2019-07-26,2019-07-26 09:35:25,0.39,1.3,233,0.38,1.2666,6,0.39,1.3,20,0.385,1.2833,866,0
SPY190729C302,2019-07-26,2019-07-26 09:35:26,0.39,1.3,353,0.38,1.2666,6,0.39,1.3,20,0.385,1.2833,866,0
SPY190729C302,2019-07-26,2019-07-26 09:35:27,0.39,1.3,790,0.38,1.2666,6,0.39,1.3,20,0.385,1.2833,866,0
SPY190729C302,2019-07-26,2019-07-26 09:35:27,0.39,1.3,790,0.38,1.2666,5,0.38,1.2666,6,0.385,1.2833,1228,362
SPY190729C302,2019-07-26,2019-07-26 09:35:28,0.39,1.3,772,0.38,1.2666,5,0.38,1.2666,2,0.385,1.2833,1230,2
SPY190729C302,2019-07-26,2019-07-26 09:35:28,0.38,1.2666,65,0.37,1.2333,101,0.38,1.2666,2,0.375,1.25,1230,0
SPY190729C302,2019-07-26,2019-07-26 09:35:29,0.38,1.2666,110,0.37,1.2333,101,0.38,1.2666,2,0.375,1.25,1230,0
SPY190729C302,2019-07-26,2019-07-26 09:35:29,0.38,1.2666,112,0.37,1.2333,89,0.38,1.2666,2,0.375,1.25,1230,0
SPY190729C302,2019-07-26,2019-07-26 09:35:30,0.38,1.2666,106,0.37,1.2333,89,0.38,1.2666,2,0.375,1.25,1230,0
SPY190729C302,2019-07-26,2019-07-26 09:35:30,0.38,1.2666,106,0.37,1.2333,144,0.38,1.2666,2,0.375,1.25,1230,0
SPY190729C302,2019-07-26,2019-07-26 09:35:31,0.38,1.2666,106,0.37,1.2333,144,0.38,1.2666,2,0.375,1.25,1230,0
SPY190729C302,2019-07-26,2019-07-26 09:35:32,0.38,1.2666,106,0.37,1.2333,144,0.38,1.2666,2,0.375,1.25,1230,0
SPY190729C302,2019-07-26,2019-07-26 09:35:33,0.38,1.2666,65,0.37,1.2333,144,0.38,1.2666,10,0.375,1.25,1240,0
SPY190729C302,2019-07-26,2019-07-26 09:35:33,0.38,1.2666,5,0.37,1.2333,144,0.38,1.2666,10,0.375,1.25,1240,10
SPY190729C302,2019-07-26,2019-07-26 09:35:34,0.38,1.2666,400,0.36,1.2,289,0.38,1.2666,10,0.37,1.2333,1240,0
SPY190729C302,2019-07-26,2019-07-26 09:35:34,0.38,1.2666,400,0.36,1.2,267,0.38,1.2666,10,0.37,1.2333,1240,0
SPY190729C302,2019-07-26,2019-07-26 09:35:35,0.38,1.2666,400,0.36,1.2,289,0.38,1.2666,10,0.37,1.2333,1240,0
SPY190729C302,2019-07-26,2019-07-26 09:35:36,0.38,1.2666,1896,0.36,1.2,289,0.38,1.2666,10,0.37,1.2333,1240,0
SPY190729C302,2019-07-26,2019-07-26 09:35:37,0.38,1.2666,1896,0.36,1.2,289,0.38,1.2666,10,0.37,1.2333,1240,0
SPY190729C302,2019-07-26,2019-07-26 09:35:38,0.37,1.2333,395,0.36,1.2,289,0.38,1.2666,10,0.365,1.2166,1240,0
SPY190729C302,2019-07-26,2019-07-26 09:35:38,0.38,1.2666,1636,0.36,1.2,289,0.38,1.2666,10,0.37,1.2333,1240,0
SPY190729C302,2019-07-26,2019-07-26 09:35:39,0.37,1.2333,106,0.36,1.2,241,0.38,1.2666,10,0.365,1.2166,1240,0
SPY190729C302,2019-07-26,2019-07-26 09:35:40,0.37,1.2333,241,0.36,1.2,57,0.38,1.2666,10,0.365,1.2166,1240,0
SPY190729C302,2019-07-26,2019-07-26 09:35:40,0.37,1.2333,100,0.36,1.2,288,0.38,1.2666,10,0.365,1.2166,1240,0
SPY190729C302,2019-07-26,2019-07-26 09:35:41,0.37,1.2333,241,0.35,1.1666,845,0.38,1.2666,10,0.36,1.2,1240,0
SPY190729C302,2019-07-26,2019-07-26 09:35:42,0.37,1.2333,10,0.36,1.2,241,0.38,1.2666,10,0.365,1.2166,1240,0
SPY190729C302,2019-07-26,2019-07-26 09:35:42,0.37,1.2333,527,0.36,1.2,5,0.38,1.2666,10,0.365,1.2166,1240,0
SPY190729C302,2019-07-26,2019-07-26 09:35:43,0.37,1.2333,100,0.36,1.2,540,0.38,1.2666,10,0.365,1.2166,1240,0
SPY190729C302,2019-07-26,2019-07-26 09:35:43,0.37,1.2333,241,0.36,1.2,181,0.38,1.2666,10,0.365,1.2166,1240,0
SPY190729C302,2019-07-26,2019-07-26 09:35:44,0.38,1.2666,263,0.36,1.2,855,0.37,1.2333,2,0.37,1.2333,1242,2
SPY190729C302,2019-07-26,2019-07-26 09:35:44,0.38,1.2666,397,0.37,1.2333,6,0.37,1.2333,2,0.375,1.25,1242,0
SPY190729C302,2019-07-26,2019-07-26 09:35:45,0.38,1.2666,542,0.37,1.2333,6,0.37,1.2333,2,0.375,1.25,1242,0
SPY190729C302,2019-07-26,2019-07-26 09:35:46,0.38,1.2666,208,0.37,1.2333,181,0.37,1.2333,2,0.375,1.25,1242,0
SPY190729C302,2019-07-26,2019-07-26 09:35:46,0.38,1.2666,181,0.37,1.2333,181,0.37,1.2333,2,0.375,1.25,1242,0
SPY190729C302,2019-07-26,2019-07-26 09:35:47,0.38,1.2666,100,0.37,1.2333,761,0.37,1.2333,2,0.375,1.25,1242,0
SPY190729C302,2019-07-26,2019-07-26 09:35:47,0.39,1.3,673,0.37,1.2333,762,0.37,1.2333,2,0.38,1.2666,1242,0
SPY190729C302,2019-07-26,2019-07-26 09:35:48,0.39,1.3,10,0.38,1.2666,6,0.37,1.2333,2,0.385,1.2833,1242,0
SPY190729C302,2019-07-26,2019-07-26 09:35:48,0.39,1.3,100,0.38,1.2666,6,0.37,1.2333,2,0.385,1.2833,1242,0
SPY190729C302,2019-07-26,2019-07-26 09:35:49,0.39,1.3,100,0.38,1.2666,6,0.37,1.2333,2,0.385,1.2833,1242,0
SPY190729C302,2019-07-26,2019-07-26 09:35:49,0.39,1.3,236,0.38,1.2666,6,0.37,1.2333,2,0.385,1.2833,1242,0
SPY190729C302,2019-07-26,2019-07-26 09:35:50,0.39,1.3,236,0.37,1.2333,1127,0.37,1.2333,2,0.38,1.2666,1242,0
SPY190729C302,2019-07-26,2019-07-26 09:35:51,0.39,1.3,236,0.37,1.2333,1127,0.37,1.2333,2,0.38,1.2666,1242,0
SPY190729C302,2019-07-26,2019-07-26 09:35:51,0.39,1.3,236,0.38,1.2666,173,0.37,1.2333,2,0.385,1.2833,1242,0
SPY190729C302,2019-07-26,2019-07-26 09:35:52,0.39,1.3,236,0.38,1.2666,173,0.37,1.2333,2,0.385,1.2833,1242,0
SPY190729C302,2019-07-26,2019-07-26 09:35:53,0.39,1.3,603,0.38,1.2666,173,0.37,1.2333,2,0.385,1.2833,1242,0
SPY190729C302,2019-07-26,2019-07-26 09:35:53,0.38,1.2666,10,0.37,1.2333,595,0.37,1.2333,2,0.375,1.25,1242,0
SPY190729C302,2019-07-26,2019-07-26 09:35:54,0.38,1.2666,10,0.37,1.2333,595,0.37,1.2333,2,0.375,1.25,1242,0
SPY190729C302,2019-07-26,2019-07-26 09:35:55,0.38,1.2666,47,0.37,1.2333,235,0.38,1.2666,24,0.375,1.25,1266,24
SPY190729C302,2019-07-26,2019-07-26 09:35:55,0.38,1.2666,47,0.37,1.2333,235,0.38,1.2666,24,0.375,1.25,1266,0
SPY190729C302,2019-07-26,2019-07-26 09:35:56,0.38,1.2666,5,0.37,1.2333,235,0.38,1.2666,24,0.375,1.25,1266,0
SPY190729C302,2019-07-26,2019-07-26 09:35:57,0.38,1.2666,218,0.37,1.2333,175,0.38,1.2666,24,0.375,1.25,1266,0
SPY190729C302,2019-07-26,2019-07-26 09:35:57,0.38,1.2666,572,0.36,1.2,411,0.38,1.2666,24,0.37,1.2333,1266,0
SPY190729C302,2019-07-26,2019-07-26 09:35:58,0.38,1.2666,110,0.37,1.2333,125,0.38,1.2666,24,0.375,1.25,1266,0
SPY190729C302,2019-07-26,2019-07-26 09:35:58,0.39,1.3,151,0.38,1.2666,89,0.38,1.2666,4,0.385,1.2833,1276,10
SPY190729C302,2019-07-26,2019-07-26 09:35:59,0.39,1.3,151,0.38,1.2666,83,0.38,1.2666,4,0.385,1.2833,1276,0
SPY190729C302,2019-07-26,2019-07-26 09:36:00,0.39,1.3,2,0.38,1.2666,331,0.38,1.2666,4,0.385,1.2833,1276,0
SPY190729C302,2019-07-26,2019-07-26 09:36:00,0.39,1.3,59,0.38,1.2666,89,0.38,1.2666,4,0.385,1.2833,1276,0
SPY190729C302,2019-07-26,2019-07-26 09:36:01,0.39,1.3,2,0.38,1.2666,456,0.38,1.2666,4,0.385,1.2833,1276,0
SPY190729C302,2019-07-26,2019-07-26 09:36:02,0.39,1.3,2,0.38,1.2666,361,0.38,1.2666,4,0.385,1.2833,1276,0
SPY190729C302,2019-07-26,2019-07-26 09:36:03,0.39,1.3,2,0.38,1.2666,857,0.38,1.2666,4,0.385,1.2833,1276,0
SPY190729C302,2019-07-26,2019-07-26 09:36:04,0.39,1.3,2,0.38,1.2666,857,0.38,1.2666,4,0.385,1.2833,1276,0
SPY190729C302,2019-07-26,2019-07-26 09:36:04,0.39,1.3,2,0.38,1.2666,821,0.38,1.2666,4,0.385,1.2833,1276,0
SPY190729C302,2019-07-26,2019-07-26 09:36:05,0.39,1.3,2,0.38,1.2666,361,0.38,1.2666,4,0.385,1.2833,1276,0
SPY190729C302,2019-07-26,2019-07-26 09:36:06,0.39,1.3,2,0.38,1.2666,601,0.38,1.2666,4,0.385,1.2833,1276,0
SPY190729C302,2019-07-26,2019-07-26 09:36:06,0.39,1.3,2,0.38,1.2666,1101,0.38,1.2666,4,0.385,1.2833,1276,0
SPY190729C302,2019-07-26,2019-07-26 09:36:07,0.39,1.3,2,0.38,1.2666,1101,0.38,1.2666,4,0.385,1.2833,1276,0
SPY190729C302,2019-07-26,2019-07-26 09:36:07,0.39,1.3,2,0.38,1.2666,778,0.38,1.2666,4,0.385,1.2833,1276,0
SPY190729C302,2019-07-26,2019-07-26 09:36:08,0.39,1.3,2,0.38,1.2666,778,0.38,1.2666,4,0.385,1.2833,1276,0
SPY190729C302,2019-07-26,2019-07-26 09:36:08,0.39,1.3,2,0.38,1.2666,425,0.39,1.3,1,0.385,1.2833,1280,4
SPY190729C302,2019-07-26,2019-07-26 09:36:09,0.4,1.3333,15,0.39,1.3,234,0.39,1.3,1,0.395,1.3166,1280,0
SPY190729C302,2019-07-26,2019-07-26 09:36:10,0.4,1.3333,15,0.39,1.3,234,0.39,1.3,1,0.395,1.3166,1280,0
SPY190729C302,2019-07-26,2019-07-26 09:36:10,0.4,1.3333,10,0.39,1.3,508,0.39,1.3,1,0.395,1.3166,1280,0
SPY190729C302,2019-07-26,2019-07-26 09:36:11,0.41,1.3666,824,0.39,1.3,627,0.4,1.3333,1,0.4,1.3333,1291,0
SPY190729C302,2019-07-26,2019-07-26 09:36:11,0.41,1.3666,746,0.39,1.3,1049,0.4,1.3333,1,0.4,1.3333,1291,11
SPY190729C302,2019-07-26,2019-07-26 09:36:12,0.41,1.3666,1529,0.39,1.3,594,0.4,1.3333,1,0.4,1.3333,1291,0
SPY190729C302,2019-07-26,2019-07-26 09:36:12,0.4,1.3333,82,0.39,1.3,257,0.4,1.3333,1,0.395,1.3166,1291,0
SPY190729C302,2019-07-26,2019-07-26 09:36:13,0.41,1.3666,207,0.39,1.3,174,0.4,1.3333,1,0.4,1.3333,1291,0
SPY190729C302,2019-07-26,2019-07-26 09:36:13,0.41,1.3666,580,0.4,1.3333,56,0.4,1.3333,1,0.405,1.35,1291,0
SPY190729C302,2019-07-26,2019-07-26 09:36:14,0.41,1.3666,910,0.4,1.3333,60,0.4,1.3333,1,0.405,1.35,1291,0
SPY190729C302,2019-07-26,2019-07-26 09:36:15,0.41,1.3666,1775,0.4,1.3333,60,0.4,1.3333,1,0.405,1.35,1291,0
SPY190729C302,2019-07-26,2019-07-26 09:36:15,0.41,1.3666,1764,0.4,1.3333,60,0.4,1.3333,1,0.405,1.35,1291,0
SPY190729C302,2019-07-26,2019-07-26 09:36:16,0.41,1.3666,1322,0.4,1.3333,61,0.41,1.3666,1,0.405,1.35,1292,1
SPY190729C302,2019-07-26,2019-07-26 09:36:16,0.41,1.3666,1233,0.4,1.3333,61,0.41,1.3666,1,0.405,1.35,1292,0
SPY190729C302,2019-07-26,2019-07-26 09:36:17,0.41,1.3666,1233,0.4,1.3333,61,0.41,1.3666,1,0.405,1.35,1292,0
SPY190729C302,2019-07-26,2019-07-26 09:36:17,0.41,1.3666,1254,0.4,1.3333,61,0.41,1.3666,1,0.405,1.35,1292,0
SPY190729C302,2019-07-26,2019-07-26 09:36:18,0.41,1.3666,1545,0.4,1.3333,61,0.41,1.3666,1,0.405,1.35,1292,0
SPY190729C302,2019-07-26,2019-07-26 09:36:19,0.4,1.3333,330,0.39,1.3,94,0.4,1.3333,1,0.395,1.3166,1353,61
SPY190729C302,2019-07-26,2019-07-26 09:36:19,0.4,1.3333,254,0.38,1.2666,674,0.4,1.3333,5,0.39,1.3,1358,5
SPY190729C302,2019-07-26,2019-07-26 09:36:20,0.4,1.3333,639,0.39,1.3,73,0.4,1.3333,5,0.395,1.3166,1358,0
SPY190729C302,2019-07-26,2019-07-26 09:36:20,0.39,1.3,96,0.38,1.2666,126,0.4,1.3333,5,0.385,1.2833,1358,0
SPY190729C302,2019-07-26,2019-07-26 09:36:21,0.4,1.3333,1050,0.38,1.2666,634,0.4,1.3333,5,0.39,1.3,1358,0
SPY190729C302,2019-07-26,2019-07-26 09:36:21,0.39,1.3,109,0.38,1.2666,634,0.39,1.3,1,0.385,1.2833,1359,1
SPY190729C302,2019-07-26,2019-07-26 09:36:22,0.4,1.3333,1343,0.38,1.2666,634,0.39,1.3,1,0.39,1.3,1359,0
SPY190729C302,2019-07-26,2019-07-26 09:36:23,0.39,1.3,10,0.38,1.2666,306,0.39,1.3,1,0.385,1.2833,1359,0
SPY190729C302,2019-07-26,2019-07-26 09:36:23,0.4,1.3333,618,0.38,1.2666,634,0.39,1.3,1,0.39,1.3,1359,0
SPY190729C302,2019-07-26,2019-07-26 09:36:24,0.4,1.3333,643,0.38,1.2666,684,0.39,1.3,1,0.39,1.3,1359,0
SPY190729C302,2019-07-26,2019-07-26 09:36:24,0.4,1.3333,949,0.38,1.2666,727,0.39,1.3,1,0.39,1.3,1359,0
SPY190729C302,2019-07-26,2019-07-26 09:36:25,0.4,1.3333,255,0.39,1.3,274,0.39,1.3,1,0.395,1.3166,1359,0
SPY190729C302,2019-07-26,2019-07-26 09:36:25,0.4,1.3333,256,0.39,1.3,6,0.39,1.3,1,0.395,1.3166,1359,0
SPY190729C302,2019-07-26,2019-07-26 09:36:26,0.4,1.3333,226,0.39,1.3,274,0.39,1.3,1,0.395,1.3166,1359,0
SPY190729C302,2019-07-26,2019-07-26 09:36:26,0.4,1.3333,400,0.39,1.3,274,0.39,1.3,1,0.395,1.3166,1359,0
SPY190729C302,2019-07-26,2019-07-26 09:36:27,0.4,1.3333,249,0.39,1.3,228,0.39,1.3,1,0.395,1.3166,1359,0
SPY190729C302,2019-07-26,2019-07-26 09:36:28,0.4,1.3333,315,0.39,1.3,5,0.39,1.3,1,0.395,1.3166,1359,0
SPY190729C302,2019-07-26,2019-07-26 09:36:28,0.4,1.3333,227,0.38,1.2666,692,0.39,1.3,1,0.39,1.3,1359,0
SPY190729C302,2019-07-26,2019-07-26 09:36:29,0.4,1.3333,320,0.39,1.3,5,0.39,1.3,1,0.395,1.3166,1359,0
SPY190729C302,2019-07-26,2019-07-26 09:36:29,0.4,1.3333,220,0.39,1.3,5,0.39,1.3,1,0.395,1.3166,1359,0
SPY190729C302,2019-07-26,2019-07-26 09:36:30,0.4,1.3333,746,0.38,1.2666,573,0.39,1.3,1,0.39,1.3,1359,0
SPY190729C302,2019-07-26,2019-07-26 09:36:30,0.4,1.3333,1238,0.38,1.2666,327,0.39,1.3,1,0.39,1.3,1359,0
SPY190729C302,2019-07-26,2019-07-26 09:36:31,0.39,1.3,279,0.38,1.2666,92,0.39,1.3,1,0.385,1.2833,1359,0
SPY190729C302,2019-07-26,2019-07-26 09:36:31,0.39,1.3,142,0.38,1.2666,673,0.39,1.3,1,0.385,1.2833,1359,0
SPY190729C302,2019-07-26,2019-07-26 09:36:32,0.39,1.3,279,0.38,1.2666,92,0.39,1.3,1,0.385,1.2833,1359,0
SPY190729C302,2019-07-26,2019-07-26 09:36:33,0.39,1.3,376,0.38,1.2666,5,0.39,1.3,1,0.385,1.2833,1359,0
SPY190729C302,2019-07-26,2019-07-26 09:36:33,0.39,1.3,369,0.37,1.2333,535,0.39,1.3,1,0.38,1.2666,1359,0
SPY190729C302,2019-07-26,2019-07-26 09:36:34,0.39,1.3,207,0.38,1.2666,201,0.39,1.3,1,0.385,1.2833,1359,0
SPY190729C302,2019-07-26,2019-07-26 09:36:34,0.39,1.3,126,0.38,1.2666,561,0.39,1.3,1,0.385,1.2833,1359,0
SPY190729C302,2019-07-26,2019-07-26 09:36:35,0.39,1.3,108,0.38,1.2666,661,0.39,1.3,1,0.385,1.2833,1359,0
SPY190729C302,2019-07-26,2019-07-26 09:36:35,0.39,1.3,90,0.38,1.2666,661,0.39,1.3,1,0.385,1.2833,1359,0
SPY190729C302,2019-07-26,2019-07-26 09:36:36,0.39,1.3,71,0.38,1.2666,301,0.39,1.3,1,0.385,1.2833,1359,0
SPY190729C302,2019-07-26,2019-07-26 09:36:36,0.39,1.3,81,0.38,1.2666,661,0.39,1.3,1,0.385,1.2833,1359,0
SPY190729C302,2019-07-26,2019-07-26 09:36:37,0.39,1.3,101,0.38,1.2666,261,0.39,1.3,1,0.385,1.2833,1359,0
SPY190729C302,2019-07-26,2019-07-26 09:36:38,0.39,1.3,86,0.38,1.2666,521,0.39,1.3,1,0.385,1.2833,1359,0
SPY190729C302,2019-07-26,2019-07-26 09:36:38,0.39,1.3,96,0.38,1.2666,530,0.39,1.3,1,0.385,1.2833,1359,0
SPY190729C302,2019-07-26,2019-07-26 09:36:39,0.4,1.3333,60,0.39,1.3,1,0.39,1.3,1,0.395,1.3166,1360,1
SPY190729C302,2019-07-26,2019-07-26 09:36:39,0.4,1.3333,152,0.39,1.3,235,0.39,1.3,1,0.395,1.3166,1360,0
SPY190729C302,2019-07-26,2019-07-26 09:36:40,0.4,1.3333,152,0.39,1.3,235,0.39,1.3,1,0.395,1.3166,1360,0
SPY190729C302,2019-07-26,2019-07-26 09:36:41,0.4,1.3333,152,0.39,1.3,235,0.39,1.3,1,0.395,1.3166,1360,0
SPY190729C302,2019-07-26,2019-07-26 09:36:42,0.4,1.3333,179,0.39,1.3,42,0.39,1.3,1,0.395,1.3166,1360,0
SPY190729C302,2019-07-26,2019-07-26 09:36:42,0.4,1.3333,275,0.39,1.3,42,0.39,1.3,1,0.395,1.3166,1360,0
SPY190729C302,2019-07-26,2019-07-26 09:36:43,0.4,1.3333,220,0.39,1.3,117,0.39,1.3,1,0.395,1.3166,1360,0
SPY190729C302,2019-07-26,2019-07-26 09:36:43,0.4,1.3333,468,0.39,1.3,6,0.39,1.3,1,0.395,1.3166,1360,0
SPY190729C302,2019-07-26,2019-07-26 09:36:44,0.4,1.3333,928,0.39,1.3,20,0.4,1.3333,1,0.395,1.3166,1361,0
SPY190729C302,2019-07-26,2019-07-26 09:36:44,0.4,1.3333,928,0.39,1.3,20,0.4,1.3333,1,0.395,1.3166,1361,1
SPY190729C302,2019-07-26,2019-07-26 09:36:45,0.4,1.3333,957,0.39,1.3,20,0.4,1.3333,1,0.395,1.3166,1361,0
SPY190729C302,2019-07-26,2019-07-26 09:36:45,0.4,1.3333,817,0.39,1.3,20,0.4,1.3333,1,0.395,1.3166,1361,0
SPY190729C302,2019-07-26,2019-07-26 09:36:46,0.4,1.3333,1560,0.39,1.3,20,0.4,1.3333,1,0.395,1.3166,1361,0
SPY190729C302,2019-07-26,2019-07-26 09:36:47,0.4,1.3333,1560,0.39,1.3,20,0.4,1.3333,1,0.395,1.3166,1361,0
SPY190729C302,2019-07-26,2019-07-26 09:36:48,0.4,1.3333,1560,0.39,1.3,20,0.4,1.3333,1,0.395,1.3166,1361,0
SPY190729C302,2019-07-26,2019-07-26 09:36:49,0.4,1.3333,1343,0.39,1.3,20,0.4,1.3333,1,0.395,1.3166,1361,0
SPY190729C302,2019-07-26,2019-07-26 09:36:49,0.4,1.3333,615,0.39,1.3,20,0.4,1.3333,1,0.395,1.3166,1361,0
SPY190729C302,2019-07-26,2019-07-26 09:36:50,0.4,1.3333,633,0.39,1.3,20,0.4,1.3333,1,0.395,1.3166,1361,0
SPY190729C302,2019-07-26,2019-07-26 09:36:50,0.4,1.3333,303,0.39,1.3,20,0.4,1.3333,1,0.395,1.3166,1361,0
SPY190729C302,2019-07-26,2019-07-26 09:36:51,0.4,1.3333,788,0.39,1.3,20,0.4,1.3333,1,0.395,1.3166,1361,0
SPY190729C302,2019-07-26,2019-07-26 09:36:52,0.4,1.3333,1313,0.39,1.3,20,0.4,1.3333,1,0.395,1.3166,1361,0
SPY190729C302,2019-07-26,2019-07-26 09:36:52,0.4,1.3333,625,0.38,1.2666,723,0.4,1.3333,1,0.39,1.3,1361,0
SPY190729C302,2019-07-26,2019-07-26 09:36:53,0.4,1.3333,682,0.38,1.2666,1494,0.4,1.3333,1,0.39,1.3,1361,0
SPY190729C302,2019-07-26,2019-07-26 09:36:53,0.4,1.3333,255,0.39,1.3,305,0.4,1.3333,1,0.395,1.3166,1361,0
SPY190729C302,2019-07-26,2019-07-26 09:36:54,0.4,1.3333,255,0.39,1.3,450,0.4,1.3333,1,0.395,1.3166,1361,0
SPY190729C302,2019-07-26,2019-07-26 09:36:54,0.4,1.3333,383,0.39,1.3,450,0.4,1.3333,1,0.395,1.3166,1361,0
SPY190729C302,2019-07-26,2019-07-26 09:36:55,0.4,1.3333,808,0.38,1.2666,819,0.4,1.3333,1,0.39,1.3,1361,0
SPY190729C302,2019-07-26,2019-07-26 09:36:55,0.4,1.3333,226,0.39,1.3,138,0.4,1.3333,1,0.395,1.3166,1361,0
SPY190729C302,2019-07-26,2019-07-26 09:36:56,0.4,1.3333,706,0.38,1.2666,1084,0.4,1.3333,1,0.39,1.3,1361,0
SPY190729C302,2019-07-26,2019-07-26 09:36:57,0.4,1.3333,706,0.38,1.2666,1380,0.4,1.3333,1,0.39,1.3,1361,0
SPY190729C302,2019-07-26,2019-07-26 09:36:57,0.4,1.3333,706,0.38,1.2666,1084,0.4,1.3333,1,0.39,1.3,1361,0
SPY190729C302,2019-07-26,2019-07-26 09:36:58,0.39,1.3,8,0.38,1.2666,1084,0.4,1.3333,1,0.385,1.2833,1361,0
SPY190729C302,2019-07-26,2019-07-26 09:36:59,0.4,1.3333,127,0.39,1.3,181,0.4,1.3333,2,0.395,1.3166,1371,10
SPY190729C302,2019-07-26,2019-07-26 09:36:59,0.4,1.3333,193,0.39,1.3,606,0.4,1.3333,2,0.395,1.3166,1371,0
SPY190729C302,2019-07-26,2019-07-26 09:37:00,0.4,1.3333,236,0.39,1.3,606,0.4,1.3333,1,0.395,1.3166,1372,1
SPY190729C302,2019-07-26,2019-07-26 09:37:01,0.4,1.3333,237,0.39,1.3,133,0.4,1.3333,1,0.395,1.3166,1373,1
SPY190729C302,2019-07-26,2019-07-26 09:37:01,0.4,1.3333,237,0.39,1.3,194,0.4,1.3333,1,0.395,1.3166,1373,0
SPY190729C302,2019-07-26,2019-07-26 09:37:02,0.4,1.3333,257,0.39,1.3,268,0.4,1.3333,1,0.395,1.3166,1373,0
SPY190729C302,2019-07-26,2019-07-26 09:37:02,0.4,1.3333,241,0.39,1.3,268,0.4,1.3333,1,0.395,1.3166,1373,0
SPY190729C302,2019-07-26,2019-07-26 09:37:03,0.4,1.3333,141,0.39,1.3,268,0.4,1.3333,1,0.395,1.3166,1373,0
SPY190729C302,2019-07-26,2019-07-26 09:37:03,0.4,1.3333,257,0.39,1.3,268,0.4,1.3333,1,0.395,1.3166,1373,0
SPY190729C302,2019-07-26,2019-07-26 09:37:04,0.4,1.3333,38,0.39,1.3,268,0.4,1.3333,1,0.395,1.3166,1373,0
SPY190729C302,2019-07-26,2019-07-26 09:37:04,0.4,1.3333,141,0.39,1.3,268,0.4,1.3333,1,0.395,1.3166,1373,0
SPY190729C302,2019-07-26,2019-07-26 09:37:05,0.4,1.3333,1,0.39,1.3,515,0.4,1.3333,1,0.395,1.3166,1373,0
SPY190729C302,2019-07-26,2019-07-26 09:37:06,0.4,1.3333,1,0.39,1.3,606,0.4,1.3333,1,0.395,1.3166,1373,0
SPY190729C302,2019-07-26,2019-07-26 09:37:06,0.4,1.3333,1,0.39,1.3,515,0.4,1.3333,1,0.395,1.3166,1373,0
SPY190729C302,2019-07-26,2019-07-26 09:37:07,0.4,1.3333,76,0.39,1.3,606,0.4,1.3333,1,0.395,1.3166,1373,0
SPY190729C302,2019-07-26,2019-07-26 09:37:08,0.4,1.3333,76,0.39,1.3,105,0.4,1.3333,1,0.395,1.3166,1373,0
SPY190729C302,2019-07-26,2019-07-26 09:37:08,0.4,1.3333,1,0.39,1.3,124,0.4,1.3333,1,0.395,1.3166,1373,0
SPY190729C302,2019-07-26,2019-07-26 09:37:09,0.4,1.3333,10,0.39,1.3,255,0.4,1.3333,1,0.395,1.3166,1373,0
SPY190729C302,2019-07-26,2019-07-26 09:37:10,0.4,1.3333,6,0.39,1.3,702,0.4,1.3333,1,0.395,1.3166,1373,0
SPY190729C302,2019-07-26,2019-07-26 09:37:10,0.4,1.3333,1,0.39,1.3,702,0.4,1.3333,1,0.395,1.3166,1373,0
SPY190729C302,2019-07-26,2019-07-26 09:37:11,0.4,1.3333,1,0.39,1.3,702,0.4,1.3333,1,0.395,1.3166,1373,0
SPY190729C302,2019-07-26,2019-07-26 09:37:12,0.4,1.3333,1,0.39,1.3,702,0.4,1.3333,1,0.395,1.3166,1373,0
SPY190729C302,2019-07-26,2019-07-26 09:37:12,0.4,1.3333,1,0.39,1.3,729,0.4,1.3333,1,0.395,1.3166,1373,0
SPY190729C302,2019-07-26,2019-07-26 09:37:13,0.4,1.3333,1,0.39,1.3,729,0.4,1.3333,1,0.395,1.3166,1373,0
SPY190729C302,2019-07-26,2019-07-26 09:37:13,0.4,1.3333,1,0.39,1.3,1390,0.4,1.3333,1,0.395,1.3166,1373,0
SPY190729C302,2019-07-26,2019-07-26 09:37:14,0.4,1.3333,1,0.39,1.3,90,0.4,1.3333,1,0.395,1.3166,1373,0
SPY190729C302,2019-07-26,2019-07-26 09:37:14,0.4,1.3333,1,0.39,1.3,729,0.4,1.3333,1,0.395,1.3166,1373,0
SPY190729C302,2019-07-26,2019-07-26 09:37:15,0.4,1.3333,574,0.39,1.3,46,0.4,1.3333,1,0.395,1.3166,1373,0
SPY190729C302,2019-07-26,2019-07-26 09:37:15,0.4,1.3333,1,0.39,1.3,200,0.4,1.3333,1,0.395,1.3166,1373,0
SPY190729C302,2019-07-26,2019-07-26 09:37:16,0.4,1.3333,375,0.39,1.3,46,0.4,1.3333,1,0.395,1.3166,1373,0
SPY190729C302,2019-07-26,2019-07-26 09:37:17,0.4,1.3333,1114,0.39,1.3,46,0.39,1.3,3,0.395,1.3166,1376,3
SPY190729C302,2019-07-26,2019-07-26 09:37:17,0.4,1.3333,1214,0.39,1.3,1,0.39,1.3,3,0.395,1.3166,1376,0
SPY190729C302,2019-07-26,2019-07-26 09:37:18,0.4,1.3333,977,0.38,1.2666,1197,0.39,1.3,3,0.39,1.3,1376,0
SPY190729C302,2019-07-26,2019-07-26 09:37:18,0.4,1.3333,694,0.38,1.2666,730,0.39,1.3,3,0.39,1.3,1376,0
SPY190729C302,2019-07-26,2019-07-26 09:37:19,0.4,1.3333,593,0.39,1.3,135,0.39,1.3,3,0.395,1.3166,1376,0
SPY190729C302,2019-07-26,2019-07-26 09:37:19,0.4,1.3333,593,0.38,1.2666,1241,0.39,1.3,3,0.39,1.3,1376,0
SPY190729C302,2019-07-26,2019-07-26 09:37:20,0.4,1.3333,171,0.39,1.3,135,0.39,1.3,3,0.395,1.3166,1376,0
SPY190729C302,2019-07-26,2019-07-26 09:38:10,0.38,1.2666,88,0.37,1.2333,633,0.38,1.2666,1,0.375,1.25,1402,26
SPY190729C302,2019-07-26,2019-07-26 09:38:11,0.38,1.2666,88,0.37,1.2333,633,0.38,1.2666,1,0.375,1.25,1402,0
SPY190729C302,2019-07-26,2019-07-26 09:38:11,0.38,1.2666,94,0.37,1.2333,60,0.38,1.2666,1,0.375,1.25,1402,0
SPY190729C302,2019-07-26,2019-07-26 09:38:12,0.38,1.2666,412,0.36,1.2,820,0.38,1.2666,1,0.37,1.2333,1402,0
SPY190729C302,2019-07-26,2019-07-26 09:38:12,0.38,1.2666,653,0.37,1.2333,60,0.38,1.2666,1,0.375,1.25,1402,0
SPY190729C302,2019-07-26,2019-07-26 09:38:13,0.38,1.2666,653,0.36,1.2,944,0.38,1.2666,1,0.37,1.2333,1402,0
SPY190729C302,2019-07-26,2019-07-26 09:38:14,0.38,1.2666,653,0.36,1.2,870,0.38,1.2666,1,0.37,1.2333,1402,0
SPY190729C302,2019-07-26,2019-07-26 09:38:15,0.38,1.2666,653,0.36,1.2,934,0.38,1.2666,1,0.37,1.2333,1402,0
SPY190729C302,2019-07-26,2019-07-26 09:38:15,0.38,1.2666,653,0.36,1.2,870,0.38,1.2666,1,0.37,1.2333,1402,0
SPY190729C302,2019-07-26,2019-07-26 09:38:16,0.38,1.2666,653,0.36,1.2,820,0.38,1.2666,1,0.37,1.2333,1402,0
SPY190729C302,2019-07-26,2019-07-26 09:38:17,0.38,1.2666,968,0.36,1.2,1646,0.38,1.2666,1,0.37,1.2333,1402,0
SPY190729C302,2019-07-26,2019-07-26 09:38:17,0.38,1.2666,968,0.36,1.2,1438,0.38,1.2666,1,0.37,1.2333,1402,0
SPY190729C302,2019-07-26,2019-07-26 09:38:18,0.38,1.2666,593,0.36,1.2,194,0.38,1.2666,1,0.37,1.2333,1402,0
SPY190729C302,2019-07-26,2019-07-26 09:38:19,0.38,1.2666,867,0.36,1.2,66,0.36,1.2,1,0.37,1.2333,1404,2
SPY190729C302,2019-07-26,2019-07-26 09:38:19,0.38,1.2666,867,0.36,1.2,661,0.38,1.2666,1,0.37,1.2333,1402,0
SPY190729C302,2019-07-26,2019-07-26 09:38:20,0.37,1.2333,929,0.36,1.2,116,0.36,1.2,1,0.365,1.2166,1404,0
SPY190729C302,2019-07-26,2019-07-26 09:38:21,0.36,1.2,84,0.35,1.1666,230,0.36,1.2,1,0.355,1.1833,1404,0
SPY190729C302,2019-07-26,2019-07-26 09:38:21,0.37,1.2333,929,0.35,1.1666,181,0.36,1.2,1,0.36,1.2,1404,0
SPY190729C302,2019-07-26,2019-07-26 09:38:22,0.36,1.2,485,0.34,1.1333,703,0.36,1.2,1,0.35,1.1666,1404,0
SPY190729C302,2019-07-26,2019-07-26 09:38:23,0.36,1.2,485,0.34,1.1333,1018,0.36,1.2,1,0.35,1.1666,1404,0
SPY190729C302,2019-07-26,2019-07-26 09:38:23,0.36,1.2,485,0.34,1.1333,1295,0.36,1.2,1,0.35,1.1666,1404,0
SPY190729C302,2019-07-26,2019-07-26 09:38:24,0.36,1.2,213,0.34,1.1333,1186,0.36,1.2,1,0.35,1.1666,1404,0
SPY190729C302,2019-07-26,2019-07-26 09:38:24,0.36,1.2,485,0.34,1.1333,1018,0.36,1.2,1,0.35,1.1666,1404,0
SPY190729C302,2019-07-26,2019-07-26 09:38:25,0.35,1.1666,66,0.34,1.1333,630,0.36,1.2,1,0.345,1.15,1404,0
SPY190729C302,2019-07-26,2019-07-26 09:38:25,0.35,1.1666,60,0.34,1.1333,630,0.36,1.2,1,0.345,1.15,1404,0
SPY190729C302,2019-07-26,2019-07-26 09:38:26,0.35,1.1666,86,0.34,1.1333,545,0.36,1.2,1,0.345,1.15,1404,0
SPY190729C302,2019-07-26,2019-07-26 09:38:26,0.35,1.1666,66,0.34,1.1333,1061,0.36,1.2,1,0.345,1.15,1404,0
SPY190729C302,2019-07-26,2019-07-26 09:38:27,0.35,1.1666,599,0.34,1.1333,70,0.36,1.2,1,0.345,1.15,1404,0
SPY190729C302,2019-07-26,2019-07-26 09:38:28,0.35,1.1666,574,0.34,1.1333,115,0.36,1.2,1,0.345,1.15,1404,0
SPY190729C302,2019-07-26,2019-07-26 09:38:28,0.35,1.1666,108,0.34,1.1333,46,0.36,1.2,1,0.345,1.15,1404,0
SPY190729C302,2019-07-26,2019-07-26 09:38:29,0.35,1.1666,574,0.34,1.1333,70,0.36,1.2,1,0.345,1.15,1404,0
SPY190729C302,2019-07-26,2019-07-26 09:38:29,0.35,1.1666,222,0.33,1.1,350,0.34,1.1333,10,0.34,1.1333,1414,10
SPY190729C302,2019-07-26,2019-07-26 09:38:30,0.34,1.1333,126,0.33,1.1,146,0.34,1.1333,10,0.335,1.1166,1414,0
SPY190729C302,2019-07-26,2019-07-26 09:38:31,0.33,1.1,16,0.32,1.0666,910,0.34,1.1333,10,0.325,1.0833,1414,0
SPY190729C302,2019-07-26,2019-07-26 09:38:31,0.34,1.1333,782,0.32,1.0666,864,0.34,1.1333,10,0.33,1.1,1414,0
SPY190729C302,2019-07-26,2019-07-26 09:38:32,0.33,1.1,16,0.32,1.0666,742,0.34,1.1333,10,0.325,1.0833,1414,0
SPY190729C302,2019-07-26,2019-07-26 09:38:32,0.33,1.1,65,0.32,1.0666,481,0.34,1.1333,10,0.325,1.0833,1414,0
SPY190729C302,2019-07-26,2019-07-26 09:38:33,0.33,1.1,65,0.32,1.0666,922,0.34,1.1333,10,0.325,1.0833,1414,0
SPY190729C302,2019-07-26,2019-07-26 09:38:34,0.34,1.1333,758,0.32,1.0666,944,0.34,1.1333,10,0.33,1.1,1414,0
SPY190729C302,2019-07-26,2019-07-26 09:38:34,0.33,1.1,1,0.32,1.0666,944,0.34,1.1333,10,0.325,1.0833,1414,0
SPY190729C302,2019-07-26,2019-07-26 09:38:35,0.33,1.1,480,0.32,1.0666,589,0.34,1.1333,10,0.325,1.0833,1414,0
SPY190729C302,2019-07-26,2019-07-26 09:38:35,0.33,1.1,1070,0.32,1.0666,588,0.34,1.1333,10,0.325,1.0833,1414,0
SPY190729C302,2019-07-26,2019-07-26 09:38:36,0.33,1.1,1044,0.32,1.0666,339,0.32,1.0666,1,0.325,1.0833,1415,1
SPY190729C302,2019-07-26,2019-07-26 09:38:36,0.31,1.0333,32,0.3,1.0,717,0.32,1.0666,1,0.305,1.0166,1415,0
SPY190729C302,2019-07-26,2019-07-26 09:38:37,0.32,1.0666,725,0.31,1.0333,5,0.32,1.0666,1,0.315,1.05,1415,0
SPY190729C302,2019-07-26,2019-07-26 09:38:38,0.32,1.0666,532,0.31,1.0333,130,0.31,1.0333,2,0.315,1.05,1417,0
SPY190729C302,2019-07-26,2019-07-26 09:38:38,0.32,1.0666,725,0.31,1.0333,5,0.31,1.0333,2,0.315,1.05,1417,2
SPY190729C302,2019-07-26,2019-07-26 09:38:39,0.32,1.0666,532,0.31,1.0333,466,0.31,1.0333,2,0.315,1.05,1419,2
SPY190729C302,2019-07-26,2019-07-26 09:38:39,0.32,1.0666,532,0.31,1.0333,396,0.31,1.0333,2,0.315,1.05,1419,0
SPY190729C302,2019-07-26,2019-07-26 09:38:40,0.32,1.0666,532,0.31,1.0333,466,0.31,1.0333,2,0.315,1.05,1419,0
SPY190729C302,2019-07-26,2019-07-26 09:38:40,0.32,1.0666,532,0.31,1.0333,582,0.31,1.0333,2,0.315,1.05,1419,0
SPY190729C302,2019-07-26,2019-07-26 09:38:41,0.32,1.0666,220,0.31,1.0333,456,0.31,1.0333,60,0.315,1.05,1479,60
SPY190729C302,2019-07-26,2019-07-26 09:38:42,0.32,1.0666,537,0.31,1.0333,189,0.31,1.0333,60,0.315,1.05,1479,0
SPY190729C302,2019-07-26,2019-07-26 09:38:42,0.32,1.0666,220,0.31,1.0333,166,0.31,1.0333,60,0.315,1.05,1479,0
SPY190729C302,2019-07-26,2019-07-26 09:38:43,0.32,1.0666,537,0.31,1.0333,652,0.31,1.0333,60,0.315,1.05,1479,0
SPY190729C302,2019-07-26,2019-07-26 09:38:44,0.32,1.0666,537,0.31,1.0333,638,0.31,1.0333,2,0.315,1.05,1481,2
SPY190729C302,2019-07-26,2019-07-26 09:38:44,0.32,1.0666,537,0.31,1.0333,649,0.31,1.0333,2,0.315,1.05,1481,0
SPY190729C302,2019-07-26,2019-07-26 09:38:45,0.32,1.0666,220,0.31,1.0333,653,0.31,1.0333,2,0.315,1.05,1481,0
SPY190729C302,2019-07-26,2019-07-26 09:38:46,0.32,1.0666,220,0.31,1.0333,653,0.31,1.0333,2,0.315,1.05,1481,0
SPY190729C302,2019-07-26,2019-07-26 09:38:47,0.32,1.0666,5,0.31,1.0333,957,0.32,1.0666,1,0.315,1.05,1482,0
SPY190729C302,2019-07-26,2019-07-26 09:38:47,0.32,1.0666,52,0.31,1.0333,719,0.32,1.0666,1,0.315,1.05,1482,1
SPY190729C302,2019-07-26,2019-07-26 09:38:48,0.33,1.1,564,0.32,1.0666,320,0.32,1.0666,5,0.325,1.0833,1487,0
SPY190729C302,2019-07-26,2019-07-26 09:38:48,0.33,1.1,485,0.32,1.0666,5,0.32,1.0666,5,0.325,1.0833,1487,5
SPY190729C302,2019-07-26,2019-07-26 09:38:49,0.33,1.1,818,0.32,1.0666,320,0.32,1.0666,5,0.325,1.0833,1487,0
SPY190729C302,2019-07-26,2019-07-26 09:38:50,0.33,1.1,828,0.32,1.0666,236,0.32,1.0666,5,0.325,1.0833,1487,0
SPY190729C302,2019-07-26,2019-07-26 09:38:50,0.33,1.1,818,0.32,1.0666,320,0.32,1.0666,5,0.325,1.0833,1487,0
SPY190729C302,2019-07-26,2019-07-26 09:38:51,0.33,1.1,485,0.32,1.0666,718,0.32,1.0666,5,0.325,1.0833,1487,0
SPY190729C302,2019-07-26,2019-07-26 09:38:51,0.33,1.1,485,0.32,1.0666,236,0.32,1.0666,5,0.325,1.0833,1487,0
SPY190729C302,2019-07-26,2019-07-26 09:38:52,0.33,1.1,5,0.32,1.0666,729,0.32,1.0666,5,0.325,1.0833,1487,0
SPY190729C302,2019-07-26,2019-07-26 09:38:53,0.33,1.1,5,0.32,1.0666,729,0.33,1.1,5,0.325,1.0833,1492,5
SPY190729C302,2019-07-26,2019-07-26 09:38:53,0.34,1.1333,480,0.33,1.1,115,0.33,1.1,1,0.335,1.1166,1493,1
SPY190729C302,2019-07-26,2019-07-26 09:38:54,0.34,1.1333,511,0.33,1.1,414,0.33,1.1,1,0.335,1.1166,1493,0
SPY190729C302,2019-07-26,2019-07-26 09:38:55,0.34,1.1333,511,0.33,1.1,657,0.33,1.1,1,0.335,1.1166,1493,0
SPY190729C302,2019-07-26,2019-07-26 09:38:55,0.35,1.1666,607,0.34,1.1333,75,0.33,1.1,1,0.345,1.15,1493,0
SPY190729C302,2019-07-26,2019-07-26 09:38:56,0.35,1.1666,480,0.34,1.1333,114,0.33,1.1,1,0.345,1.15,1493,0
SPY190729C302,2019-07-26,2019-07-26 09:38:56,0.34,1.1333,5,0.34,1.1333,56,0.33,1.1,1,0.34,1.1333,1493,0
SPY190729C302,2019-07-26,2019-07-26 09:38:57,0.34,1.1333,480,0.33,1.1,1067,0.33,1.1,1,0.335,1.1166,1493,0
SPY190729C302,2019-07-26,2019-07-26 09:38:58,0.34,1.1333,562,0.33,1.1,5,0.33,1.1,1,0.335,1.1166,1493,0
SPY190729C302,2019-07-26,2019-07-26 09:38:58,0.34,1.1333,485,0.33,1.1,322,0.33,1.1,1,0.335,1.1166,1493,0
SPY190729C302,2019-07-26,2019-07-26 09:38:59,0.34,1.1333,485,0.33,1.1,322,0.33,1.1,1,0.335,1.1166,1493,0
SPY190729C302,2019-07-26,2019-07-26 09:38:59,0.34,1.1333,511,0.33,1.1,322,0.33,1.1,1,0.335,1.1166,1493,0
SPY190729C302,2019-07-26,2019-07-26 09:39:00,0.34,1.1333,485,0.33,1.1,312,0.33,1.1,1,0.335,1.1166,1493,0
SPY190729C302,2019-07-26,2019-07-26 09:39:01,0.34,1.1333,485,0.33,1.1,276,0.33,1.1,1,0.335,1.1166,1493,0
SPY190729C302,2019-07-26,2019-07-26 09:39:01,0.34,1.1333,485,0.33,1.1,312,0.33,1.1,1,0.335,1.1166,1493,0
SPY190729C302,2019-07-26,2019-07-26 09:39:02,0.34,1.1333,495,0.33,1.1,198,0.33,1.1,1,0.335,1.1166,1493,0
SPY190729C302,2019-07-26,2019-07-26 09:39:02,0.34,1.1333,495,0.33,1.1,309,0.33,1.1,1,0.335,1.1166,1493,0
SPY190729C302,2019-07-26,2019-07-26 09:39:03,0.34,1.1333,495,0.33,1.1,682,0.33,1.1,1,0.335,1.1166,1493,0
SPY190729C302,2019-07-26,2019-07-26 09:39:03,0.35,1.1666,607,0.33,1.1,672,0.33,1.1,1,0.34,1.1333,1493,0
SPY190729C302,2019-07-26,2019-07-26 09:39:04,0.34,1.1333,50,0.33,1.1,510,0.33,1.1,1,0.335,1.1166,1493,0
SPY190729C302,2019-07-26,2019-07-26 09:39:04,0.35,1.1666,607,0.33,1.1,1164,0.33,1.1,1,0.34,1.1333,1493,0
SPY190729C302,2019-07-26,2019-07-26 09:39:05,0.34,1.1333,485,0.33,1.1,730,0.33,1.1,1,0.335,1.1166,1493,0
SPY190729C302,2019-07-26,2019-07-26 09:39:06,0.34,1.1333,484,0.33,1.1,657,0.34,1.1333,1,0.335,1.1166,1494,0
SPY190729C302,2019-07-26,2019-07-26 09:39:06,0.34,1.1333,484,0.33,1.1,671,0.34,1.1333,1,0.335,1.1166,1494,1
SPY190729C302,2019-07-26,2019-07-26 09:39:07,0.34,1.1333,485,0.33,1.1,647,0.33,1.1,2,0.335,1.1166,1496,2
SPY190729C302,2019-07-26,2019-07-26 09:39:07,0.34,1.1333,485,0.33,1.1,504,0.33,1.1,2,0.335,1.1166,1496,0
SPY190729C302,2019-07-26,2019-07-26 09:39:08,0.34,1.1333,485,0.33,1.1,504,0.33,1.1,2,0.335,1.1166,1496,0
SPY190729C302,2019-07-26,2019-07-26 09:39:08,0.34,1.1333,693,0.33,1.1,680,0.33,1.1,2,0.335,1.1166,1496,0
SPY190729C302,2019-07-26,2019-07-26 09:39:09,0.34,1.1333,693,0.33,1.1,680,0.33,1.1,2,0.335,1.1166,1496,0
SPY190729C302,2019-07-26,2019-07-26 09:39:10,0.34,1.1333,667,0.33,1.1,672,0.33,1.1,2,0.335,1.1166,1496,0
SPY190729C302,2019-07-26,2019-07-26 09:39:10,0.34,1.1333,693,0.33,1.1,672,0.33,1.1,2,0.335,1.1166,1496,0
SPY190729C302,2019-07-26,2019-07-26 09:39:11,0.34,1.1333,667,0.33,1.1,703,0.33,1.1,2,0.335,1.1166,1496,0
SPY190729C302,2019-07-26,2019-07-26 09:39:12,0.34,1.1333,667,0.33,1.1,151,0.33,1.1,2,0.335,1.1166,1496,0
SPY190729C302,2019-07-26,2019-07-26 09:39:12,0.34,1.1333,763,0.33,1.1,109,0.33,1.1,5,0.335,1.1166,1501,5
SPY190729C302,2019-07-26,2019-07-26 09:39:13,0.34,1.1333,763,0.33,1.1,109,0.33,1.1,5,0.335,1.1166,1501,0
SPY190729C302,2019-07-26,2019-07-26 09:39:14,0.34,1.1333,763,0.33,1.1,73,0.33,1.1,5,0.335,1.1166,1501,0
SPY190729C302,2019-07-26,2019-07-26 09:39:14,0.34,1.1333,667,0.33,1.1,287,0.33,1.1,5,0.335,1.1166,1501,0
SPY190729C302,2019-07-26,2019-07-26 09:39:15,0.34,1.1333,33,0.33,1.1,339,0.33,1.1,5,0.335,1.1166,1501,0
SPY190729C302,2019-07-26,2019-07-26 09:39:15,0.35,1.1666,789,0.34,1.1333,45,0.33,1.1,5,0.345,1.15,1501,0
SPY190729C302,2019-07-26,2019-07-26 09:39:16,0.35,1.1666,789,0.34,1.1333,197,0.33,1.1,5,0.345,1.15,1501,0
SPY190729C302,2019-07-26,2019-07-26 09:39:16,0.35,1.1666,789,0.34,1.1333,213,0.33,1.1,5,0.345,1.15,1501,0
SPY190729C302,2019-07-26,2019-07-26 09:39:17,0.35,1.1666,763,0.34,1.1333,217,0.33,1.1,5,0.345,1.15,1501,0
SPY190729C302,2019-07-26,2019-07-26 09:39:17,0.35,1.1666,789,0.34,1.1333,115,0.33,1.1,5,0.345,1.15,1501,0
SPY190729C302,2019-07-26,2019-07-26 09:39:18,0.35,1.1666,763,0.34,1.1333,148,0.33,1.1,5,0.345,1.15,1501,0
SPY190729C302,2019-07-26,2019-07-26 09:39:19,0.35,1.1666,763,0.34,1.1333,218,0.33,1.1,5,0.345,1.15,1501,0
SPY190729C302,2019-07-26,2019-07-26 09:39:20,0.35,1.1666,667,0.34,1.1333,672,0.33,1.1,5,0.345,1.15,1501,0
SPY190729C302,2019-07-26,2019-07-26 09:39:20,0.35,1.1666,667,0.34,1.1333,218,0.33,1.1,5,0.345,1.15,1501,0
SPY190729C302,2019-07-26,2019-07-26 09:39:21,0.35,1.1666,763,0.34,1.1333,158,0.33,1.1,5,0.345,1.15,1501,0
SPY190729C302,2019-07-26,2019-07-26 09:39:22,0.35,1.1666,773,0.34,1.1333,158,0.33,1.1,5,0.345,1.15,1501,0
SPY190729C302,2019-07-26,2019-07-26 09:39:23,0.35,1.1666,737,0.34,1.1333,270,0.33,1.1,5,0.345,1.15,1501,0
SPY190729C302,2019-07-26,2019-07-26 09:39:23,0.35,1.1666,667,0.34,1.1333,257,0.33,1.1,5,0.345,1.15,1501,0
SPY190729C302,2019-07-26,2019-07-26 09:39:24,0.35,1.1666,1039,0.34,1.1333,110,0.33,1.1,5,0.345,1.15,1501,0
SPY190729C302,2019-07-26,2019-07-26 09:39:25,0.35,1.1666,1013,0.34,1.1333,166,0.33,1.1,5,0.345,1.15,1501,0
SPY190729C302,2019-07-26,2019-07-26 09:39:25,0.35,1.1666,1013,0.34,1.1333,125,0.33,1.1,5,0.345,1.15,1501,0
SPY190729C302,2019-07-26,2019-07-26 09:39:26,0.35,1.1666,1013,0.34,1.1333,186,0.33,1.1,5,0.345,1.15,1501,0
SPY190729C302,2019-07-26,2019-07-26 09:39:26,0.35,1.1666,1013,0.34,1.1333,166,0.33,1.1,5,0.345,1.15,1501,0
SPY190729C302,2019-07-26,2019-07-26 09:39:27,0.35,1.1666,1140,0.34,1.1333,6,0.33,1.1,5,0.345,1.15,1501,0
SPY190729C302,2019-07-26,2019-07-26 09:39:28,0.35,1.1666,1090,0.34,1.1333,6,0.33,1.1,5,0.345,1.15,1501,0
SPY190729C302,2019-07-26,2019-07-26 09:39:29,0.35,1.1666,1104,0.34,1.1333,6,0.33,1.1,5,0.345,1.15,1501,0
SPY190729C302,2019-07-26,2019-07-26 09:39:29,0.35,1.1666,1090,0.34,1.1333,6,0.33,1.1,5,0.345,1.15,1501,0
SPY190729C302,2019-07-26,2019-07-26 09:39:30,0.35,1.1666,1060,0.34,1.1333,142,0.33,1.1,5,0.345,1.15,1501,0
SPY190729C302,2019-07-26,2019-07-26 09:39:30,0.35,1.1666,1081,0.34,1.1333,28,0.33,1.1,5,0.345,1.15,1501,0
SPY190729C302,2019-07-26,2019-07-26 09:39:31,0.35,1.1666,1060,0.34,1.1333,212,0.35,1.1666,10,0.345,1.15,1511,10
SPY190729C302,2019-07-26,2019-07-26 09:39:32,0.35,1.1666,956,0.34,1.1333,212,0.35,1.1666,10,0.345,1.15,1511,0
SPY190729C302,2019-07-26,2019-07-26 09:39:33,0.35,1.1666,956,0.34,1.1333,212,0.35,1.1666,10,0.345,1.15,1511,0
SPY190729C302,2019-07-26,2019-07-26 09:39:34,0.35,1.1666,956,0.34,1.1333,110,0.35,1.1666,10,0.345,1.15,1511,0
SPY190729C302,2019-07-26,2019-07-26 09:39:35,0.35,1.1666,1384,0.34,1.1333,6,0.35,1.1666,10,0.345,1.15,1511,0
SPY190729C302,2019-07-26,2019-07-26 09:39:36,0.35,1.1666,1384,0.34,1.1333,6,0.35,1.1666,10,0.345,1.15,1511,0
SPY190729C302,2019-07-26,2019-07-26 09:39:37,0.35,1.1666,1384,0.34,1.1333,6,0.34,1.1333,2,0.345,1.15,1513,2
SPY190729C302,2019-07-26,2019-07-26 09:39:38,0.35,1.1666,910,0.34,1.1333,225,0.34,1.1333,2,0.345,1.15,1513,0
SPY190729C302,2019-07-26,2019-07-26 09:39:38,0.35,1.1666,1173,0.34,1.1333,89,0.34,1.1333,2,0.345,1.15,1513,0
SPY190729C302,2019-07-26,2019-07-26 09:39:39,0.35,1.1666,881,0.34,1.1333,45,0.34,1.1333,2,0.345,1.15,1513,0
SPY190729C302,2019-07-26,2019-07-26 09:39:39,0.35,1.1666,881,0.34,1.1333,6,0.34,1.1333,2,0.345,1.15,1513,0
SPY190729C302,2019-07-26,2019-07-26 09:39:40,0.35,1.1666,981,0.34,1.1333,6,0.34,1.1333,2,0.345,1.15,1513,0
SPY190729C302,2019-07-26,2019-07-26 09:39:40,0.35,1.1666,881,0.34,1.1333,6,0.34,1.1333,2,0.345,1.15,1513,0
SPY190729C302,2019-07-26,2019-07-26 09:39:41,0.35,1.1666,941,0.34,1.1333,124,0.34,1.1333,2,0.345,1.15,1513,0
SPY190729C302,2019-07-26,2019-07-26 09:39:41,0.35,1.1666,941,0.34,1.1333,123,0.34,1.1333,2,0.345,1.15,1513,0
SPY190729C302,2019-07-26,2019-07-26 09:39:42,0.35,1.1666,145,0.34,1.1333,316,0.34,1.1333,2,0.345,1.15,1513,0
SPY190729C302,2019-07-26,2019-07-26 09:39:43,0.35,1.1666,145,0.34,1.1333,786,0.34,1.1333,2,0.345,1.15,1513,0
SPY190729C302,2019-07-26,2019-07-26 09:39:44,0.35,1.1666,625,0.34,1.1333,157,0.34,1.1333,2,0.345,1.15,1513,0
SPY190729C302,2019-07-26,2019-07-26 09:39:44,0.35,1.1666,667,0.34,1.1333,275,0.34,1.1333,2,0.345,1.15,1513,0
SPY190729C302,2019-07-26,2019-07-26 09:39:45,0.35,1.1666,871,0.34,1.1333,214,0.34,1.1333,2,0.345,1.15,1513,0
SPY190729C302,2019-07-26,2019-07-26 09:39:45,0.35,1.1666,667,0.34,1.1333,290,0.34,1.1333,2,0.345,1.15,1513,0
SPY190729C302,2019-07-26,2019-07-26 09:39:46,0.35,1.1666,946,0.34,1.1333,149,0.34,1.1333,2,0.345,1.15,1513,0
SPY190729C302,2019-07-26,2019-07-26 09:39:46,0.35,1.1666,941,0.34,1.1333,149,0.34,1.1333,2,0.345,1.15,1513,0
SPY190729C302,2019-07-26,2019-07-26 09:39:47,0.35,1.1666,768,0.34,1.1333,135,0.34,1.1333,2,0.345,1.15,1513,0
SPY190729C302,2019-07-26,2019-07-26 09:39:48,0.35,1.1666,5,0.34,1.1333,312,0.34,1.1333,2,0.345,1.15,1513,0
SPY190729C302,2019-07-26,2019-07-26 09:39:48,0.35,1.1666,5,0.34,1.1333,464,0.34,1.1333,2,0.345,1.15,1513,0
SPY190729C302,2019-07-26,2019-07-26 09:39:49,0.35,1.1666,5,0.34,1.1333,1026,0.34,1.1333,2,0.345,1.15,1513,0
SPY190729C302,2019-07-26,2019-07-26 09:39:50,0.35,1.1666,5,0.34,1.1333,1026,0.34,1.1333,2,0.345,1.15,1513,0
SPY190729C302,2019-07-26,2019-07-26 09:39:51,0.35,1.1666,5,0.34,1.1333,1026,0.34,1.1333,2,0.345,1.15,1513,0
SPY190729C302,2019-07-26,2019-07-26 09:39:52,0.35,1.1666,5,0.34,1.1333,1026,0.34,1.1333,2,0.345,1.15,1513,0
SPY190729C302,2019-07-26,2019-07-26 09:39:53,0.35,1.1666,5,0.34,1.1333,1026,0.34,1.1333,2,0.345,1.15,1513,0
SPY190729C302,2019-07-26,2019-07-26 09:39:54,0.35,1.1666,5,0.34,1.1333,1026,0.34,1.1333,2,0.345,1.15,1513,0
SPY190729C302,2019-07-26,2019-07-26 09:39:55,0.35,1.1666,5,0.34,1.1333,1026,0.34,1.1333,2,0.345,1.15,1513,0
SPY190729C302,2019-07-26,2019-07-26 09:39:56,0.35,1.1666,5,0.34,1.1333,864,0.34,1.1333,2,0.345,1.15,1513,0
SPY190729C302,2019-07-26,2019-07-26 09:39:56,0.35,1.1666,5,0.34,1.1333,1026,0.34,1.1333,2,0.345,1.15,1513,0
SPY190729C302,2019-07-26,2019-07-26 09:39:57,0.35,1.1666,5,0.34,1.1333,1026,0.34,1.1333,2,0.345,1.15,1513,0
SPY190729C302,2019-07-26,2019-07-26 09:39:58,0.36,1.2,705,0.35,1.1666,278,0.35,1.1666,2,0.355,1.1833,1518,3
SPY190729C302,2019-07-26,2019-07-26 09:39:58,0.35,1.1666,3,0.34,1.1333,1026,0.35,1.1666,2,0.345,1.15,1515,2
SPY190729C302,2019-07-26,2019-07-26 09:39:59,0.36,1.2,705,0.35,1.1666,309,0.35,1.1666,2,0.355,1.1833,1518,0
SPY190729C302,2019-07-26,2019-07-26 09:39:59,0.36,1.2,705,0.35,1.1666,192,0.35,1.1666,2,0.355,1.1833,1518,0
SPY190729C302,2019-07-26,2019-07-26 09:40:00,0.36,1.2,705,0.35,1.1666,636,0.35,1.1666,2,0.355,1.1833,1518,0
SPY190729C302,2019-07-26,2019-07-26 09:40:00,0.36,1.2,705,0.35,1.1666,742,0.35,1.1666,2,0.355,1.1833,1518,0
SPY190729C302,2019-07-26,2019-07-26 09:40:01,0.36,1.2,705,0.35,1.1666,742,0.35,1.1666,2,0.355,1.1833,1518,0
SPY190729C302,2019-07-26,2019-07-26 09:40:01,0.36,1.2,705,0.35,1.1666,742,0.36,1.2,10,0.355,1.1833,1528,10
SPY190729C302,2019-07-26,2019-07-26 09:40:02,0.36,1.2,705,0.35,1.1666,742,0.36,1.2,10,0.355,1.1833,1528,0
SPY190729C302,2019-07-26,2019-07-26 09:40:03,0.36,1.2,705,0.35,1.1666,742,0.36,1.2,10,0.355,1.1833,1528,0
SPY190729C302,2019-07-26,2019-07-26 09:40:04,0.36,1.2,705,0.35,1.1666,636,0.36,1.2,10,0.355,1.1833,1528,0
SPY190729C302,2019-07-26,2019-07-26 09:40:04,0.36,1.2,705,0.35,1.1666,742,0.36,1.2,10,0.355,1.1833,1528,0
SPY190729C302,2019-07-26,2019-07-26 09:40:05,0.37,1.2333,531,0.36,1.2,280,0.36,1.2,10,0.365,1.2166,1528,0
SPY190729C302,2019-07-26,2019-07-26 09:40:05,0.36,1.2,705,0.35,1.1666,742,0.36,1.2,10,0.355,1.1833,1528,0
SPY190729C302,2019-07-26,2019-07-26 09:40:06,0.37,1.2333,536,0.36,1.2,257,0.36,1.2,30,0.365,1.2166,1558,30
SPY190729C302,2019-07-26,2019-07-26 09:40:07,0.37,1.2333,536,0.36,1.2,567,0.36,1.2,30,0.365,1.2166,1558,0
SPY190729C302,2019-07-26,2019-07-26 09:40:07,0.37,1.2333,536,0.36,1.2,288,0.36,1.2,30,0.365,1.2166,1558,0
SPY190729C302,2019-07-26,2019-07-26 09:40:08,0.38,1.2666,1059,0.37,1.2333,6,0.36,1.2,30,0.375,1.25,1558,0
SPY190729C302,2019-07-26,2019-07-26 09:40:08,0.37,1.2333,536,0.36,1.2,628,0.36,1.2,30,0.365,1.2166,1558,0
SPY190729C302,2019-07-26,2019-07-26 09:40:09,0.38,1.2666,1355,0.37,1.2333,6,0.36,1.2,30,0.375,1.25,1558,0
SPY190729C302,2019-07-26,2019-07-26 09:40:09,0.38,1.2666,1059,0.37,1.2333,6,0.36,1.2,30,0.375,1.25,1558,0
SPY190729C302,2019-07-26,2019-07-26 09:40:10,0.38,1.2666,1355,0.37,1.2333,6,0.36,1.2,30,0.375,1.25,1558,0
SPY190729C302,2019-07-26,2019-07-26 09:40:10,0.38,1.2666,1233,0.37,1.2333,6,0.36,1.2,30,0.375,1.25,1558,0
SPY190729C302,2019-07-26,2019-07-26 09:40:11,0.38,1.2666,1233,0.37,1.2333,6,0.36,1.2,30,0.375,1.25,1558,0
SPY190729C302,2019-07-26,2019-07-26 09:40:12,0.38,1.2666,961,0.37,1.2333,6,0.36,1.2,30,0.375,1.25,1558,0
SPY190729C302,2019-07-26,2019-07-26 09:40:12,0.38,1.2666,927,0.37,1.2333,254,0.36,1.2,30,0.375,1.25,1558,0
SPY190729C302,2019-07-26,2019-07-26 09:40:13,0.38,1.2666,248,0.37,1.2333,350,0.38,1.2666,1,0.375,1.25,1559,1
SPY190729C302,2019-07-26,2019-07-26 09:40:13,0.38,1.2666,222,0.37,1.2333,567,0.38,1.2666,1,0.375,1.25,1559,0
SPY190729C302,2019-07-26,2019-07-26 09:40:14,0.39,1.3,479,0.38,1.2666,738,0.38,1.2666,1,0.385,1.2833,1559,0
SPY190729C302,2019-07-26,2019-07-26 09:40:14,0.39,1.3,531,0.38,1.2666,324,0.38,1.2666,1,0.385,1.2833,1559,0
SPY190729C302,2019-07-26,2019-07-26 09:40:15,0.39,1.3,479,0.39,1.3,116,0.38,1.2666,1,0.39,1.3,1559,0
SPY190729C302,2019-07-26,2019-07-26 09:40:15,0.4,1.3333,459,0.39,1.3,335,0.38,1.2666,1,0.395,1.3166,1559,0
SPY190729C302,2019-07-26,2019-07-26 09:40:16,0.4,1.3333,455,0.39,1.3,285,0.38,1.2666,1,0.395,1.3166,1559,0
SPY190729C302,2019-07-26,2019-07-26 09:40:17,0.4,1.3333,455,0.39,1.3,285,0.38,1.2666,1,0.395,1.3166,1559,0
SPY190729C302,2019-07-26,2019-07-26 09:40:17,0.4,1.3333,471,0.39,1.3,285,0.38,1.2666,1,0.395,1.3166,1559,0
SPY190729C302,2019-07-26,2019-07-26 09:40:18,0.4,1.3333,386,0.39,1.3,285,0.38,1.2666,1,0.395,1.3166,1559,0
SPY190729C302,2019-07-26,2019-07-26 09:40:18,0.4,1.3333,907,0.39,1.3,40,0.38,1.2666,1,0.395,1.3166,1559,0
SPY190729C302,2019-07-26,2019-07-26 09:40:19,0.4,1.3333,891,0.39,1.3,192,0.38,1.2666,1,0.395,1.3166,1559,0
SPY190729C302,2019-07-26,2019-07-26 09:40:19,0.4,1.3333,907,0.39,1.3,82,0.38,1.2666,1,0.395,1.3166,1559,0
SPY190729C302,2019-07-26,2019-07-26 09:40:20,0.4,1.3333,891,0.39,1.3,192,0.38,1.2666,1,0.395,1.3166,1559,0
SPY190729C302,2019-07-26,2019-07-26 09:40:21,0.4,1.3333,96,0.39,1.3,188,0.38,1.2666,1,0.395,1.3166,1559,0
SPY190729C302,2019-07-26,2019-07-26 09:40:22,0.4,1.3333,649,0.39,1.3,202,0.38,1.2666,1,0.395,1.3166,1559,0
SPY190729C302,2019-07-26,2019-07-26 09:40:23,0.4,1.3333,509,0.39,1.3,221,0.38,1.2666,1,0.395,1.3166,1559,0
SPY190729C302,2019-07-26,2019-07-26 09:40:23,0.4,1.3333,487,0.39,1.3,202,0.38,1.2666,1,0.395,1.3166,1559,0
SPY190729C302,2019-07-26,2019-07-26 09:40:24,0.4,1.3333,474,0.39,1.3,221,0.38,1.2666,1,0.395,1.3166,1559,0
SPY190729C302,2019-07-26,2019-07-26 09:40:24,0.4,1.3333,534,0.39,1.3,221,0.38,1.2666,1,0.395,1.3166,1559,0
SPY190729C302,2019-07-26,2019-07-26 09:40:25,0.4,1.3333,829,0.39,1.3,221,0.38,1.2666,1,0.395,1.3166,1559,0
SPY190729C302,2019-07-26,2019-07-26 09:40:25,0.4,1.3333,829,0.39,1.3,225,0.38,1.2666,1,0.395,1.3166,1559,0
SPY190729C302,2019-07-26,2019-07-26 09:40:26,0.4,1.3333,474,0.39,1.3,225,0.4,1.3333,1,0.395,1.3166,1560,1
SPY190729C302,2019-07-26,2019-07-26 09:40:27,0.4,1.3333,1190,0.39,1.3,4,0.4,1.3333,1,0.395,1.3166,1560,0
SPY190729C302,2019-07-26,2019-07-26 09:40:27,0.4,1.3333,853,0.39,1.3,50,0.4,1.3333,1,0.395,1.3166,1560,0
SPY190729C302,2019-07-26,2019-07-26 09:40:28,0.4,1.3333,866,0.39,1.3,156,0.4,1.3333,1,0.395,1.3166,1560,0
SPY190729C302,2019-07-26,2019-07-26 09:40:28,0.4,1.3333,1455,0.39,1.3,4,0.4,1.3333,1,0.395,1.3166,1560,0
SPY190729C302,2019-07-26,2019-07-26 09:40:29,0.4,1.3333,570,0.39,1.3,177,0.4,1.3333,1,0.395,1.3166,1560,0
SPY190729C302,2019-07-26,2019-07-26 09:40:29,0.4,1.3333,630,0.39,1.3,177,0.4,1.3333,1,0.395,1.3166,1560,0
SPY190729C302,2019-07-26,2019-07-26 09:40:30,0.4,1.3333,630,0.39,1.3,177,0.4,1.3333,1,0.395,1.3166,1560,0
SPY190729C302,2019-07-26,2019-07-26 09:40:31,0.4,1.3333,630,0.39,1.3,177,0.4,1.3333,1,0.395,1.3166,1560,0
SPY190729C302,2019-07-26,2019-07-26 09:40:32,0.4,1.3333,570,0.39,1.3,177,0.4,1.3333,1,0.395,1.3166,1560,0
SPY190729C302,2019-07-26,2019-07-26 09:40:32,0.4,1.3333,570,0.39,1.3,266,0.4,1.3333,1,0.395,1.3166,1560,0
SPY190729C302,2019-07-26,2019-07-26 09:40:33,0.4,1.3333,570,0.39,1.3,266,0.4,1.3333,1,0.395,1.3166,1560,0
SPY190729C302,2019-07-26,2019-07-26 09:40:33,0.4,1.3333,893,0.39,1.3,266,0.4,1.3333,1,0.395,1.3166,1560,0
SPY190729C302,2019-07-26,2019-07-26 09:40:34,0.4,1.3333,570,0.39,1.3,266,0.4,1.3333,1,0.395,1.3166,1560,0
SPY190729C302,2019-07-26,2019-07-26 09:40:34,0.4,1.3333,981,0.39,1.3,4,0.4,1.3333,1,0.395,1.3166,1560,0
SPY190729C302,2019-07-26,2019-07-26 09:40:35,0.4,1.3333,1436,0.39,1.3,4,0.4,1.3333,1,0.395,1.3166,1560,0
SPY190729C302,2019-07-26,2019-07-26 09:40:36,0.4,1.3333,1436,0.39,1.3,4,0.4,1.3333,1,0.395,1.3166,1560,0
SPY190729C302,2019-07-26,2019-07-26 09:40:36,0.4,1.3333,1435,0.39,1.3,4,0.4,1.3333,1,0.395,1.3166,1560,0
SPY190729C302,2019-07-26,2019-07-26 09:40:37,0.4,1.3333,1458,0.39,1.3,4,0.4,1.3333,1,0.395,1.3166,1560,0
SPY190729C302,2019-07-26,2019-07-26 09:40:37,0.4,1.3333,1410,0.39,1.3,4,0.4,1.3333,1,0.395,1.3166,1560,0
SPY190729C302,2019-07-26,2019-07-26 09:40:38,0.4,1.3333,951,0.39,1.3,4,0.4,1.3333,1,0.395,1.3166,1560,0
SPY190729C302,2019-07-26,2019-07-26 09:40:38,0.4,1.3333,1410,0.39,1.3,4,0.4,1.3333,1,0.395,1.3166,1560,0
SPY190729C302,2019-07-26,2019-07-26 09:40:39,0.39,1.3,135,0.37,1.2333,90,0.39,1.3,4,0.38,1.2666,1564,4
SPY190729C302,2019-07-26,2019-07-26 09:40:40,0.39,1.3,568,0.38,1.2666,167,0.39,1.3,4,0.385,1.2833,1564,0
SPY190729C302,2019-07-26,2019-07-26 09:40:40,0.39,1.3,553,0.38,1.2666,100,0.39,1.3,4,0.385,1.2833,1564,0
SPY190729C302,2019-07-26,2019-07-26 09:40:41,0.39,1.3,568,0.38,1.2666,250,0.39,1.3,4,0.385,1.2833,1564,0
SPY190729C302,2019-07-26,2019-07-26 09:40:42,0.39,1.3,638,0.38,1.2666,112,0.39,1.3,4,0.385,1.2833,1564,0
SPY190729C302,2019-07-26,2019-07-26 09:40:42,0.39,1.3,208,0.38,1.2666,250,0.39,1.3,4,0.385,1.2833,1564,0
SPY190729C302,2019-07-26,2019-07-26 09:40:43,0.39,1.3,951,0.37,1.2333,1218,0.39,1.3,4,0.38,1.2666,1564,0
SPY190729C302,2019-07-26,2019-07-26 09:40:43,0.39,1.3,951,0.37,1.2333,1354,0.39,1.3,4,0.38,1.2666,1564,0
SPY190729C302,2019-07-26,2019-07-26 09:40:44,0.38,1.2666,10,0.37,1.2333,931,0.39,1.3,4,0.375,1.25,1564,0
SPY190729C302,2019-07-26,2019-07-26 09:40:44,0.38,1.2666,105,0.37,1.2333,931,0.39,1.3,4,0.375,1.25,1564,0
SPY190729C302,2019-07-26,2019-07-26 09:40:45,0.39,1.3,1344,0.37,1.2333,810,0.39,1.3,4,0.38,1.2666,1564,0
SPY190729C302,2019-07-26,2019-07-26 09:40:45,0.39,1.3,1344,0.37,1.2333,931,0.39,1.3,4,0.38,1.2666,1564,0
SPY190729C302,2019-07-26,2019-07-26 09:40:46,0.39,1.3,1344,0.37,1.2333,810,0.39,1.3,4,0.38,1.2666,1564,0
SPY190729C302,2019-07-26,2019-07-26 09:40:47,0.39,1.3,1295,0.37,1.2333,810,0.39,1.3,1,0.38,1.2666,1567,3
SPY190729C302,2019-07-26,2019-07-26 09:40:47,0.39,1.3,935,0.37,1.2333,743,0.39,1.3,1,0.38,1.2666,1567,0
SPY190729C302,2019-07-26,2019-07-26 09:40:48,0.39,1.3,550,0.38,1.2666,5,0.39,1.3,1,0.385,1.2833,1567,0
SPY190729C302,2019-07-26,2019-07-26 09:40:48,0.39,1.3,538,0.38,1.2666,105,0.39,1.3,1,0.385,1.2833,1567,0
SPY190729C302,2019-07-26,2019-07-26 09:40:49,0.39,1.3,538,0.38,1.2666,179,0.39,1.3,1,0.385,1.2833,1567,0
SPY190729C302,2019-07-26,2019-07-26 09:40:49,0.39,1.3,500,0.38,1.2666,82,0.39,1.3,2,0.385,1.2833,1569,2
SPY190729C302,2019-07-26,2019-07-26 09:40:50,0.39,1.3,623,0.38,1.2666,82,0.39,1.3,2,0.385,1.2833,1569,0
SPY190729C302,2019-07-26,2019-07-26 09:40:51,0.39,1.3,500,0.38,1.2666,296,0.39,1.3,2,0.385,1.2833,1569,0
SPY190729C302,2019-07-26,2019-07-26 09:40:52,0.39,1.3,500,0.38,1.2666,649,0.39,1.3,2,0.385,1.2833,1569,0
SPY190729C302,2019-07-26,2019-07-26 09:40:52,0.39,1.3,500,0.38,1.2666,451,0.39,1.3,2,0.385,1.2833,1569,0
SPY190729C302,2019-07-26,2019-07-26 09:40:53,0.39,1.3,500,0.38,1.2666,801,0.39,1.3,2,0.385,1.2833,1569,0
SPY190729C302,2019-07-26,2019-07-26 09:40:53,0.39,1.3,500,0.38,1.2666,649,0.39,1.3,2,0.385,1.2833,1569,0
SPY190729C302,2019-07-26,2019-07-26 09:40:54,0.4,1.3333,1587,0.38,1.2666,747,0.39,1.3,2,0.39,1.3,1569,0
SPY190729C302,2019-07-26,2019-07-26 09:40:54,0.4,1.3333,1405,0.38,1.2666,801,0.39,1.3,2,0.39,1.3,1569,0
SPY190729C302,2019-07-26,2019-07-26 09:40:55,0.4,1.3333,1587,0.38,1.2666,560,0.39,1.3,2,0.39,1.3,1569,0
SPY190729C302,2019-07-26,2019-07-26 09:40:55,0.4,1.3333,1587,0.38,1.2666,795,0.39,1.3,2,0.39,1.3,1569,0
SPY190729C302,2019-07-26,2019-07-26 09:40:56,0.4,1.3333,1587,0.38,1.2666,560,0.39,1.3,2,0.39,1.3,1569,0
SPY190729C302,2019-07-26,2019-07-26 09:40:57,0.4,1.3333,1587,0.38,1.2666,648,0.39,1.3,2,0.39,1.3,1569,0
SPY190729C302,2019-07-26,2019-07-26 09:40:57,0.4,1.3333,1587,0.38,1.2666,1378,0.39,1.3,2,0.39,1.3,1569,0
SPY190729C302,2019-07-26,2019-07-26 09:40:58,0.4,1.3333,378,0.39,1.3,196,0.39,1.3,2,0.395,1.3166,1569,0
SPY190729C302,2019-07-26,2019-07-26 09:40:58,0.4,1.3333,378,0.39,1.3,5,0.39,1.3,2,0.395,1.3166,1569,0
SPY190729C302,2019-07-26,2019-07-26 09:40:59,0.4,1.3333,23,0.39,1.3,126,0.39,1.3,2,0.395,1.3166,1569,0
SPY190729C302,2019-07-26,2019-07-26 09:40:59,0.4,1.3333,378,0.39,1.3,516,0.39,1.3,2,0.395,1.3166,1569,0
SPY190729C302,2019-07-26,2019-07-26 09:41:00,0.4,1.3333,18,0.39,1.3,189,0.39,1.3,2,0.395,1.3166,1569,0
SPY190729C302,2019-07-26,2019-07-26 09:41:01,0.4,1.3333,18,0.39,1.3,189,0.39,1.3,2,0.395,1.3166,1569,0
SPY190729C302,2019-07-26,2019-07-26 09:41:01,0.4,1.3333,540,0.39,1.3,249,0.39,1.3,2,0.395,1.3166,1569,0
SPY190729C302,2019-07-26,2019-07-26 09:41:02,0.4,1.3333,540,0.39,1.3,249,0.39,1.3,2,0.395,1.3166,1569,0
SPY190729C302,2019-07-26,2019-07-26 09:41:02,0.4,1.3333,628,0.39,1.3,10,0.39,1.3,2,0.395,1.3166,1569,0
SPY190729C302,2019-07-26,2019-07-26 09:41:03,0.4,1.3333,1387,0.39,1.3,119,0.39,1.3,5,0.395,1.3166,1574,5
SPY190729C302,2019-07-26,2019-07-26 09:41:03,0.4,1.3333,1382,0.39,1.3,10,0.39,1.3,2,0.395,1.3166,1569,0
SPY190729C302,2019-07-26,2019-07-26 09:41:04,0.4,1.3333,518,0.39,1.3,10,0.39,1.3,5,0.395,1.3166,1574,0
SPY190729C302,2019-07-26,2019-07-26 09:41:04,0.4,1.3333,641,0.39,1.3,97,0.39,1.3,5,0.395,1.3166,1574,0
SPY190729C302,2019-07-26,2019-07-26 09:41:05,0.4,1.3333,100,0.39,1.3,1275,0.39,1.3,5,0.395,1.3166,1574,0
SPY190729C302,2019-07-26,2019-07-26 09:41:05,0.4,1.3333,100,0.39,1.3,203,0.39,1.3,5,0.395,1.3166,1574,0
SPY190729C302,2019-07-26,2019-07-26 09:41:06,0.4,1.3333,100,0.39,1.3,1125,0.39,1.3,5,0.395,1.3166,1574,0
SPY190729C302,2019-07-26,2019-07-26 09:41:07,0.4,1.3333,438,0.39,1.3,627,0.39,1.3,5,0.395,1.3166,1574,0
SPY190729C302,2019-07-26,2019-07-26 09:41:07,0.4,1.3333,100,0.39,1.3,746,0.39,1.3,5,0.395,1.3166,1574,0
SPY190729C302,2019-07-26,2019-07-26 09:41:08,0.4,1.3333,438,0.39,1.3,441,0.39,1.3,5,0.395,1.3166,1574,0
SPY190729C302,2019-07-26,2019-07-26 09:41:08,0.4,1.3333,549,0.39,1.3,154,0.39,1.3,5,0.395,1.3166,1574,0
SPY190729C302,2019-07-26,2019-07-26 09:41:09,0.4,1.3333,504,0.39,1.3,154,0.39,1.3,5,0.395,1.3166,1574,0
SPY190729C302,2019-07-26,2019-07-26 09:41:09,0.4,1.3333,438,0.39,1.3,262,0.39,1.3,5,0.395,1.3166,1574,0
SPY190729C302,2019-07-26,2019-07-26 09:41:10,0.4,1.3333,916,0.39,1.3,10,0.39,1.3,5,0.395,1.3166,1574,0
SPY190729C302,2019-07-26,2019-07-26 09:41:11,0.4,1.3333,1372,0.39,1.3,10,0.39,1.3,5,0.395,1.3166,1574,0
SPY190729C302,2019-07-26,2019-07-26 09:41:11,0.4,1.3333,1220,0.39,1.3,10,0.39,1.3,5,0.395,1.3166,1574,0
SPY190729C302,2019-07-26,2019-07-26 09:41:12,0.4,1.3333,1372,0.39,1.3,6,0.39,1.3,1,0.395,1.3166,1583,9
SPY190729C302,2019-07-26,2019-07-26 09:41:12,0.4,1.3333,1372,0.39,1.3,1,0.39,1.3,1,0.395,1.3166,1583,0
SPY190729C302,2019-07-26,2019-07-26 09:41:13,0.4,1.3333,1372,0.39,1.3,1,0.39,1.3,1,0.395,1.3166,1583,0
SPY190729C302,2019-07-26,2019-07-26 09:41:13,0.39,1.3,527,0.38,1.2666,262,0.39,1.3,1,0.385,1.2833,1584,1
SPY190729C302,2019-07-26,2019-07-26 09:41:14,0.39,1.3,613,0.38,1.2666,222,0.39,1.3,1,0.385,1.2833,1584,0
SPY190729C302,2019-07-26,2019-07-26 09:41:14,0.39,1.3,553,0.38,1.2666,241,0.39,1.3,1,0.385,1.2833,1584,0
SPY190729C302,2019-07-26,2019-07-26 09:41:15,0.39,1.3,785,0.38,1.2666,241,0.39,1.3,1,0.385,1.2833,1584,0
SPY190729C302,2019-07-26,2019-07-26 09:41:16,0.39,1.3,266,0.38,1.2666,181,0.39,1.3,1,0.385,1.2833,1584,0
SPY190729C302,2019-07-26,2019-07-26 09:41:16,0.39,1.3,416,0.38,1.2666,73,0.38,1.2666,50,0.385,1.2833,1634,50
SPY190729C302,2019-07-26,2019-07-26 09:41:17,0.39,1.3,1269,0.38,1.2666,162,0.38,1.2666,50,0.385,1.2833,1634,0
SPY190729C302,2019-07-26,2019-07-26 09:41:17,0.39,1.3,1269,0.38,1.2666,5,0.38,1.2666,50,0.385,1.2833,1634,0
SPY190729C302,2019-07-26,2019-07-26 09:41:18,0.39,1.3,1269,0.38,1.2666,115,0.38,1.2666,50,0.385,1.2833,1634,0
SPY190729C302,2019-07-26,2019-07-26 09:41:19,0.39,1.3,1061,0.38,1.2666,162,0.38,1.2666,50,0.385,1.2833,1634,0
SPY190729C302,2019-07-26,2019-07-26 09:41:20,0.39,1.3,1016,0.38,1.2666,162,0.38,1.2666,50,0.385,1.2833,1634,0
SPY190729C302,2019-07-26,2019-07-26 09:41:20,0.39,1.3,1016,0.38,1.2666,191,0.38,1.2666,50,0.385,1.2833,1634,0
SPY190729C302,2019-07-26,2019-07-26 09:41:21,0.38,1.2666,699,0.37,1.2333,149,0.38,1.2666,5,0.375,1.25,1642,8
SPY190729C302,2019-07-26,2019-07-26 09:41:21,0.39,1.3,1016,0.38,1.2666,115,0.38,1.2666,50,0.385,1.2833,1634,0
SPY190729C302,2019-07-26,2019-07-26 09:41:22,0.38,1.2666,472,0.37,1.2333,463,0.38,1.2666,5,0.375,1.25,1642,0
SPY190729C302,2019-07-26,2019-07-26 09:41:22,0.38,1.2666,126,0.37,1.2333,249,0.38,1.2666,5,0.375,1.25,1642,0
SPY190729C302,2019-07-26,2019-07-26 09:41:23,0.38,1.2666,851,0.37,1.2333,209,0.38,1.2666,5,0.375,1.25,1642,0
SPY190729C302,2019-07-26,2019-07-26 09:41:23,0.39,1.3,1571,0.37,1.2333,463,0.38,1.2666,5,0.38,1.2666,1642,0
SPY190729C302,2019-07-26,2019-07-26 09:41:24,0.38,1.2666,861,0.37,1.2333,50,0.38,1.2666,5,0.375,1.25,1642,0
SPY190729C302,2019-07-26,2019-07-26 09:41:25,0.38,1.2666,921,0.37,1.2333,149,0.38,1.2666,5,0.375,1.25,1642,0
SPY190729C302,2019-07-26,2019-07-26 09:41:26,0.38,1.2666,921,0.37,1.2333,100,0.38,1.2666,5,0.375,1.25,1642,0
SPY190729C302,2019-07-26,2019-07-26 09:41:26,0.38,1.2666,845,0.36,1.2,583,0.38,1.2666,5,0.37,1.2333,1642,0
SPY190729C302,2019-07-26,2019-07-26 09:41:27,0.38,1.2666,1043,0.37,1.2333,5,0.38,1.2666,5,0.375,1.25,1642,0
SPY190729C302,2019-07-26,2019-07-26 09:41:27,0.38,1.2666,1607,0.37,1.2333,5,0.38,1.2666,5,0.375,1.25,1642,0
SPY190729C302,2019-07-26,2019-07-26 09:41:28,0.38,1.2666,1117,0.36,1.2,1303,0.38,1.2666,5,0.37,1.2333,1642,0
SPY190729C302,2019-07-26,2019-07-26 09:41:29,0.37,1.2333,105,0.36,1.2,768,0.38,1.2666,5,0.365,1.2166,1642,0
SPY190729C302,2019-07-26,2019-07-26 09:41:29,0.37,1.2333,72,0.36,1.2,768,0.38,1.2666,5,0.365,1.2166,1642,0
SPY190729C302,2019-07-26,2019-07-26 09:41:30,0.38,1.2666,1034,0.37,1.2333,5,0.38,1.2666,5,0.375,1.25,1642,0
SPY190729C302,2019-07-26,2019-07-26 09:41:30,0.38,1.2666,847,0.37,1.2333,5,0.38,1.2666,5,0.375,1.25,1642,0
SPY190729C302,2019-07-26,2019-07-26 09:41:31,0.38,1.2666,923,0.37,1.2333,6,0.38,1.2666,5,0.375,1.25,1642,0
SPY190729C302,2019-07-26,2019-07-26 09:41:31,0.38,1.2666,923,0.37,1.2333,139,0.38,1.2666,5,0.375,1.25,1642,0
SPY190729C302,2019-07-26,2019-07-26 09:41:32,0.38,1.2666,100,0.37,1.2333,352,0.38,1.2666,5,0.375,1.25,1642,0
SPY190729C302,2019-07-26,2019-07-26 09:41:32,0.38,1.2666,923,0.37,1.2333,163,0.38,1.2666,5,0.375,1.25,1642,0
SPY190729C302,2019-07-26,2019-07-26 09:41:33,0.38,1.2666,100,0.37,1.2333,196,0.38,1.2666,5,0.375,1.25,1642,0
SPY190729C302,2019-07-26,2019-07-26 09:41:33,0.38,1.2666,100,0.37,1.2333,256,0.38,1.2666,5,0.375,1.25,1642,0
SPY190729C302,2019-07-26,2019-07-26 09:41:34,0.38,1.2666,511,0.37,1.2333,555,0.38,1.2666,5,0.375,1.25,1642,0
SPY190729C302,2019-07-26,2019-07-26 09:41:35,0.38,1.2666,79,0.37,1.2333,689,0.38,1.2666,5,0.375,1.25,1642,0
SPY190729C302,2019-07-26,2019-07-26 09:41:35,0.38,1.2666,25,0.37,1.2333,689,0.38,1.2666,5,0.375,1.25,1642,0
SPY190729C302,2019-07-26,2019-07-26 09:41:36,0.38,1.2666,25,0.37,1.2333,593,0.38,1.2666,5,0.375,1.25,1642,0
SPY190729C302,2019-07-26,2019-07-26 09:41:37,0.38,1.2666,79,0.37,1.2333,755,0.38,1.2666,5,0.375,1.25,1642,0
SPY190729C302,2019-07-26,2019-07-26 09:41:37,0.38,1.2666,557,0.37,1.2333,255,0.38,1.2666,5,0.375,1.25,1642,0
SPY190729C302,2019-07-26,2019-07-26 09:41:38,0.38,1.2666,79,0.37,1.2333,441,0.38,1.2666,5,0.375,1.25,1642,0
SPY190729C302,2019-07-26,2019-07-26 09:41:38,0.38,1.2666,617,0.37,1.2333,253,0.38,1.2666,5,0.375,1.25,1642,0
SPY190729C302,2019-07-26,2019-07-26 09:41:39,0.38,1.2666,1,0.37,1.2333,1530,0.38,1.2666,5,0.375,1.25,1642,0
SPY190729C302,2019-07-26,2019-07-26 09:41:39,0.38,1.2666,1,0.37,1.2333,253,0.38,1.2666,5,0.375,1.25,1642,0
SPY190729C302,2019-07-26,2019-07-26 09:41:40,0.38,1.2666,1,0.37,1.2333,623,0.38,1.2666,5,0.375,1.25,1642,0
SPY190729C302,2019-07-26,2019-07-26 09:41:40,0.38,1.2666,1,0.37,1.2333,736,0.38,1.2666,5,0.375,1.25,1642,0
SPY190729C302,2019-07-26,2019-07-26 09:41:41,0.38,1.2666,1,0.37,1.2333,225,0.38,1.2666,5,0.375,1.25,1642,0
SPY190729C302,2019-07-26,2019-07-26 09:41:42,0.38,1.2666,1,0.37,1.2333,868,0.38,1.2666,5,0.375,1.25,1642,0
SPY190729C302,2019-07-26,2019-07-26 09:41:42,0.38,1.2666,90,0.37,1.2333,1020,0.38,1.2666,5,0.375,1.25,1642,0
SPY190729C302,2019-07-26,2019-07-26 09:41:43,0.38,1.2666,1,0.37,1.2333,1904,0.38,1.2666,5,0.375,1.25,1642,0
SPY190729C302,2019-07-26,2019-07-26 09:41:44,0.38,1.2666,1,0.37,1.2333,1828,0.38,1.2666,5,0.375,1.25,1642,0
SPY190729C302,2019-07-26,2019-07-26 09:41:44,0.38,1.2666,1,0.37,1.2333,1904,0.38,1.2666,5,0.375,1.25,1642,0
SPY190729C302,2019-07-26,2019-07-26 09:41:45,0.38,1.2666,1,0.37,1.2333,1828,0.38,1.2666,5,0.375,1.25,1642,0
SPY190729C302,2019-07-26,2019-07-26 09:41:46,0.38,1.2666,1,0.37,1.2333,1828,0.38,1.2666,5,0.375,1.25,1642,0
SPY190729C302,2019-07-26,2019-07-26 09:41:47,0.38,1.2666,1,0.37,1.2333,1828,0.38,1.2666,5,0.375,1.25,1642,0
SPY190729C302,2019-07-26,2019-07-26 09:41:48,0.39,1.3,54,0.38,1.2666,275,0.38,1.2666,1,0.385,1.2833,1643,1
SPY190729C302,2019-07-26,2019-07-26 09:41:48,0.39,1.3,130,0.38,1.2666,802,0.38,1.2666,1,0.385,1.2833,1643,0
SPY190729C302,2019-07-26,2019-07-26 09:41:49,0.39,1.3,140,0.38,1.2666,593,0.38,1.2666,1,0.385,1.2833,1643,0
SPY190729C302,2019-07-26,2019-07-26 09:41:49,0.39,1.3,150,0.38,1.2666,593,0.38,1.2666,1,0.385,1.2833,1643,0
SPY190729C302,2019-07-26,2019-07-26 09:41:50,0.39,1.3,832,0.38,1.2666,67,0.38,1.2666,1,0.385,1.2833,1643,0
SPY190729C302,2019-07-26,2019-07-26 09:41:50,0.39,1.3,140,0.38,1.2666,189,0.38,1.2666,1,0.385,1.2833,1643,0
SPY190729C302,2019-07-26,2019-07-26 09:41:51,0.39,1.3,1100,0.37,1.2333,616,0.38,1.2666,1,0.38,1.2666,1643,0
SPY190729C302,2019-07-26,2019-07-26 09:41:52,0.38,1.2666,602,0.37,1.2333,233,0.38,1.2666,1,0.375,1.25,1643,0
SPY190729C302,2019-07-26,2019-07-26 09:41:52,0.38,1.2666,938,0.37,1.2333,233,0.38,1.2666,1,0.375,1.25,1643,0
SPY190729C302,2019-07-26,2019-07-26 09:41:53,0.38,1.2666,938,0.37,1.2333,233,0.38,1.2666,1,0.375,1.25,1643,0
SPY190729C302,2019-07-26,2019-07-26 09:41:53,0.38,1.2666,1363,0.37,1.2333,233,0.38,1.2666,1,0.375,1.25,1643,0
SPY190729C302,2019-07-26,2019-07-26 09:41:54,0.38,1.2666,954,0.37,1.2333,256,0.38,1.2666,1,0.375,1.25,1643,0
SPY190729C302,2019-07-26,2019-07-26 09:41:55,0.38,1.2666,824,0.37,1.2333,69,0.38,1.2666,1,0.375,1.25,1643,0
SPY190729C302,2019-07-26,2019-07-26 09:41:56,0.38,1.2666,726,0.37,1.2333,125,0.38,1.2666,1,0.375,1.25,1643,0
SPY190729C302,2019-07-26,2019-07-26 09:41:56,0.38,1.2666,679,0.37,1.2333,214,0.38,1.2666,1,0.375,1.25,1643,0
SPY190729C302,2019-07-26,2019-07-26 09:41:57,0.38,1.2666,950,0.37,1.2333,214,0.38,1.2666,1,0.375,1.25,1643,0
SPY190729C302,2019-07-26,2019-07-26 09:41:57,0.38,1.2666,1266,0.37,1.2333,214,0.38,1.2666,1,0.375,1.25,1643,0
SPY190729C302,2019-07-26,2019-07-26 09:41:58,0.38,1.2666,950,0.37,1.2333,214,0.38,1.2666,1,0.375,1.25,1643,0
SPY190729C302,2019-07-26,2019-07-26 09:41:58,0.38,1.2666,1266,0.37,1.2333,214,0.38,1.2666,1,0.375,1.25,1643,0
SPY190729C302,2019-07-26,2019-07-26 09:41:59,0.38,1.2666,749,0.37,1.2333,214,0.38,1.2666,1,0.375,1.25,1643,0
SPY190729C302,2019-07-26,2019-07-26 09:42:00,0.38,1.2666,749,0.37,1.2333,214,0.38,1.2666,1,0.375,1.25,1643,0
SPY190729C302,2019-07-26,2019-07-26 09:42:01,0.38,1.2666,570,0.37,1.2333,439,0.38,1.2666,1,0.375,1.25,1643,0
SPY190729C302,2019-07-26,2019-07-26 09:42:01,0.38,1.2666,570,0.37,1.2333,593,0.38,1.2666,1,0.375,1.25,1643,0
SPY190729C302,2019-07-26,2019-07-26 09:42:02,0.38,1.2666,570,0.37,1.2333,271,0.38,1.2666,1,0.375,1.25,1643,0
SPY190729C302,2019-07-26,2019-07-26 09:42:03,0.38,1.2666,747,0.37,1.2333,214,0.38,1.2666,1,0.375,1.25,1643,0
SPY190729C302,2019-07-26,2019-07-26 09:42:03,0.38,1.2666,664,0.37,1.2333,214,0.38,1.2666,1,0.375,1.25,1643,0
SPY190729C302,2019-07-26,2019-07-26 09:42:04,0.38,1.2666,656,0.37,1.2333,214,0.38,1.2666,1,0.375,1.25,1643,0
SPY190729C302,2019-07-26,2019-07-26 09:42:04,0.38,1.2666,596,0.37,1.2333,289,0.38,1.2666,1,0.375,1.25,1643,0
SPY190729C302,2019-07-26,2019-07-26 09:42:05,0.38,1.2666,599,0.37,1.2333,217,0.38,1.2666,1,0.375,1.25,1643,0
SPY190729C302,2019-07-26,2019-07-26 09:42:06,0.38,1.2666,513,0.37,1.2333,185,0.38,1.2666,1,0.375,1.25,1643,0
SPY190729C302,2019-07-26,2019-07-26 09:42:06,0.38,1.2666,599,0.37,1.2333,214,0.38,1.2666,1,0.375,1.25,1643,0
SPY190729C302,2019-07-26,2019-07-26 09:42:07,0.38,1.2666,559,0.37,1.2333,685,0.38,1.2666,1,0.375,1.25,1643,0
SPY190729C302,2019-07-26,2019-07-26 09:42:07,0.38,1.2666,559,0.37,1.2333,1026,0.38,1.2666,1,0.375,1.25,1643,0
SPY190729C302,2019-07-26,2019-07-26 09:42:08,0.39,1.3,2085,0.37,1.2333,1346,0.38,1.2666,1,0.38,1.2666,1643,0
SPY190729C302,2019-07-26,2019-07-26 09:42:09,0.39,1.3,2085,0.37,1.2333,1346,0.38,1.2666,1,0.38,1.2666,1643,0
SPY190729C302,2019-07-26,2019-07-26 09:42:10,0.39,1.3,1446,0.38,1.2666,6,0.38,1.2666,1,0.385,1.2833,1643,0
SPY190729C302,2019-07-26,2019-07-26 09:42:10,0.39,1.3,715,0.38,1.2666,6,0.38,1.2666,1,0.385,1.2833,1643,0
SPY190729C302,2019-07-26,2019-07-26 09:42:11,0.39,1.3,1507,0.37,1.2333,1298,0.38,1.2666,1,0.38,1.2666,1643,0
SPY190729C302,2019-07-26,2019-07-26 09:42:11,0.39,1.3,1112,0.38,1.2666,6,0.38,1.2666,1,0.385,1.2833,1643,0
SPY190729C302,2019-07-26,2019-07-26 09:42:12,0.39,1.3,962,0.37,1.2333,1776,0.38,1.2666,1,0.38,1.2666,1643,0
SPY190729C302,2019-07-26,2019-07-26 09:42:12,0.39,1.3,1313,0.37,1.2333,1776,0.38,1.2666,1,0.38,1.2666,1643,0
SPY190729C302,2019-07-26,2019-07-26 09:42:13,0.39,1.3,1313,0.38,1.2666,88,0.38,1.2666,1,0.385,1.2833,1643,0
SPY190729C302,2019-07-26,2019-07-26 09:42:14,0.39,1.3,1326,0.37,1.2333,1373,0.37,1.2333,1,0.38,1.2666,1644,1
SPY190729C302,2019-07-26,2019-07-26 09:42:14,0.39,1.3,1326,0.37,1.2333,1373,0.38,1.2666,1,0.38,1.2666,1643,0
SPY190729C302,2019-07-26,2019-07-26 09:42:15,0.39,1.3,1459,0.37,1.2333,1373,0.37,1.2333,1,0.38,1.2666,1644,0
SPY190729C302,2019-07-26,2019-07-26 09:42:15,0.39,1.3,1504,0.37,1.2333,1373,0.37,1.2333,1,0.38,1.2666,1644,0
SPY190729C302,2019-07-26,2019-07-26 09:42:16,0.38,1.2666,583,0.37,1.2333,258,0.37,1.2333,1,0.375,1.25,1644,0
SPY190729C302,2019-07-26,2019-07-26 09:42:16,0.38,1.2666,653,0.37,1.2333,5,0.37,1.2333,1,0.375,1.25,1644,0
SPY190729C302,2019-07-26,2019-07-26 09:42:17,0.38,1.2666,689,0.37,1.2333,237,0.37,1.2333,1,0.375,1.25,1644,0
SPY190729C302,2019-07-26,2019-07-26 09:42:17,0.38,1.2666,689,0.37,1.2333,151,0.37,1.2333,1,0.375,1.25,1644,0
SPY190729C302,2019-07-26,2019-07-26 09:42:18,0.38,1.2666,689,0.37,1.2333,237,0.37,1.2333,1,0.375,1.25,1644,0
SPY190729C302,2019-07-26,2019-07-26 09:42:19,0.38,1.2666,706,0.37,1.2333,237,0.37,1.2333,1,0.375,1.25,1644,0
SPY190729C302,2019-07-26,2019-07-26 09:42:20,0.38,1.2666,706,0.37,1.2333,237,0.37,1.2333,1,0.375,1.25,1644,0
SPY190729C302,2019-07-26,2019-07-26 09:42:21,0.38,1.2666,679,0.37,1.2333,331,0.37,1.2333,1,0.375,1.25,1644,0
SPY190729C302,2019-07-26,2019-07-26 09:42:21,0.38,1.2666,706,0.37,1.2333,237,0.37,1.2333,1,0.375,1.25,1644,0
SPY190729C302,2019-07-26,2019-07-26 09:42:22,0.38,1.2666,584,0.37,1.2333,723,0.37,1.2333,1,0.375,1.25,1644,0
SPY190729C302,2019-07-26,2019-07-26 09:42:23,0.38,1.2666,506,0.37,1.2333,1297,0.37,1.2333,1,0.375,1.25,1644,0
SPY190729C302,2019-07-26,2019-07-26 09:42:23,0.38,1.2666,584,0.37,1.2333,1297,0.37,1.2333,1,0.375,1.25,1644,0
SPY190729C302,2019-07-26,2019-07-26 09:42:24,0.38,1.2666,506,0.37,1.2333,1297,0.37,1.2333,1,0.375,1.25,1644,0
SPY190729C302,2019-07-26,2019-07-26 09:42:25,0.38,1.2666,298,0.37,1.2333,209,0.37,1.2333,1,0.375,1.25,1644,0
SPY190729C302,2019-07-26,2019-07-26 09:42:25,0.38,1.2666,679,0.37,1.2333,209,0.37,1.2333,1,0.375,1.25,1644,0
SPY190729C302,2019-07-26,2019-07-26 09:42:26,0.38,1.2666,653,0.37,1.2333,157,0.37,1.2333,1,0.375,1.25,1644,0
SPY190729C302,2019-07-26,2019-07-26 09:42:26,0.38,1.2666,506,0.37,1.2333,717,0.37,1.2333,1,0.375,1.25,1644,0
SPY190729C302,2019-07-26,2019-07-26 09:42:27,0.38,1.2666,506,0.37,1.2333,57,0.37,1.2333,1,0.375,1.25,1644,0
SPY190729C302,2019-07-26,2019-07-26 09:42:28,0.39,1.3,679,0.38,1.2666,273,0.37,1.2333,1,0.385,1.2833,1644,0
SPY190729C302,2019-07-26,2019-07-26 09:42:28,0.39,1.3,679,0.38,1.2666,5,0.37,1.2333,1,0.385,1.2833,1644,0
SPY190729C302,2019-07-26,2019-07-26 09:42:29,0.39,1.3,161,0.38,1.2666,106,0.37,1.2333,1,0.385,1.2833,1644,0
SPY190729C302,2019-07-26,2019-07-26 09:42:29,0.39,1.3,679,0.38,1.2666,301,0.37,1.2333,1,0.385,1.2833,1644,0
SPY190729C302,2019-07-26,2019-07-26 09:42:30,0.39,1.3,711,0.38,1.2666,171,0.37,1.2333,1,0.385,1.2833,1644,0
SPY190729C302,2019-07-26,2019-07-26 09:42:30,0.39,1.3,641,0.38,1.2666,301,0.37,1.2333,1,0.385,1.2833,1644,0
SPY190729C302,2019-07-26,2019-07-26 09:42:31,0.39,1.3,1150,0.38,1.2666,143,0.37,1.2333,1,0.385,1.2833,1644,0
SPY190729C302,2019-07-26,2019-07-26 09:42:31,0.39,1.3,711,0.38,1.2666,143,0.37,1.2333,1,0.385,1.2833,1644,0
SPY190729C302,2019-07-26,2019-07-26 09:42:32,0.38,1.2666,16,0.37,1.2333,836,0.37,1.2333,1,0.375,1.25,1644,0
SPY190729C302,2019-07-26,2019-07-26 09:42:33,0.39,1.3,641,0.38,1.2666,359,0.37,1.2333,1,0.385,1.2833,1644,0
SPY190729C302,2019-07-26,2019-07-26 09:42:33,0.38,1.2666,16,0.37,1.2333,1246,0.37,1.2333,1,0.375,1.25,1644,0
SPY190729C302,2019-07-26,2019-07-26 09:42:34,0.39,1.3,641,0.38,1.2666,359,0.37,1.2333,1,0.385,1.2833,1644,0
SPY190729C302,2019-07-26,2019-07-26 09:42:34,0.39,1.3,641,0.38,1.2666,404,0.37,1.2333,1,0.385,1.2833,1644,0
SPY190729C302,2019-07-26,2019-07-26 09:42:35,0.39,1.3,641,0.38,1.2666,919,0.37,1.2333,1,0.385,1.2833,1644,0
SPY190729C302,2019-07-26,2019-07-26 09:42:35,0.39,1.3,641,0.38,1.2666,404,0.37,1.2333,1,0.385,1.2833,1644,0
SPY190729C302,2019-07-26,2019-07-26 09:42:36,0.39,1.3,641,0.38,1.2666,676,0.37,1.2333,1,0.385,1.2833,1644,0
SPY190729C302,2019-07-26,2019-07-26 09:42:36,0.39,1.3,641,0.38,1.2666,724,0.37,1.2333,1,0.385,1.2833,1644,0
SPY190729C302,2019-07-26,2019-07-26 09:42:37,0.39,1.3,81,0.38,1.2666,863,0.37,1.2333,1,0.385,1.2833,1644,0
SPY190729C302,2019-07-26,2019-07-26 09:42:38,0.4,1.3333,977,0.38,1.2666,863,0.37,1.2333,1,0.39,1.3,1644,0
SPY190729C302,2019-07-26,2019-07-26 09:42:39,0.4,1.3333,545,0.39,1.3,175,0.37,1.2333,1,0.395,1.3166,1644,0
SPY190729C302,2019-07-26,2019-07-26 09:42:39,0.4,1.3333,977,0.38,1.2666,1328,0.37,1.2333,1,0.39,1.3,1644,0
SPY190729C302,2019-07-26,2019-07-26 09:42:40,0.4,1.3333,545,0.39,1.3,175,0.37,1.2333,1,0.395,1.3166,1644,0
SPY190729C302,2019-07-26,2019-07-26 09:42:41,0.4,1.3333,561,0.39,1.3,243,0.37,1.2333,1,0.395,1.3166,1644,0
SPY190729C302,2019-07-26,2019-07-26 09:42:42,0.4,1.3333,561,0.39,1.3,628,0.4,1.3333,1,0.395,1.3166,1645,1
SPY190729C302,2019-07-26,2019-07-26 09:42:42,0.4,1.3333,561,0.39,1.3,750,0.37,1.2333,1,0.395,1.3166,1644,0
SPY190729C302,2019-07-26,2019-07-26 09:42:43,0.4,1.3333,561,0.39,1.3,628,0.4,1.3333,1,0.395,1.3166,1645,0
SPY190729C302,2019-07-26,2019-07-26 09:42:44,0.4,1.3333,466,0.39,1.3,628,0.4,1.3333,1,0.395,1.3166,1645,0
SPY190729C302,2019-07-26,2019-07-26 09:42:45,0.4,1.3333,77,0.39,1.3,1501,0.4,1.3333,1,0.395,1.3166,1645,0
SPY190729C302,2019-07-26,2019-07-26 09:42:45,0.4,1.3333,77,0.39,1.3,613,0.4,1.3333,1,0.395,1.3166,1645,0
SPY190729C302,2019-07-26,2019-07-26 09:42:46,0.4,1.3333,77,0.39,1.3,1501,0.4,1.3333,1,0.395,1.3166,1645,0
SPY190729C302,2019-07-26,2019-07-26 09:42:47,0.4,1.3333,77,0.39,1.3,1501,0.4,1.3333,1,0.395,1.3166,1645,0
SPY190729C302,2019-07-26,2019-07-26 09:42:47,0.4,1.3333,77,0.39,1.3,1588,0.4,1.3333,1,0.395,1.3166,1645,0
SPY190729C302,2019-07-26,2019-07-26 09:42:48,0.4,1.3333,40,0.39,1.3,1588,0.4,1.3333,1,0.395,1.3166,1646,1
SPY190729C302,2019-07-26,2019-07-26 09:42:48,0.42,1.4,939,0.4,1.3333,475,0.4,1.3333,5,0.41,1.3666,1708,62
SPY190729C302,2019-07-26,2019-07-26 09:42:49,0.42,1.4,939,0.4,1.3333,823,0.4,1.3333,5,0.41,1.3666,1708,0
SPY190729C302,2019-07-26,2019-07-26 09:42:50,0.42,1.4,1750,0.4,1.3333,1501,0.4,1.3333,5,0.41,1.3666,1708,0
SPY190729C302,2019-07-26,2019-07-26 09:42:51,0.42,1.4,1715,0.4,1.3333,1501,0.4,1.3333,5,0.41,1.3666,1708,0
SPY190729C302,2019-07-26,2019-07-26 09:42:51,0.42,1.4,1750,0.4,1.3333,1501,0.4,1.3333,5,0.41,1.3666,1708,0
SPY190729C302,2019-07-26,2019-07-26 09:42:52,0.42,1.4,1439,0.4,1.3333,1216,0.4,1.3333,5,0.41,1.3666,1708,0
SPY190729C302,2019-07-26,2019-07-26 09:42:52,0.41,1.3666,421,0.4,1.3333,150,0.4,1.3333,5,0.405,1.35,1708,0
SPY190729C302,2019-07-26,2019-07-26 09:42:53,0.42,1.4,1636,0.4,1.3333,802,0.4,1.3333,5,0.41,1.3666,1708,0
SPY190729C302,2019-07-26,2019-07-26 09:42:54,0.42,1.4,1676,0.4,1.3333,1432,0.4,1.3333,1,0.41,1.3666,1709,0
SPY190729C302,2019-07-26,2019-07-26 09:42:54,0.42,1.4,1636,0.4,1.3333,802,0.4,1.3333,1,0.41,1.3666,1709,1
SPY190729C302,2019-07-26,2019-07-26 09:42:55,0.42,1.4,1676,0.4,1.3333,1360,0.4,1.3333,1,0.41,1.3666,1709,0
SPY190729C302,2019-07-26,2019-07-26 09:42:55,0.42,1.4,1676,0.4,1.3333,581,0.4,1.3333,1,0.41,1.3666,1709,0
SPY190729C302,2019-07-26,2019-07-26 09:42:56,0.42,1.4,1634,0.4,1.3333,1252,0.4,1.3333,1,0.41,1.3666,1709,0
SPY190729C302,2019-07-26,2019-07-26 09:42:56,0.42,1.4,1676,0.4,1.3333,1160,0.4,1.3333,1,0.41,1.3666,1709,0
SPY190729C302,2019-07-26,2019-07-26 09:42:57,0.42,1.4,1634,0.4,1.3333,1160,0.4,1.3333,1,0.41,1.3666,1709,0
SPY190729C302,2019-07-26,2019-07-26 09:42:57,0.42,1.4,1634,0.4,1.3333,1252,0.4,1.3333,1,0.41,1.3666,1709,0
SPY190729C302,2019-07-26,2019-07-26 09:42:58,0.42,1.4,1533,0.4,1.3333,1190,0.4,1.3333,1,0.41,1.3666,1709,0
SPY190729C302,2019-07-26,2019-07-26 09:42:58,0.42,1.4,1533,0.4,1.3333,1282,0.4,1.3333,1,0.41,1.3666,1709,0
SPY190729C302,2019-07-26,2019-07-26 09:42:59,0.42,1.4,1533,0.4,1.3333,1190,0.4,1.3333,1,0.41,1.3666,1709,0
SPY190729C302,2019-07-26,2019-07-26 09:43:00,0.42,1.4,1671,0.4,1.3333,1160,0.4,1.3333,1,0.41,1.3666,1709,0
SPY190729C302,2019-07-26,2019-07-26 09:43:00,0.42,1.4,909,0.4,1.3333,136,0.4,1.3333,1,0.41,1.3666,1709,0
SPY190729C302,2019-07-26,2019-07-26 09:43:01,0.41,1.3666,898,0.4,1.3333,136,0.4,1.3333,1,0.405,1.35,1709,0
SPY190729C302,2019-07-26,2019-07-26 09:43:01,0.42,1.4,909,0.4,1.3333,136,0.4,1.3333,1,0.41,1.3666,1709,0
SPY190729C302,2019-07-26,2019-07-26 09:43:02,0.41,1.3666,778,0.4,1.3333,136,0.4,1.3333,1,0.405,1.35,1709,0
SPY190729C302,2019-07-26,2019-07-26 09:43:02,0.41,1.3666,718,0.4,1.3333,136,0.4,1.3333,1,0.405,1.35,1709,0
SPY190729C302,2019-07-26,2019-07-26 09:43:03,0.41,1.3666,718,0.4,1.3333,136,0.4,1.3333,1,0.405,1.35,1709,0
SPY190729C302,2019-07-26,2019-07-26 09:43:04,0.41,1.3666,718,0.4,1.3333,136,0.4,1.3333,1,0.405,1.35,1709,0
SPY190729C302,2019-07-26,2019-07-26 09:43:05,0.41,1.3666,718,0.4,1.3333,136,0.4,1.3333,1,0.405,1.35,1709,0
SPY190729C302,2019-07-26,2019-07-26 09:43:06,0.41,1.3666,718,0.4,1.3333,136,0.41,1.3666,1,0.405,1.35,1710,1
SPY190729C302,2019-07-26,2019-07-26 09:43:06,0.41,1.3666,718,0.4,1.3333,136,0.41,1.3666,1,0.405,1.35,1710,0
SPY190729C302,2019-07-26,2019-07-26 09:43:07,0.41,1.3666,718,0.4,1.3333,136,0.41,1.3666,1,0.405,1.35,1710,0
SPY190729C302,2019-07-26,2019-07-26 09:43:08,0.41,1.3666,718,0.4,1.3333,136,0.41,1.3666,1,0.405,1.35,1710,0
SPY190729C302,2019-07-26,2019-07-26 09:43:09,0.41,1.3666,1068,0.39,1.3,475,0.41,1.3666,1,0.4,1.3333,1710,0
SPY190729C302,2019-07-26,2019-07-26 09:43:09,0.4,1.3333,513,0.39,1.3,296,0.41,1.3666,1,0.395,1.3166,1710,0
SPY190729C302,2019-07-26,2019-07-26 09:43:10,0.4,1.3333,16,0.39,1.3,99,0.41,1.3666,1,0.395,1.3166,1710,0
SPY190729C302,2019-07-26,2019-07-26 09:43:10,0.41,1.3666,1375,0.39,1.3,99,0.41,1.3666,1,0.4,1.3333,1710,0
SPY190729C302,2019-07-26,2019-07-26 09:43:11,0.4,1.3333,549,0.38,1.2666,224,0.41,1.3666,1,0.39,1.3,1710,0
SPY190729C302,2019-07-26,2019-07-26 09:43:11,0.4,1.3333,417,0.39,1.3,136,0.41,1.3666,1,0.395,1.3166,1710,0
SPY190729C302,2019-07-26,2019-07-26 09:43:12,0.4,1.3333,955,0.38,1.2666,556,0.41,1.3666,1,0.39,1.3,1710,0
SPY190729C302,2019-07-26,2019-07-26 09:43:13,0.4,1.3333,715,0.39,1.3,76,0.41,1.3666,1,0.395,1.3166,1710,0
SPY190729C302,2019-07-26,2019-07-26 09:43:13,0.4,1.3333,653,0.38,1.2666,556,0.41,1.3666,1,0.39,1.3,1710,0
SPY190729C302,2019-07-26,2019-07-26 09:43:14,0.4,1.3333,715,0.39,1.3,33,0.41,1.3666,1,0.395,1.3166,1710,0
SPY190729C302,2019-07-26,2019-07-26 09:43:14,0.4,1.3333,715,0.39,1.3,107,0.41,1.3666,1,0.395,1.3166,1710,0
SPY190729C302,2019-07-26,2019-07-26 09:43:15,0.4,1.3333,606,0.39,1.3,109,0.41,1.3666,1,0.395,1.3166,1710,0
SPY190729C302,2019-07-26,2019-07-26 09:43:15,0.4,1.3333,606,0.39,1.3,142,0.41,1.3666,1,0.395,1.3166,1710,0
SPY190729C302,2019-07-26,2019-07-26 09:43:16,0.4,1.3333,160,0.39,1.3,1098,0.41,1.3666,1,0.395,1.3166,1710,0
SPY190729C302,2019-07-26,2019-07-26 09:43:16,0.4,1.3333,5,0.39,1.3,1098,0.41,1.3666,1,0.395,1.3166,1710,0
SPY190729C302,2019-07-26,2019-07-26 09:43:17,0.4,1.3333,5,0.39,1.3,1264,0.41,1.3666,1,0.395,1.3166,1710,0
SPY190729C302,2019-07-26,2019-07-26 09:43:18,0.41,1.3666,1897,0.39,1.3,1264,0.41,1.3666,1,0.4,1.3333,1710,0
SPY190729C302,2019-07-26,2019-07-26 09:43:19,0.41,1.3666,1897,0.39,1.3,1264,0.41,1.3666,1,0.4,1.3333,1710,0
SPY190729C302,2019-07-26,2019-07-26 09:43:20,0.41,1.3666,1563,0.39,1.3,1296,0.41,1.3666,1,0.4,1.3333,1710,0
SPY190729C302,2019-07-26,2019-07-26 09:43:21,0.41,1.3666,1563,0.39,1.3,1296,0.41,1.3666,1,0.4,1.3333,1710,0
SPY190729C302,2019-07-26,2019-07-26 09:43:22,0.41,1.3666,1563,0.39,1.3,1296,0.41,1.3666,1,0.4,1.3333,1710,0
SPY190729C302,2019-07-26,2019-07-26 09:43:23,0.41,1.3666,1563,0.39,1.3,1296,0.41,1.3666,1,0.4,1.3333,1710,0
SPY190729C302,2019-07-26,2019-07-26 09:43:24,0.41,1.3666,1563,0.39,1.3,1296,0.41,1.3666,1,0.4,1.3333,1710,0
SPY190729C302,2019-07-26,2019-07-26 09:43:24,0.4,1.3333,1,0.39,1.3,1296,0.41,1.3666,1,0.395,1.3166,1710,0
SPY190729C302,2019-07-26,2019-07-26 09:43:25,0.4,1.3333,1,0.39,1.3,1296,0.41,1.3666,1,0.395,1.3166,1710,0
SPY190729C302,2019-07-26,2019-07-26 09:43:26,0.4,1.3333,1,0.39,1.3,1296,0.41,1.3666,1,0.395,1.3166,1710,0
SPY190729C302,2019-07-26,2019-07-26 09:43:27,0.4,1.3333,1,0.39,1.3,1296,0.41,1.3666,1,0.395,1.3166,1710,0
SPY190729C302,2019-07-26,2019-07-26 09:43:28,0.4,1.3333,360,0.39,1.3,63,0.41,1.3666,1,0.395,1.3166,1710,0
SPY190729C302,2019-07-26,2019-07-26 09:43:28,0.4,1.3333,548,0.39,1.3,268,0.41,1.3666,1,0.395,1.3166,1710,0
SPY190729C302,2019-07-26,2019-07-26 09:43:29,0.4,1.3333,525,0.39,1.3,154,0.41,1.3666,1,0.395,1.3166,1710,0
SPY190729C302,2019-07-26,2019-07-26 09:43:29,0.4,1.3333,551,0.39,1.3,214,0.41,1.3666,1,0.395,1.3166,1710,0
SPY190729C302,2019-07-26,2019-07-26 09:43:30,0.4,1.3333,421,0.39,1.3,214,0.41,1.3666,1,0.395,1.3166,1710,0
SPY190729C302,2019-07-26,2019-07-26 09:43:31,0.4,1.3333,2,0.39,1.3,303,0.41,1.3666,1,0.395,1.3166,1710,0
SPY190729C302,2019-07-26,2019-07-26 09:43:31,0.4,1.3333,10,0.39,1.3,465,0.41,1.3666,1,0.395,1.3166,1710,0
SPY190729C302,2019-07-26,2019-07-26 09:43:32,0.4,1.3333,108,0.39,1.3,209,0.41,1.3666,1,0.395,1.3166,1710,0
SPY190729C302,2019-07-26,2019-07-26 09:43:33,0.4,1.3333,108,0.39,1.3,1058,0.41,1.3666,1,0.395,1.3166,1710,0
SPY190729C302,2019-07-26,2019-07-26 09:43:33,0.4,1.3333,463,0.39,1.3,498,0.41,1.3666,1,0.395,1.3166,1710,0
SPY190729C302,2019-07-26,2019-07-26 09:43:34,0.4,1.3333,108,0.39,1.3,1130,0.41,1.3666,1,0.395,1.3166,1710,0
SPY190729C302,2019-07-26,2019-07-26 09:43:35,0.4,1.3333,108,0.39,1.3,1375,0.41,1.3666,1,0.395,1.3166,1710,0
SPY190729C302,2019-07-26,2019-07-26 09:43:36,0.4,1.3333,108,0.39,1.3,1375,0.41,1.3666,1,0.395,1.3166,1710,0
SPY190729C302,2019-07-26,2019-07-26 09:43:37,0.4,1.3333,2,0.39,1.3,1375,0.41,1.3666,1,0.395,1.3166,1710,0
SPY190729C302,2019-07-26,2019-07-26 09:43:38,0.4,1.3333,2,0.39,1.3,1375,0.41,1.3666,1,0.395,1.3166,1710,0
SPY190729C302,2019-07-26,2019-07-26 09:43:38,0.4,1.3333,2,0.39,1.3,1278,0.41,1.3666,1,0.395,1.3166,1710,0
SPY190729C302,2019-07-26,2019-07-26 09:43:39,0.4,1.3333,2,0.39,1.3,1389,0.41,1.3666,1,0.395,1.3166,1710,0
SPY190729C302,2019-07-26,2019-07-26 09:43:39,0.4,1.3333,2,0.39,1.3,754,0.41,1.3666,1,0.395,1.3166,1710,0
SPY190729C302,2019-07-26,2019-07-26 09:43:40,0.4,1.3333,2,0.39,1.3,754,0.41,1.3666,1,0.395,1.3166,1710,0
SPY190729C302,2019-07-26,2019-07-26 09:43:41,0.4,1.3333,10,0.39,1.3,754,0.41,1.3666,1,0.395,1.3166,1710,0
SPY190729C302,2019-07-26,2019-07-26 09:43:41,0.4,1.3333,10,0.39,1.3,1389,0.41,1.3666,1,0.395,1.3166,1710,0
SPY190729C302,2019-07-26,2019-07-26 09:43:42,0.4,1.3333,2,0.39,1.3,804,0.41,1.3666,1,0.395,1.3166,1710,0
SPY190729C302,2019-07-26,2019-07-26 09:43:42,0.4,1.3333,2,0.39,1.3,1389,0.41,1.3666,1,0.395,1.3166,1710,0
SPY190729C302,2019-07-26,2019-07-26 09:43:43,0.4,1.3333,2,0.39,1.3,1201,0.41,1.3666,1,0.395,1.3166,1710,0
SPY190729C302,2019-07-26,2019-07-26 09:43:43,0.4,1.3333,2,0.39,1.3,1389,0.41,1.3666,1,0.395,1.3166,1710,0
SPY190729C302,2019-07-26,2019-07-26 09:43:44,0.4,1.3333,59,0.39,1.3,1389,0.41,1.3666,1,0.395,1.3166,1710,0
SPY190729C302,2019-07-26,2019-07-26 09:43:45,0.4,1.3333,59,0.39,1.3,1364,0.41,1.3666,1,0.395,1.3166,1710,0
SPY190729C302,2019-07-26,2019-07-26 09:43:46,0.4,1.3333,1,0.39,1.3,1364,0.41,1.3666,1,0.395,1.3166,1710,0
SPY190729C302,2019-07-26,2019-07-26 09:43:46,0.4,1.3333,65,0.39,1.3,1364,0.41,1.3666,1,0.395,1.3166,1710,0
SPY190729C302,2019-07-26,2019-07-26 09:43:47,0.4,1.3333,16,0.39,1.3,1350,0.41,1.3666,1,0.395,1.3166,1710,0
SPY190729C302,2019-07-26,2019-07-26 09:43:48,0.4,1.3333,16,0.39,1.3,682,0.41,1.3666,1,0.395,1.3166,1710,0
SPY190729C302,2019-07-26,2019-07-26 09:43:48,0.4,1.3333,470,0.39,1.3,303,0.41,1.3666,1,0.395,1.3166,1710,0
SPY190729C302,2019-07-26,2019-07-26 09:43:49,0.4,1.3333,16,0.39,1.3,682,0.41,1.3666,1,0.395,1.3166,1710,0
SPY190729C302,2019-07-26,2019-07-26 09:43:50,0.4,1.3333,10,0.39,1.3,778,0.39,1.3,2,0.395,1.3166,1712,2
SPY190729C302,2019-07-26,2019-07-26 09:43:51,0.4,1.3333,361,0.39,1.3,778,0.39,1.3,2,0.395,1.3166,1712,0
SPY190729C302,2019-07-26,2019-07-26 09:43:51,0.4,1.3333,6,0.39,1.3,864,0.39,1.3,2,0.395,1.3166,1712,0
SPY190729C302,2019-07-26,2019-07-26 09:43:52,0.4,1.3333,16,0.39,1.3,864,0.39,1.3,2,0.395,1.3166,1712,0
SPY190729C302,2019-07-26,2019-07-26 09:43:52,0.4,1.3333,473,0.39,1.3,241,0.39,1.3,2,0.395,1.3166,1712,0
SPY190729C302,2019-07-26,2019-07-26 09:43:53,0.4,1.3333,473,0.39,1.3,241,0.39,1.3,2,0.395,1.3166,1712,0
SPY190729C302,2019-07-26,2019-07-26 09:43:53,0.4,1.3333,463,0.39,1.3,241,0.39,1.3,1,0.395,1.3166,1713,1
SPY190729C302,2019-07-26,2019-07-26 09:43:54,0.4,1.3333,654,0.39,1.3,100,0.39,1.3,1,0.395,1.3166,1713,0
SPY190729C302,2019-07-26,2019-07-26 09:43:54,0.4,1.3333,737,0.39,1.3,241,0.39,1.3,1,0.395,1.3166,1713,0
SPY190729C302,2019-07-26,2019-07-26 09:43:55,0.4,1.3333,980,0.38,1.2666,428,0.39,1.3,1,0.39,1.3,1713,0
SPY190729C302,2019-07-26,2019-07-26 09:43:56,0.39,1.3,411,0.38,1.2666,632,0.38,1.2666,1,0.385,1.2833,1714,1
SPY190729C302,2019-07-26,2019-07-26 09:43:56,0.4,1.3333,980,0.38,1.2666,490,0.39,1.3,1,0.39,1.3,1713,0
SPY190729C302,2019-07-26,2019-07-26 09:43:57,0.4,1.3333,552,0.39,1.3,5,0.38,1.2666,1,0.395,1.3166,1714,0
SPY190729C302,2019-07-26,2019-07-26 09:43:57,0.4,1.3333,552,0.39,1.3,168,0.38,1.2666,1,0.395,1.3166,1714,0
SPY190729C302,2019-07-26,2019-07-26 09:43:58,0.4,1.3333,552,0.39,1.3,199,0.38,1.2666,1,0.395,1.3166,1714,0
SPY190729C302,2019-07-26,2019-07-26 09:43:59,0.4,1.3333,552,0.39,1.3,177,0.38,1.2666,1,0.395,1.3166,1714,0
SPY190729C302,2019-07-26,2019-07-26 09:43:59,0.4,1.3333,487,0.39,1.3,912,0.38,1.2666,1,0.395,1.3166,1714,0
SPY190729C302,2019-07-26,2019-07-26 09:44:00,0.4,1.3333,16,0.39,1.3,862,0.38,1.2666,1,0.395,1.3166,1714,0
SPY190729C302,2019-07-26,2019-07-26 09:44:01,0.4,1.3333,1,0.39,1.3,937,0.38,1.2666,1,0.395,1.3166,1714,0
SPY190729C302,2019-07-26,2019-07-26 09:44:01,0.4,1.3333,28,0.39,1.3,283,0.38,1.2666,1,0.395,1.3166,1714,0
SPY190729C302,2019-07-26,2019-07-26 09:44:02,0.4,1.3333,1,0.39,1.3,1304,0.38,1.2666,1,0.395,1.3166,1714,0
SPY190729C302,2019-07-26,2019-07-26 09:44:02,0.4,1.3333,1,0.39,1.3,996,0.38,1.2666,1,0.395,1.3166,1714,0
SPY190729C302,2019-07-26,2019-07-26 09:44:03,0.4,1.3333,1,0.39,1.3,1304,0.38,1.2666,1,0.395,1.3166,1714,0
SPY190729C302,2019-07-26,2019-07-26 09:44:03,0.4,1.3333,2,0.39,1.3,1304,0.38,1.2666,1,0.395,1.3166,1714,0
SPY190729C302,2019-07-26,2019-07-26 09:44:04,0.4,1.3333,2,0.39,1.3,1304,0.38,1.2666,1,0.395,1.3166,1714,0
SPY190729C302,2019-07-26,2019-07-26 09:44:05,0.4,1.3333,2,0.39,1.3,1304,0.38,1.2666,1,0.395,1.3166,1714,0
SPY190729C302,2019-07-26,2019-07-26 09:44:06,0.4,1.3333,6,0.39,1.3,705,0.38,1.2666,1,0.395,1.3166,1714,0
SPY190729C302,2019-07-26,2019-07-26 09:44:06,0.4,1.3333,84,0.39,1.3,1112,0.38,1.2666,1,0.395,1.3166,1714,0
SPY190729C302,2019-07-26,2019-07-26 09:44:07,0.4,1.3333,6,0.39,1.3,980,0.38,1.2666,1,0.395,1.3166,1714,0
SPY190729C302,2019-07-26,2019-07-26 09:44:08,0.4,1.3333,6,0.39,1.3,1320,0.38,1.2666,1,0.395,1.3166,1714,0
SPY190729C302,2019-07-26,2019-07-26 09:44:09,0.4,1.3333,6,0.39,1.3,988,0.38,1.2666,1,0.395,1.3166,1714,0
SPY190729C302,2019-07-26,2019-07-26 09:44:09,0.4,1.3333,6,0.39,1.3,1320,0.38,1.2666,1,0.395,1.3166,1714,0
SPY190729C302,2019-07-26,2019-07-26 09:44:10,0.4,1.3333,6,0.39,1.3,1320,0.38,1.2666,1,0.395,1.3166,1714,0
SPY190729C302,2019-07-26,2019-07-26 09:44:10,0.4,1.3333,52,0.39,1.3,1145,0.38,1.2666,1,0.395,1.3166,1714,0
SPY190729C302,2019-07-26,2019-07-26 09:44:11,0.4,1.3333,52,0.39,1.3,1145,0.38,1.2666,1,0.395,1.3166,1714,0
SPY190729C302,2019-07-26,2019-07-26 09:44:11,0.4,1.3333,569,0.39,1.3,255,0.38,1.2666,1,0.395,1.3166,1714,0
SPY190729C302,2019-07-26,2019-07-26 09:44:12,0.4,1.3333,669,0.39,1.3,195,0.38,1.2666,1,0.395,1.3166,1714,0
SPY190729C302,2019-07-26,2019-07-26 09:44:13,0.4,1.3333,629,0.39,1.3,195,0.38,1.2666,1,0.395,1.3166,1714,0
SPY190729C302,2019-07-26,2019-07-26 09:44:14,0.4,1.3333,629,0.39,1.3,195,0.38,1.2666,1,0.395,1.3166,1714,0
SPY190729C302,2019-07-26,2019-07-26 09:44:15,0.4,1.3333,629,0.39,1.3,124,0.38,1.2666,1,0.395,1.3166,1714,0
SPY190729C302,2019-07-26,2019-07-26 09:44:15,0.4,1.3333,1069,0.39,1.3,124,0.38,1.2666,1,0.395,1.3166,1714,0
SPY190729C302,2019-07-26,2019-07-26 09:44:16,0.4,1.3333,1069,0.39,1.3,124,0.38,1.2666,1,0.395,1.3166,1714,0
SPY190729C302,2019-07-26,2019-07-26 09:44:16,0.4,1.3333,1029,0.38,1.2666,1948,0.38,1.2666,1,0.39,1.3,1714,0
SPY190729C302,2019-07-26,2019-07-26 09:44:17,0.4,1.3333,645,0.39,1.3,115,0.38,1.2666,1,0.395,1.3166,1714,0
SPY190729C302,2019-07-26,2019-07-26 09:44:18,0.4,1.3333,1054,0.39,1.3,115,0.38,1.2666,1,0.395,1.3166,1714,0
SPY190729C302,2019-07-26,2019-07-26 09:44:18,0.4,1.3333,569,0.39,1.3,115,0.38,1.2666,1,0.395,1.3166,1714,0
SPY190729C302,2019-07-26,2019-07-26 09:44:19,0.4,1.3333,629,0.39,1.3,118,0.38,1.2666,1,0.395,1.3166,1714,0
SPY190729C302,2019-07-26,2019-07-26 09:44:19,0.4,1.3333,269,0.39,1.3,115,0.38,1.2666,1,0.395,1.3166,1714,0
SPY190729C302,2019-07-26,2019-07-26 09:44:20,0.4,1.3333,308,0.39,1.3,115,0.38,1.2666,1,0.395,1.3166,1714,0
SPY190729C302,2019-07-26,2019-07-26 09:44:20,0.4,1.3333,578,0.39,1.3,115,0.38,1.2666,1,0.395,1.3166,1714,0
SPY190729C302,2019-07-26,2019-07-26 09:44:21,0.4,1.3333,324,0.39,1.3,115,0.38,1.2666,1,0.395,1.3166,1714,0
SPY190729C302,2019-07-26,2019-07-26 09:44:22,0.4,1.3333,1089,0.38,1.2666,1196,0.4,1.3333,2,0.39,1.3,1716,2
SPY190729C302,2019-07-26,2019-07-26 09:44:22,0.4,1.3333,1078,0.38,1.2666,665,0.4,1.3333,2,0.39,1.3,1716,0
SPY190729C302,2019-07-26,2019-07-26 09:44:23,0.39,1.3,591,0.38,1.2666,248,0.4,1.3333,2,0.385,1.2833,1716,0
SPY190729C302,2019-07-26,2019-07-26 09:44:23,0.4,1.3333,698,0.39,1.3,40,0.4,1.3333,2,0.395,1.3166,1716,0
SPY190729C302,2019-07-26,2019-07-26 09:44:24,0.39,1.3,591,0.38,1.2666,248,0.4,1.3333,2,0.385,1.2833,1716,0
SPY190729C302,2019-07-26,2019-07-26 09:44:24,0.39,1.3,591,0.38,1.2666,248,0.39,1.3,5,0.385,1.2833,1721,5
SPY190729C302,2019-07-26,2019-07-26 09:44:25,0.39,1.3,531,0.38,1.2666,248,0.39,1.3,5,0.385,1.2833,1721,0
SPY190729C302,2019-07-26,2019-07-26 09:44:26,0.39,1.3,152,0.38,1.2666,248,0.39,1.3,5,0.385,1.2833,1721,0
SPY190729C302,2019-07-26,2019-07-26 09:44:26,0.39,1.3,171,0.38,1.2666,248,0.39,1.3,5,0.385,1.2833,1721,0
SPY190729C302,2019-07-26,2019-07-26 09:44:27,0.39,1.3,152,0.38,1.2666,248,0.39,1.3,5,0.385,1.2833,1721,0
SPY190729C302,2019-07-26,2019-07-26 09:44:28,0.39,1.3,152,0.38,1.2666,228,0.39,1.3,5,0.385,1.2833,1721,0
SPY190729C302,2019-07-26,2019-07-26 09:44:28,0.39,1.3,152,0.38,1.2666,261,0.39,1.3,5,0.385,1.2833,1721,0
SPY190729C302,2019-07-26,2019-07-26 09:44:29,0.39,1.3,171,0.38,1.2666,228,0.39,1.3,5,0.385,1.2833,1721,0
SPY190729C302,2019-07-26,2019-07-26 09:44:29,0.39,1.3,261,0.38,1.2666,228,0.39,1.3,5,0.385,1.2833,1721,0
SPY190729C302,2019-07-26,2019-07-26 09:44:30,0.39,1.3,309,0.38,1.2666,228,0.39,1.3,5,0.385,1.2833,1721,0
SPY190729C302,2019-07-26,2019-07-26 09:44:31,0.39,1.3,200,0.38,1.2666,272,0.39,1.3,5,0.385,1.2833,1721,0
SPY190729C302,2019-07-26,2019-07-26 09:44:31,0.39,1.3,200,0.38,1.2666,261,0.39,1.3,5,0.385,1.2833,1721,0
SPY190729C302,2019-07-26,2019-07-26 09:44:32,0.4,1.3333,821,0.38,1.2666,805,0.39,1.3,5,0.39,1.3,1721,0
SPY190729C302,2019-07-26,2019-07-26 09:44:32,0.39,1.3,152,0.38,1.2666,709,0.39,1.3,5,0.385,1.2833,1721,0
SPY190729C302,2019-07-26,2019-07-26 09:44:33,0.4,1.3333,628,0.39,1.3,88,0.39,1.3,5,0.395,1.3166,1721,0
SPY190729C302,2019-07-26,2019-07-26 09:44:33,0.4,1.3333,624,0.39,1.3,88,0.39,1.3,5,0.395,1.3166,1721,0
SPY190729C302,2019-07-26,2019-07-26 09:44:34,0.4,1.3333,628,0.39,1.3,88,0.39,1.3,5,0.395,1.3166,1721,0
SPY190729C302,2019-07-26,2019-07-26 09:44:35,0.4,1.3333,618,0.39,1.3,150,0.39,1.3,5,0.395,1.3166,1721,0
SPY190729C302,2019-07-26,2019-07-26 09:44:35,0.4,1.3333,618,0.39,1.3,97,0.39,1.3,5,0.395,1.3166,1721,0
SPY190729C302,2019-07-26,2019-07-26 09:44:36,0.4,1.3333,618,0.39,1.3,90,0.39,1.3,5,0.395,1.3166,1721,0
SPY190729C302,2019-07-26,2019-07-26 09:44:36,0.4,1.3333,618,0.39,1.3,150,0.39,1.3,5,0.395,1.3166,1721,0
SPY190729C302,2019-07-26,2019-07-26 09:44:37,0.4,1.3333,618,0.39,1.3,92,0.39,1.3,60,0.395,1.3166,1781,60
SPY190729C302,2019-07-26,2019-07-26 09:44:37,0.4,1.3333,628,0.39,1.3,85,0.39,1.3,5,0.395,1.3166,1721,0
SPY190729C302,2019-07-26,2019-07-26 09:44:38,0.4,1.3333,618,0.39,1.3,92,0.39,1.3,60,0.395,1.3166,1781,0
SPY190729C302,2019-07-26,2019-07-26 09:44:38,0.4,1.3333,618,0.39,1.3,86,0.39,1.3,60,0.395,1.3166,1781,0
SPY190729C302,2019-07-26,2019-07-26 09:44:39,0.4,1.3333,618,0.39,1.3,146,0.39,1.3,60,0.395,1.3166,1781,0
SPY190729C302,2019-07-26,2019-07-26 09:44:40,0.4,1.3333,618,0.39,1.3,86,0.39,1.3,60,0.395,1.3166,1781,0
SPY190729C302,2019-07-26,2019-07-26 09:44:41,0.4,1.3333,628,0.39,1.3,81,0.39,1.3,60,0.395,1.3166,1781,0
SPY190729C302,2019-07-26,2019-07-26 09:44:42,0.4,1.3333,628,0.39,1.3,81,0.39,1.3,60,0.395,1.3166,1781,0
SPY190729C302,2019-07-26,2019-07-26 09:44:42,0.4,1.3333,628,0.39,1.3,5,0.39,1.3,60,0.395,1.3166,1781,0
SPY190729C302,2019-07-26,2019-07-26 09:44:43,0.4,1.3333,198,0.39,1.3,169,0.39,1.3,60,0.395,1.3166,1781,0
SPY190729C302,2019-07-26,2019-07-26 09:44:43,0.4,1.3333,532,0.39,1.3,172,0.39,1.3,60,0.395,1.3166,1781,0
SPY190729C302,2019-07-26,2019-07-26 09:44:44,0.4,1.3333,126,0.39,1.3,169,0.39,1.3,60,0.395,1.3166,1781,0
SPY190729C302,2019-07-26,2019-07-26 09:44:45,0.4,1.3333,126,0.39,1.3,169,0.39,1.3,60,0.395,1.3166,1781,0
SPY190729C302,2019-07-26,2019-07-26 09:44:45,0.4,1.3333,536,0.39,1.3,169,0.39,1.3,60,0.395,1.3166,1781,0
SPY190729C302,2019-07-26,2019-07-26 09:44:46,0.4,1.3333,516,0.39,1.3,103,0.39,1.3,60,0.395,1.3166,1781,0
SPY190729C302,2019-07-26,2019-07-26 09:44:46,0.4,1.3333,490,0.39,1.3,169,0.39,1.3,60,0.395,1.3166,1781,0
SPY190729C302,2019-07-26,2019-07-26 09:44:47,0.4,1.3333,516,0.39,1.3,145,0.39,1.3,60,0.395,1.3166,1781,0
SPY190729C302,2019-07-26,2019-07-26 09:44:47,0.4,1.3333,162,0.39,1.3,245,0.39,1.3,60,0.395,1.3166,1781,0
SPY190729C302,2019-07-26,2019-07-26 09:44:48,0.4,1.3333,516,0.39,1.3,205,0.39,1.3,60,0.395,1.3166,1781,0
SPY190729C302,2019-07-26,2019-07-26 09:44:49,0.4,1.3333,516,0.39,1.3,205,0.39,1.3,60,0.395,1.3166,1781,0
SPY190729C302,2019-07-26,2019-07-26 09:44:49,0.4,1.3333,526,0.39,1.3,103,0.39,1.3,60,0.395,1.3166,1781,0
SPY190729C302,2019-07-26,2019-07-26 09:44:50,0.4,1.3333,526,0.39,1.3,103,0.39,1.3,60,0.395,1.3166,1781,0
SPY190729C302,2019-07-26,2019-07-26 09:44:51,0.4,1.3333,526,0.39,1.3,103,0.39,1.3,60,0.395,1.3166,1781,0
SPY190729C302,2019-07-26,2019-07-26 09:44:51,0.4,1.3333,516,0.39,1.3,216,0.39,1.3,60,0.395,1.3166,1781,0
SPY190729C302,2019-07-26,2019-07-26 09:44:52,0.4,1.3333,244,0.39,1.3,216,0.39,1.3,60,0.395,1.3166,1781,0
SPY190729C302,2019-07-26,2019-07-26 09:44:52,0.4,1.3333,516,0.39,1.3,216,0.39,1.3,60,0.395,1.3166,1781,0
SPY190729C302,2019-07-26,2019-07-26 09:44:53,0.4,1.3333,274,0.39,1.3,216,0.39,1.3,60,0.395,1.3166,1781,0
SPY190729C302,2019-07-26,2019-07-26 09:44:54,0.4,1.3333,274,0.39,1.3,216,0.39,1.3,60,0.395,1.3166,1781,0
