symbol,Date,quote_time,ask_price,norm_ask_price,ask_size,bid_price,norm_bid_price,bid_size,last_trade_price,norm_last_trade_price,last_trade_size,mark_price,norm_mark_price,volume,Volume
IWM190920P154,2019-09-16,2019-09-16 09:30:00,0.57,1.0,15,0.49,0.8596,115,0.48,0.8421,3,0.53,0.9298,0,0
IWM190920P154,2019-09-16,2019-09-16 09:30:01,0.57,1.0,15,0.51,0.8947,115,0.48,0.8421,3,0.54,0.9473,0,0
IWM190920P154,2019-09-16,2019-09-16 09:30:02,0.57,1.0,15,0.51,0.8947,115,0.48,0.8421,3,0.54,0.9473,0,0
IWM190920P154,2019-09-16,2019-09-16 09:30:02,0.56,0.9824,15,0.5,0.8771,75,0.48,0.8421,3,0.53,0.9298,0,0
IWM190920P154,2019-09-16,2019-09-16 09:30:03,0.56,0.9824,15,0.51,0.8947,100,0.48,0.8421,3,0.535,0.9385,0,0
IWM190920P154,2019-09-16,2019-09-16 09:30:03,0.56,0.9824,15,0.5,0.8771,30,0.48,0.8421,3,0.53,0.9298,0,0
IWM190920P154,2019-09-16,2019-09-16 09:30:04,0.56,0.9824,15,0.51,0.8947,100,0.48,0.8421,3,0.535,0.9385,0,0
IWM190920P154,2019-09-16,2019-09-16 09:30:04,0.56,0.9824,30,0.49,0.8596,30,0.48,0.8421,3,0.525,0.921,0,0
IWM190920P154,2019-09-16,2019-09-16 09:30:05,0.56,0.9824,70,0.5,0.8771,60,0.48,0.8421,3,0.53,0.9298,0,0
IWM190920P154,2019-09-16,2019-09-16 09:30:05,0.56,0.9824,60,0.49,0.8596,75,0.48,0.8421,3,0.525,0.921,0,0
IWM190920P154,2019-09-16,2019-09-16 09:30:06,0.55,0.9649,266,0.5,0.8771,60,0.48,0.8421,3,0.525,0.921,0,0
IWM190920P154,2019-09-16,2019-09-16 09:30:06,0.55,0.9649,139,0.5,0.8771,60,0.48,0.8421,3,0.525,0.921,0,0
IWM190920P154,2019-09-16,2019-09-16 09:30:07,0.55,0.9649,381,0.5,0.8771,389,0.48,0.8421,3,0.525,0.921,0,0
IWM190920P154,2019-09-16,2019-09-16 09:30:07,0.55,0.9649,370,0.5,0.8771,315,0.48,0.8421,3,0.525,0.921,0,0
IWM190920P154,2019-09-16,2019-09-16 09:30:08,0.55,0.9649,716,0.5,0.8771,230,0.48,0.8421,3,0.525,0.921,0,0
IWM190920P154,2019-09-16,2019-09-16 09:30:08,0.55,0.9649,509,0.5,0.8771,139,0.48,0.8421,3,0.525,0.921,0,0
IWM190920P154,2019-09-16,2019-09-16 09:30:09,0.55,0.9649,205,0.51,0.8947,100,0.48,0.8421,3,0.53,0.9298,0,0
IWM190920P154,2019-09-16,2019-09-16 09:30:09,0.55,0.9649,509,0.51,0.8947,100,0.48,0.8421,3,0.53,0.9298,0,0
IWM190920P154,2019-09-16,2019-09-16 09:30:10,0.55,0.9649,205,0.51,0.8947,100,0.48,0.8421,3,0.53,0.9298,0,0
IWM190920P154,2019-09-16,2019-09-16 09:30:10,0.54,0.9473,43,0.51,0.8947,100,0.48,0.8421,3,0.525,0.921,0,0
IWM190920P154,2019-09-16,2019-09-16 09:30:11,0.54,0.9473,14,0.51,0.8947,100,0.48,0.8421,3,0.525,0.921,0,0
IWM190920P154,2019-09-16,2019-09-16 09:30:11,0.54,0.9473,36,0.51,0.8947,100,0.48,0.8421,3,0.525,0.921,0,0
IWM190920P154,2019-09-16,2019-09-16 09:30:12,0.54,0.9473,14,0.51,0.8947,277,0.48,0.8421,3,0.525,0.921,0,0
IWM190920P154,2019-09-16,2019-09-16 09:30:12,0.54,0.9473,14,0.51,0.8947,227,0.48,0.8421,3,0.525,0.921,0,0
IWM190920P154,2019-09-16,2019-09-16 09:30:13,0.54,0.9473,14,0.51,0.8947,278,0.48,0.8421,3,0.525,0.921,0,0
IWM190920P154,2019-09-16,2019-09-16 09:30:14,0.54,0.9473,10,0.51,0.8947,353,0.48,0.8421,3,0.525,0.921,0,0
IWM190920P154,2019-09-16,2019-09-16 09:30:15,0.54,0.9473,10,0.51,0.8947,353,0.48,0.8421,3,0.525,0.921,0,0
IWM190920P154,2019-09-16,2019-09-16 09:30:16,0.54,0.9473,10,0.51,0.8947,100,0.48,0.8421,3,0.525,0.921,0,0
IWM190920P154,2019-09-16,2019-09-16 09:30:16,0.54,0.9473,10,0.51,0.8947,132,0.48,0.8421,3,0.525,0.921,0,0
IWM190920P154,2019-09-16,2019-09-16 09:30:17,0.54,0.9473,41,0.51,0.8947,100,0.48,0.8421,3,0.525,0.921,0,0
IWM190920P154,2019-09-16,2019-09-16 09:30:17,0.54,0.9473,30,0.51,0.8947,100,0.48,0.8421,3,0.525,0.921,0,0
IWM190920P154,2019-09-16,2019-09-16 09:30:18,0.54,0.9473,53,0.51,0.8947,100,0.48,0.8421,3,0.525,0.921,0,0
IWM190920P154,2019-09-16,2019-09-16 09:30:18,0.54,0.9473,41,0.51,0.8947,100,0.48,0.8421,3,0.525,0.921,0,0
IWM190920P154,2019-09-16,2019-09-16 09:30:19,0.54,0.9473,113,0.49,0.8596,436,0.48,0.8421,3,0.515,0.9035,0,0
IWM190920P154,2019-09-16,2019-09-16 09:30:19,0.54,0.9473,345,0.49,0.8596,324,0.48,0.8421,3,0.515,0.9035,0,0
IWM190920P154,2019-09-16,2019-09-16 09:30:20,0.54,0.9473,740,0.49,0.8596,33,0.48,0.8421,3,0.515,0.9035,0,0
IWM190920P154,2019-09-16,2019-09-16 09:30:20,0.53,0.9298,60,0.48,0.8421,403,0.48,0.8421,3,0.505,0.8859,0,0
IWM190920P154,2019-09-16,2019-09-16 09:30:21,0.53,0.9298,81,0.48,0.8421,403,0.48,0.8421,3,0.505,0.8859,0,0
IWM190920P154,2019-09-16,2019-09-16 09:30:21,0.53,0.9298,60,0.48,0.8421,403,0.48,0.8421,3,0.505,0.8859,0,0
IWM190920P154,2019-09-16,2019-09-16 09:30:22,0.53,0.9298,328,0.48,0.8421,403,0.48,0.8421,3,0.505,0.8859,0,0
IWM190920P154,2019-09-16,2019-09-16 09:30:22,0.53,0.9298,471,0.48,0.8421,403,0.48,0.8421,3,0.505,0.8859,0,0
IWM190920P154,2019-09-16,2019-09-16 09:30:23,0.53,0.9298,485,0.48,0.8421,403,0.48,0.8421,3,0.505,0.8859,0,0
IWM190920P154,2019-09-16,2019-09-16 09:30:23,0.53,0.9298,529,0.48,0.8421,403,0.48,0.8421,3,0.505,0.8859,0,0
IWM190920P154,2019-09-16,2019-09-16 09:30:24,0.53,0.9298,529,0.48,0.8421,403,0.48,0.8421,3,0.505,0.8859,0,0
IWM190920P154,2019-09-16,2019-09-16 09:30:24,0.51,0.8947,7,0.48,0.8421,403,0.48,0.8421,3,0.495,0.8684,0,0
IWM190920P154,2019-09-16,2019-09-16 09:30:25,0.5,0.8771,7,0.48,0.8421,403,0.48,0.8421,3,0.49,0.8596,0,0
IWM190920P154,2019-09-16,2019-09-16 09:30:25,0.51,0.8947,150,0.48,0.8421,403,0.48,0.8421,3,0.495,0.8684,0,0
IWM190920P154,2019-09-16,2019-09-16 09:30:26,0.5,0.8771,7,0.48,0.8421,403,0.48,0.8421,3,0.49,0.8596,0,0
IWM190920P154,2019-09-16,2019-09-16 09:30:27,0.51,0.8947,100,0.48,0.8421,403,0.48,0.8421,3,0.495,0.8684,0,0
IWM190920P154,2019-09-16,2019-09-16 09:30:28,0.51,0.8947,119,0.48,0.8421,403,0.48,0.8421,3,0.495,0.8684,0,0
IWM190920P154,2019-09-16,2019-09-16 09:30:28,0.51,0.8947,129,0.48,0.8421,403,0.48,0.8421,3,0.495,0.8684,0,0
IWM190920P154,2019-09-16,2019-09-16 09:30:29,0.51,0.8947,129,0.48,0.8421,30,0.48,0.8421,3,0.495,0.8684,0,0
IWM190920P154,2019-09-16,2019-09-16 09:30:29,0.51,0.8947,129,0.49,0.8596,13,0.48,0.8421,3,0.5,0.8771,0,0
IWM190920P154,2019-09-16,2019-09-16 09:30:30,0.51,0.8947,127,0.49,0.8596,13,0.48,0.8421,3,0.5,0.8771,0,0
IWM190920P154,2019-09-16,2019-09-16 09:30:31,0.51,0.8947,117,0.48,0.8421,22,0.48,0.8421,3,0.495,0.8684,0,0
IWM190920P154,2019-09-16,2019-09-16 09:30:31,0.51,0.8947,117,0.48,0.8421,17,0.48,0.8421,3,0.495,0.8684,0,0
IWM190920P154,2019-09-16,2019-09-16 09:30:32,0.51,0.8947,117,0.48,0.8421,29,0.48,0.8421,3,0.495,0.8684,0,0
IWM190920P154,2019-09-16,2019-09-16 09:30:33,0.51,0.8947,117,0.48,0.8421,29,0.48,0.8421,3,0.495,0.8684,0,0
IWM190920P154,2019-09-16,2019-09-16 09:30:34,0.51,0.8947,117,0.48,0.8421,33,0.48,0.8421,3,0.495,0.8684,0,0
IWM190920P154,2019-09-16,2019-09-16 09:30:34,0.51,0.8947,117,0.48,0.8421,29,0.48,0.8421,3,0.495,0.8684,0,0
IWM190920P154,2019-09-16,2019-09-16 09:30:35,0.51,0.8947,117,0.48,0.8421,24,0.48,0.8421,3,0.495,0.8684,0,0
IWM190920P154,2019-09-16,2019-09-16 09:30:35,0.51,0.8947,117,0.48,0.8421,13,0.48,0.8421,3,0.495,0.8684,0,0
IWM190920P154,2019-09-16,2019-09-16 09:30:36,0.51,0.8947,117,0.48,0.8421,27,0.48,0.8421,3,0.495,0.8684,0,0
IWM190920P154,2019-09-16,2019-09-16 09:30:37,0.51,0.8947,7,0.49,0.8596,13,0.48,0.8421,3,0.5,0.8771,0,0
IWM190920P154,2019-09-16,2019-09-16 09:30:38,0.51,0.8947,7,0.49,0.8596,13,0.48,0.8421,3,0.5,0.8771,0,0
IWM190920P154,2019-09-16,2019-09-16 09:30:38,0.51,0.8947,7,0.49,0.8596,23,0.48,0.8421,3,0.5,0.8771,0,0
IWM190920P154,2019-09-16,2019-09-16 09:30:39,0.51,0.8947,7,0.49,0.8596,23,0.48,0.8421,3,0.5,0.8771,0,0
IWM190920P154,2019-09-16,2019-09-16 09:30:39,0.51,0.8947,7,0.49,0.8596,70,0.48,0.8421,3,0.5,0.8771,0,0
IWM190920P154,2019-09-16,2019-09-16 09:30:40,0.51,0.8947,10,0.49,0.8596,70,0.48,0.8421,3,0.5,0.8771,0,0
IWM190920P154,2019-09-16,2019-09-16 09:30:41,0.53,0.9298,11,0.5,0.8771,22,0.48,0.8421,3,0.515,0.9035,0,0
IWM190920P154,2019-09-16,2019-09-16 09:30:41,0.51,0.8947,7,0.49,0.8596,259,0.48,0.8421,3,0.5,0.8771,0,0
IWM190920P154,2019-09-16,2019-09-16 09:30:42,0.53,0.9298,243,0.5,0.8771,22,0.48,0.8421,3,0.515,0.9035,0,0
IWM190920P154,2019-09-16,2019-09-16 09:30:42,0.52,0.9122,7,0.5,0.8771,27,0.48,0.8421,3,0.51,0.8947,0,0
IWM190920P154,2019-09-16,2019-09-16 09:30:43,0.52,0.9122,7,0.5,0.8771,27,0.48,0.8421,3,0.51,0.8947,0,0
IWM190920P154,2019-09-16,2019-09-16 09:30:44,0.52,0.9122,7,0.5,0.8771,27,0.48,0.8421,3,0.51,0.8947,0,0
IWM190920P154,2019-09-16,2019-09-16 09:30:45,0.52,0.9122,7,0.51,0.8947,13,0.48,0.8421,3,0.515,0.9035,0,0
IWM190920P154,2019-09-16,2019-09-16 09:30:45,0.53,0.9298,7,0.51,0.8947,13,0.48,0.8421,3,0.52,0.9122,0,0
IWM190920P154,2019-09-16,2019-09-16 09:30:46,0.53,0.9298,7,0.51,0.8947,98,0.48,0.8421,3,0.52,0.9122,0,0
IWM190920P154,2019-09-16,2019-09-16 09:30:47,0.53,0.9298,10,0.51,0.8947,212,0.48,0.8421,3,0.52,0.9122,0,0
IWM190920P154,2019-09-16,2019-09-16 09:30:47,0.53,0.9298,10,0.51,0.8947,263,0.48,0.8421,3,0.52,0.9122,0,0
IWM190920P154,2019-09-16,2019-09-16 09:30:48,0.54,0.9473,240,0.51,0.8947,251,0.48,0.8421,3,0.525,0.921,0,0
IWM190920P154,2019-09-16,2019-09-16 09:30:48,0.53,0.9298,10,0.51,0.8947,212,0.48,0.8421,3,0.52,0.9122,0,0
IWM190920P154,2019-09-16,2019-09-16 09:30:49,0.53,0.9298,10,0.51,0.8947,151,0.48,0.8421,3,0.52,0.9122,0,0
IWM190920P154,2019-09-16,2019-09-16 09:30:49,0.53,0.9298,10,0.51,0.8947,371,0.48,0.8421,3,0.52,0.9122,0,0
IWM190920P154,2019-09-16,2019-09-16 09:30:50,0.53,0.9298,10,0.51,0.8947,371,0.48,0.8421,3,0.52,0.9122,0,0
IWM190920P154,2019-09-16,2019-09-16 09:30:51,0.54,0.9473,7,0.53,0.9298,13,0.48,0.8421,3,0.535,0.9385,0,0
IWM190920P154,2019-09-16,2019-09-16 09:30:51,0.54,0.9473,61,0.51,0.8947,309,0.48,0.8421,3,0.525,0.921,0,0
IWM190920P154,2019-09-16,2019-09-16 09:30:52,0.54,0.9473,7,0.52,0.9122,13,0.48,0.8421,3,0.53,0.9298,0,0
IWM190920P154,2019-09-16,2019-09-16 09:30:52,0.54,0.9473,7,0.53,0.9298,13,0.48,0.8421,3,0.535,0.9385,0,0
IWM190920P154,2019-09-16,2019-09-16 09:30:53,0.54,0.9473,7,0.52,0.9122,82,0.48,0.8421,3,0.53,0.9298,0,0
IWM190920P154,2019-09-16,2019-09-16 09:30:53,0.54,0.9473,7,0.52,0.9122,109,0.48,0.8421,3,0.53,0.9298,0,0
IWM190920P154,2019-09-16,2019-09-16 09:30:54,0.54,0.9473,10,0.52,0.9122,396,0.48,0.8421,3,0.53,0.9298,0,0
IWM190920P154,2019-09-16,2019-09-16 09:30:54,0.54,0.9473,7,0.52,0.9122,343,0.48,0.8421,3,0.53,0.9298,0,0
IWM190920P154,2019-09-16,2019-09-16 09:30:55,0.55,0.9649,388,0.52,0.9122,62,0.48,0.8421,3,0.535,0.9385,0,0
IWM190920P154,2019-09-16,2019-09-16 09:30:55,0.54,0.9473,10,0.52,0.9122,396,0.48,0.8421,3,0.53,0.9298,0,0
IWM190920P154,2019-09-16,2019-09-16 09:30:56,0.55,0.9649,388,0.52,0.9122,10,0.48,0.8421,3,0.535,0.9385,0,0
IWM190920P154,2019-09-16,2019-09-16 09:30:56,0.55,0.9649,388,0.51,0.8947,879,0.48,0.8421,3,0.53,0.9298,0,0
IWM190920P154,2019-09-16,2019-09-16 09:30:57,0.53,0.9298,10,0.52,0.9122,13,0.48,0.8421,3,0.525,0.921,0,0
IWM190920P154,2019-09-16,2019-09-16 09:30:58,0.54,0.9473,7,0.52,0.9122,49,0.48,0.8421,3,0.53,0.9298,0,0
IWM190920P154,2019-09-16,2019-09-16 09:30:58,0.53,0.9298,10,0.52,0.9122,13,0.48,0.8421,3,0.525,0.921,0,0
IWM190920P154,2019-09-16,2019-09-16 09:30:59,0.54,0.9473,7,0.52,0.9122,423,0.48,0.8421,3,0.53,0.9298,0,0
IWM190920P154,2019-09-16,2019-09-16 09:30:59,0.54,0.9473,7,0.52,0.9122,719,0.48,0.8421,3,0.53,0.9298,0,0
IWM190920P154,2019-09-16,2019-09-16 09:31:00,0.55,0.9649,150,0.53,0.9298,22,0.48,0.8421,3,0.54,0.9473,0,0
IWM190920P154,2019-09-16,2019-09-16 09:31:00,0.54,0.9473,10,0.52,0.9122,548,0.48,0.8421,3,0.53,0.9298,0,0
IWM190920P154,2019-09-16,2019-09-16 09:31:01,0.54,0.9473,7,0.53,0.9298,13,0.48,0.8421,3,0.535,0.9385,0,0
IWM190920P154,2019-09-16,2019-09-16 09:31:02,0.54,0.9473,7,0.53,0.9298,13,0.48,0.8421,3,0.535,0.9385,0,0
IWM190920P154,2019-09-16,2019-09-16 09:31:03,0.54,0.9473,7,0.53,0.9298,22,0.48,0.8421,3,0.535,0.9385,0,0
IWM190920P154,2019-09-16,2019-09-16 09:31:03,0.54,0.9473,10,0.53,0.9298,13,0.48,0.8421,3,0.535,0.9385,0,0
IWM190920P154,2019-09-16,2019-09-16 09:31:04,0.55,0.9649,168,0.51,0.8947,840,0.48,0.8421,3,0.53,0.9298,0,0
IWM190920P154,2019-09-16,2019-09-16 09:31:04,0.54,0.9473,7,0.51,0.8947,268,0.48,0.8421,3,0.525,0.921,0,0
IWM190920P154,2019-09-16,2019-09-16 09:31:05,0.54,0.9473,7,0.52,0.9122,36,0.48,0.8421,3,0.53,0.9298,0,0
IWM190920P154,2019-09-16,2019-09-16 09:31:05,0.55,0.9649,106,0.53,0.9298,13,0.48,0.8421,3,0.54,0.9473,0,0
IWM190920P154,2019-09-16,2019-09-16 09:31:06,0.55,0.9649,30,0.53,0.9298,22,0.48,0.8421,3,0.54,0.9473,0,0
IWM190920P154,2019-09-16,2019-09-16 09:31:06,0.55,0.9649,11,0.53,0.9298,219,0.48,0.8421,3,0.54,0.9473,0,0
IWM190920P154,2019-09-16,2019-09-16 09:31:07,0.56,0.9824,150,0.53,0.9298,391,0.48,0.8421,3,0.545,0.9561,0,0
IWM190920P154,2019-09-16,2019-09-16 09:31:07,0.55,0.9649,11,0.53,0.9298,359,0.48,0.8421,3,0.54,0.9473,0,0
IWM190920P154,2019-09-16,2019-09-16 09:31:08,0.56,0.9824,7,0.53,0.9298,391,0.48,0.8421,3,0.545,0.9561,0,0
IWM190920P154,2019-09-16,2019-09-16 09:31:08,0.56,0.9824,10,0.53,0.9298,391,0.48,0.8421,3,0.545,0.9561,0,0
IWM190920P154,2019-09-16,2019-09-16 09:31:09,0.56,0.9824,21,0.54,0.9473,311,0.48,0.8421,3,0.55,0.9649,0,0
IWM190920P154,2019-09-16,2019-09-16 09:31:09,0.56,0.9824,10,0.54,0.9473,271,0.48,0.8421,3,0.55,0.9649,0,0
IWM190920P154,2019-09-16,2019-09-16 09:31:10,0.56,0.9824,21,0.54,0.9473,311,0.48,0.8421,3,0.55,0.9649,0,0
IWM190920P154,2019-09-16,2019-09-16 09:31:10,0.56,0.9824,21,0.54,0.9473,156,0.48,0.8421,3,0.55,0.9649,0,0
IWM190920P154,2019-09-16,2019-09-16 09:31:11,0.56,0.9824,28,0.53,0.9298,35,0.48,0.8421,3,0.545,0.9561,0,0
IWM190920P154,2019-09-16,2019-09-16 09:31:12,0.55,0.9649,10,0.53,0.9298,342,0.48,0.8421,3,0.54,0.9473,0,0
IWM190920P154,2019-09-16,2019-09-16 09:31:12,0.55,0.9649,10,0.53,0.9298,389,0.48,0.8421,3,0.54,0.9473,0,0
IWM190920P154,2019-09-16,2019-09-16 09:31:13,0.55,0.9649,11,0.54,0.9473,22,0.48,0.8421,3,0.545,0.9561,0,0
IWM190920P154,2019-09-16,2019-09-16 09:31:13,0.55,0.9649,11,0.54,0.9473,10,0.48,0.8421,3,0.545,0.9561,0,0
IWM190920P154,2019-09-16,2019-09-16 09:31:14,0.55,0.9649,11,0.53,0.9298,401,0.48,0.8421,3,0.54,0.9473,0,0
IWM190920P154,2019-09-16,2019-09-16 09:31:15,0.55,0.9649,11,0.53,0.9298,131,0.48,0.8421,3,0.54,0.9473,0,0
IWM190920P154,2019-09-16,2019-09-16 09:31:15,0.55,0.9649,11,0.53,0.9298,199,0.48,0.8421,3,0.54,0.9473,0,0
IWM190920P154,2019-09-16,2019-09-16 09:31:16,0.55,0.9649,21,0.53,0.9298,578,0.48,0.8421,3,0.54,0.9473,0,0
IWM190920P154,2019-09-16,2019-09-16 09:31:16,0.55,0.9649,22,0.53,0.9298,425,0.48,0.8421,3,0.54,0.9473,0,0
IWM190920P154,2019-09-16,2019-09-16 09:31:17,0.55,0.9649,22,0.53,0.9298,578,0.48,0.8421,3,0.54,0.9473,0,0
IWM190920P154,2019-09-16,2019-09-16 09:31:17,0.55,0.9649,9,0.55,0.9649,1,0.55,0.9649,1,0.55,0.9649,1,1
IWM190920P154,2019-09-16,2019-09-16 09:31:18,0.55,0.9649,9,0.55,0.9649,1,0.55,0.9649,1,0.55,0.9649,1,0
IWM190920P154,2019-09-16,2019-09-16 09:31:18,0.55,0.9649,9,0.54,0.9473,335,0.55,0.9649,1,0.545,0.9561,1,0
IWM190920P154,2019-09-16,2019-09-16 09:31:19,0.56,0.9824,22,0.55,0.9649,13,0.55,0.9649,1,0.555,0.9736,1,0
IWM190920P154,2019-09-16,2019-09-16 09:31:19,0.56,0.9824,33,0.54,0.9473,382,0.55,0.9649,1,0.55,0.9649,1,0
IWM190920P154,2019-09-16,2019-09-16 09:31:20,0.57,1.0,33,0.55,0.9649,13,0.55,0.9649,1,0.56,0.9824,1,0
IWM190920P154,2019-09-16,2019-09-16 09:31:20,0.56,0.9824,22,0.55,0.9649,13,0.55,0.9649,1,0.555,0.9736,1,0
IWM190920P154,2019-09-16,2019-09-16 09:31:21,0.57,1.0,33,0.55,0.9649,245,0.55,0.9649,1,0.56,0.9824,1,0
IWM190920P154,2019-09-16,2019-09-16 09:31:21,0.56,0.9824,10,0.54,0.9473,237,0.55,0.9649,1,0.55,0.9649,1,0
IWM190920P154,2019-09-16,2019-09-16 09:31:22,0.56,0.9824,30,0.54,0.9473,385,0.55,0.9649,1,0.55,0.9649,1,0
IWM190920P154,2019-09-16,2019-09-16 09:31:22,0.56,0.9824,30,0.54,0.9473,471,0.55,0.9649,1,0.55,0.9649,1,0
IWM190920P154,2019-09-16,2019-09-16 09:31:23,0.56,0.9824,30,0.54,0.9473,142,0.55,0.9649,1,0.55,0.9649,1,0
IWM190920P154,2019-09-16,2019-09-16 09:31:23,0.55,0.9649,21,0.53,0.9298,217,0.55,0.9649,1,0.54,0.9473,1,0
IWM190920P154,2019-09-16,2019-09-16 09:31:24,0.55,0.9649,21,0.53,0.9298,301,0.55,0.9649,1,0.54,0.9473,1,0
IWM190920P154,2019-09-16,2019-09-16 09:31:24,0.55,0.9649,10,0.53,0.9298,81,0.55,0.9649,1,0.54,0.9473,1,0
IWM190920P154,2019-09-16,2019-09-16 09:31:25,0.56,0.9824,33,0.54,0.9473,13,0.55,0.9649,1,0.55,0.9649,1,0
IWM190920P154,2019-09-16,2019-09-16 09:31:25,0.55,0.9649,7,0.53,0.9298,360,0.55,0.9649,1,0.54,0.9473,1,0
IWM190920P154,2019-09-16,2019-09-16 09:31:26,0.55,0.9649,10,0.54,0.9473,13,0.55,0.9649,1,0.545,0.9561,1,0
IWM190920P154,2019-09-16,2019-09-16 09:31:26,0.55,0.9649,11,0.54,0.9473,20,0.55,0.9649,1,0.545,0.9561,1,0
IWM190920P154,2019-09-16,2019-09-16 09:31:27,0.56,0.9824,33,0.54,0.9473,22,0.55,0.9649,1,0.55,0.9649,1,0
IWM190920P154,2019-09-16,2019-09-16 09:31:28,0.55,0.9649,28,0.54,0.9473,22,0.55,0.9649,1,0.545,0.9561,1,0
IWM190920P154,2019-09-16,2019-09-16 09:31:28,0.55,0.9649,7,0.54,0.9473,22,0.55,0.9649,1,0.545,0.9561,1,0
IWM190920P154,2019-09-16,2019-09-16 09:31:29,0.56,0.9824,26,0.54,0.9473,22,0.55,0.9649,1,0.55,0.9649,1,0
IWM190920P154,2019-09-16,2019-09-16 09:31:30,0.56,0.9824,26,0.54,0.9473,330,0.55,0.9649,1,0.55,0.9649,1,0
IWM190920P154,2019-09-16,2019-09-16 09:31:30,0.56,0.9824,26,0.54,0.9473,30,0.55,0.9649,1,0.55,0.9649,1,0
IWM190920P154,2019-09-16,2019-09-16 09:31:31,0.56,0.9824,22,0.54,0.9473,476,0.55,0.9649,1,0.55,0.9649,1,0
IWM190920P154,2019-09-16,2019-09-16 09:31:32,0.56,0.9824,75,0.54,0.9473,473,0.55,0.9649,1,0.55,0.9649,1,0
IWM190920P154,2019-09-16,2019-09-16 09:31:32,0.56,0.9824,71,0.54,0.9473,414,0.55,0.9649,1,0.55,0.9649,1,0
IWM190920P154,2019-09-16,2019-09-16 09:31:33,0.56,0.9824,156,0.54,0.9473,414,0.55,0.9649,1,0.55,0.9649,1,0
IWM190920P154,2019-09-16,2019-09-16 09:31:33,0.56,0.9824,126,0.54,0.9473,414,0.55,0.9649,1,0.55,0.9649,1,0
IWM190920P154,2019-09-16,2019-09-16 09:31:34,0.56,0.9824,156,0.54,0.9473,424,0.55,0.9649,1,0.55,0.9649,1,0
IWM190920P154,2019-09-16,2019-09-16 09:31:35,0.56,0.9824,117,0.54,0.9473,424,0.55,0.9649,1,0.55,0.9649,1,0
IWM190920P154,2019-09-16,2019-09-16 09:31:35,0.56,0.9824,63,0.54,0.9473,424,0.55,0.9649,1,0.55,0.9649,1,0
IWM190920P154,2019-09-16,2019-09-16 09:31:36,0.56,0.9824,63,0.54,0.9473,424,0.55,0.9649,1,0.55,0.9649,1,0
IWM190920P154,2019-09-16,2019-09-16 09:31:37,0.56,0.9824,14,0.55,0.9649,13,0.55,0.9649,1,0.555,0.9736,1,0
IWM190920P154,2019-09-16,2019-09-16 09:31:37,0.57,1.0,39,0.55,0.9649,257,0.55,0.9649,1,0.56,0.9824,1,0
IWM190920P154,2019-09-16,2019-09-16 09:31:38,0.57,1.0,34,0.55,0.9649,401,0.55,0.9649,1,0.56,0.9824,1,0
IWM190920P154,2019-09-16,2019-09-16 09:31:38,0.57,1.0,52,0.55,0.9649,401,0.55,0.9649,1,0.56,0.9824,1,0
IWM190920P154,2019-09-16,2019-09-16 09:31:39,0.57,1.0,45,0.55,0.9649,401,0.55,0.9649,1,0.56,0.9824,1,0
IWM190920P154,2019-09-16,2019-09-16 09:31:39,0.57,1.0,51,0.55,0.9649,401,0.55,0.9649,1,0.56,0.9824,1,0
IWM190920P154,2019-09-16,2019-09-16 09:31:40,0.57,1.0,51,0.55,0.9649,401,0.55,0.9649,1,0.56,0.9824,1,0
IWM190920P154,2019-09-16,2019-09-16 09:31:41,0.57,1.0,26,0.55,0.9649,727,0.55,0.9649,1,0.56,0.9824,1,0
IWM190920P154,2019-09-16,2019-09-16 09:31:41,0.57,1.0,7,0.55,0.9649,727,0.55,0.9649,1,0.56,0.9824,1,0
IWM190920P154,2019-09-16,2019-09-16 09:31:42,0.57,1.0,7,0.55,0.9649,869,0.55,0.9649,1,0.56,0.9824,1,0
IWM190920P154,2019-09-16,2019-09-16 09:31:43,0.57,1.0,10,0.56,0.9824,13,0.55,0.9649,1,0.565,0.9912,1,0
IWM190920P154,2019-09-16,2019-09-16 09:31:44,0.57,1.0,10,0.56,0.9824,13,0.55,0.9649,1,0.565,0.9912,1,0
IWM190920P154,2019-09-16,2019-09-16 09:31:44,0.57,1.0,15,0.55,0.9649,947,0.55,0.9649,1,0.56,0.9824,1,0
IWM190920P154,2019-09-16,2019-09-16 09:31:45,0.57,1.0,15,0.55,0.9649,752,0.55,0.9649,1,0.56,0.9824,1,0
IWM190920P154,2019-09-16,2019-09-16 09:31:45,0.57,1.0,21,0.55,0.9649,359,0.55,0.9649,1,0.56,0.9824,1,0
IWM190920P154,2019-09-16,2019-09-16 09:31:46,0.57,1.0,29,0.55,0.9649,670,0.55,0.9649,1,0.56,0.9824,1,0
IWM190920P154,2019-09-16,2019-09-16 09:31:46,0.57,1.0,7,0.55,0.9649,479,0.55,0.9649,1,0.56,0.9824,1,0
IWM190920P154,2019-09-16,2019-09-16 09:31:47,0.58,1.0175,72,0.56,0.9824,69,0.55,0.9649,1,0.57,1.0,1,0
IWM190920P154,2019-09-16,2019-09-16 09:31:47,0.58,1.0175,117,0.56,0.9824,244,0.55,0.9649,1,0.57,1.0,1,0
IWM190920P154,2019-09-16,2019-09-16 09:31:48,0.58,1.0175,117,0.56,0.9824,243,0.55,0.9649,1,0.57,1.0,1,0
IWM190920P154,2019-09-16,2019-09-16 09:31:49,0.57,1.0,21,0.56,0.9824,220,0.55,0.9649,1,0.565,0.9912,1,0
IWM190920P154,2019-09-16,2019-09-16 09:31:49,0.57,1.0,21,0.56,0.9824,243,0.55,0.9649,1,0.565,0.9912,1,0
IWM190920P154,2019-09-16,2019-09-16 09:31:50,0.58,1.0175,61,0.56,0.9824,220,0.55,0.9649,1,0.57,1.0,1,0
IWM190920P154,2019-09-16,2019-09-16 09:31:50,0.58,1.0175,78,0.56,0.9824,220,0.55,0.9649,1,0.57,1.0,1,0
IWM190920P154,2019-09-16,2019-09-16 09:31:51,0.57,1.0,10,0.56,0.9824,220,0.55,0.9649,1,0.565,0.9912,1,0
IWM190920P154,2019-09-16,2019-09-16 09:31:51,0.57,1.0,7,0.56,0.9824,220,0.55,0.9649,1,0.565,0.9912,1,0
IWM190920P154,2019-09-16,2019-09-16 09:31:52,0.58,1.0175,21,0.56,0.9824,220,0.55,0.9649,1,0.57,1.0,1,0
IWM190920P154,2019-09-16,2019-09-16 09:31:52,0.57,1.0,10,0.56,0.9824,220,0.55,0.9649,1,0.565,0.9912,1,0
IWM190920P154,2019-09-16,2019-09-16 09:31:53,0.58,1.0175,21,0.56,0.9824,349,0.55,0.9649,1,0.57,1.0,1,0
IWM190920P154,2019-09-16,2019-09-16 09:31:54,0.58,1.0175,21,0.56,0.9824,488,0.55,0.9649,1,0.57,1.0,1,0
IWM190920P154,2019-09-16,2019-09-16 09:31:54,0.58,1.0175,21,0.57,1.0,74,0.55,0.9649,1,0.575,1.0087,1,0
IWM190920P154,2019-09-16,2019-09-16 09:31:55,0.59,1.035,125,0.57,1.0,369,0.55,0.9649,1,0.58,1.0175,1,0
IWM190920P154,2019-09-16,2019-09-16 09:31:55,0.59,1.035,90,0.57,1.0,369,0.55,0.9649,1,0.58,1.0175,1,0
IWM190920P154,2019-09-16,2019-09-16 09:31:56,0.59,1.035,125,0.57,1.0,369,0.55,0.9649,1,0.58,1.0175,1,0
IWM190920P154,2019-09-16,2019-09-16 09:31:57,0.59,1.035,90,0.57,1.0,569,0.55,0.9649,1,0.58,1.0175,1,0
IWM190920P154,2019-09-16,2019-09-16 09:31:57,0.59,1.035,125,0.57,1.0,569,0.55,0.9649,1,0.58,1.0175,1,0
IWM190920P154,2019-09-16,2019-09-16 09:31:58,0.6,1.0526,51,0.58,1.0175,206,0.55,0.9649,1,0.59,1.035,1,0
IWM190920P154,2019-09-16,2019-09-16 09:31:58,0.59,1.035,19,0.58,1.0175,13,0.55,0.9649,1,0.585,1.0263,1,0
IWM190920P154,2019-09-16,2019-09-16 09:31:59,0.59,1.035,10,0.57,1.0,222,0.55,0.9649,1,0.58,1.0175,1,0
IWM190920P154,2019-09-16,2019-09-16 09:31:59,0.59,1.035,19,0.57,1.0,22,0.55,0.9649,1,0.58,1.0175,1,0
IWM190920P154,2019-09-16,2019-09-16 09:32:00,0.59,1.035,29,0.57,1.0,574,0.55,0.9649,1,0.58,1.0175,1,0
IWM190920P154,2019-09-16,2019-09-16 09:32:00,0.59,1.035,29,0.57,1.0,454,0.55,0.9649,1,0.58,1.0175,1,0
IWM190920P154,2019-09-16,2019-09-16 09:32:01,0.59,1.035,29,0.58,1.0175,13,0.55,0.9649,1,0.585,1.0263,1,0
IWM190920P154,2019-09-16,2019-09-16 09:32:01,0.6,1.0526,75,0.58,1.0175,132,0.55,0.9649,1,0.59,1.035,1,0
IWM190920P154,2019-09-16,2019-09-16 09:32:02,0.6,1.0526,75,0.58,1.0175,487,0.55,0.9649,1,0.59,1.035,1,0
IWM190920P154,2019-09-16,2019-09-16 09:32:02,0.6,1.0526,75,0.58,1.0175,377,0.55,0.9649,1,0.59,1.035,1,0
IWM190920P154,2019-09-16,2019-09-16 09:32:03,0.6,1.0526,75,0.58,1.0175,900,0.55,0.9649,1,0.59,1.035,1,0
IWM190920P154,2019-09-16,2019-09-16 09:32:03,0.6,1.0526,75,0.58,1.0175,559,0.55,0.9649,1,0.59,1.035,1,0
IWM190920P154,2019-09-16,2019-09-16 09:32:04,0.6,1.0526,26,0.58,1.0175,150,0.55,0.9649,1,0.59,1.035,1,0
IWM190920P154,2019-09-16,2019-09-16 09:32:04,0.61,1.0701,151,0.59,1.035,152,0.55,0.9649,1,0.6,1.0526,1,0
IWM190920P154,2019-09-16,2019-09-16 09:32:05,0.61,1.0701,141,0.59,1.035,248,0.55,0.9649,1,0.6,1.0526,1,0
IWM190920P154,2019-09-16,2019-09-16 09:32:05,0.6,1.0526,10,0.59,1.035,248,0.55,0.9649,1,0.595,1.0438,1,0
IWM190920P154,2019-09-16,2019-09-16 09:32:06,0.6,1.0526,7,0.59,1.035,13,0.55,0.9649,1,0.595,1.0438,1,0
IWM190920P154,2019-09-16,2019-09-16 09:32:06,0.6,1.0526,21,0.59,1.035,30,0.55,0.9649,1,0.595,1.0438,1,0
IWM190920P154,2019-09-16,2019-09-16 09:32:07,0.6,1.0526,21,0.58,1.0175,193,0.55,0.9649,1,0.59,1.035,1,0
IWM190920P154,2019-09-16,2019-09-16 09:32:07,0.6,1.0526,21,0.58,1.0175,496,0.55,0.9649,1,0.59,1.035,1,0
IWM190920P154,2019-09-16,2019-09-16 09:32:08,0.6,1.0526,21,0.58,1.0175,496,0.55,0.9649,1,0.59,1.035,1,0
IWM190920P154,2019-09-16,2019-09-16 09:32:08,0.6,1.0526,16,0.58,1.0175,589,0.55,0.9649,1,0.59,1.035,1,0
IWM190920P154,2019-09-16,2019-09-16 09:32:09,0.6,1.0526,35,0.58,1.0175,589,0.55,0.9649,1,0.59,1.035,1,0
IWM190920P154,2019-09-16,2019-09-16 09:32:09,0.6,1.0526,16,0.58,1.0175,589,0.55,0.9649,1,0.59,1.035,1,0
IWM190920P154,2019-09-16,2019-09-16 09:32:10,0.6,1.0526,23,0.58,1.0175,589,0.55,0.9649,1,0.59,1.035,1,0
IWM190920P154,2019-09-16,2019-09-16 09:32:11,0.6,1.0526,23,0.58,1.0175,589,0.55,0.9649,1,0.59,1.035,1,0
IWM190920P154,2019-09-16,2019-09-16 09:32:11,0.6,1.0526,18,0.58,1.0175,811,0.55,0.9649,1,0.59,1.035,1,0
IWM190920P154,2019-09-16,2019-09-16 09:32:12,0.6,1.0526,16,0.58,1.0175,617,0.55,0.9649,1,0.59,1.035,1,0
IWM190920P154,2019-09-16,2019-09-16 09:32:12,0.6,1.0526,16,0.58,1.0175,589,0.55,0.9649,1,0.59,1.035,1,0
IWM190920P154,2019-09-16,2019-09-16 09:32:13,0.61,1.0701,133,0.59,1.035,59,0.55,0.9649,1,0.6,1.0526,1,0
IWM190920P154,2019-09-16,2019-09-16 09:32:13,0.61,1.0701,105,0.59,1.035,70,0.55,0.9649,1,0.6,1.0526,1,0
IWM190920P154,2019-09-16,2019-09-16 09:32:14,0.6,1.0526,7,0.59,1.035,40,0.55,0.9649,1,0.595,1.0438,1,0
IWM190920P154,2019-09-16,2019-09-16 09:32:15,0.6,1.0526,29,0.58,1.0175,536,0.55,0.9649,1,0.59,1.035,1,0
IWM190920P154,2019-09-16,2019-09-16 09:32:15,0.6,1.0526,29,0.59,1.035,152,0.55,0.9649,1,0.595,1.0438,1,0
IWM190920P154,2019-09-16,2019-09-16 09:32:16,0.59,1.035,7,0.57,1.0,288,0.55,0.9649,1,0.58,1.0175,1,0
IWM190920P154,2019-09-16,2019-09-16 09:32:16,0.6,1.0526,60,0.58,1.0175,404,0.55,0.9649,1,0.59,1.035,1,0
IWM190920P154,2019-09-16,2019-09-16 09:32:17,0.59,1.035,41,0.57,1.0,532,0.55,0.9649,1,0.58,1.0175,1,0
IWM190920P154,2019-09-16,2019-09-16 09:32:17,0.59,1.035,41,0.57,1.0,488,0.55,0.9649,1,0.58,1.0175,1,0
IWM190920P154,2019-09-16,2019-09-16 09:32:18,0.59,1.035,41,0.57,1.0,488,0.55,0.9649,1,0.58,1.0175,1,0
IWM190920P154,2019-09-16,2019-09-16 09:32:19,0.59,1.035,41,0.57,1.0,580,0.55,0.9649,1,0.58,1.0175,1,0
IWM190920P154,2019-09-16,2019-09-16 09:32:20,0.59,1.035,7,0.58,1.0175,13,0.55,0.9649,1,0.585,1.0263,1,0
IWM190920P154,2019-09-16,2019-09-16 09:32:20,0.59,1.035,7,0.58,1.0175,57,0.55,0.9649,1,0.585,1.0263,1,0
IWM190920P154,2019-09-16,2019-09-16 09:32:21,0.59,1.035,10,0.57,1.0,700,0.55,0.9649,1,0.58,1.0175,1,0
IWM190920P154,2019-09-16,2019-09-16 09:32:21,0.59,1.035,10,0.58,1.0175,22,0.55,0.9649,1,0.585,1.0263,1,0
IWM190920P154,2019-09-16,2019-09-16 09:32:22,0.59,1.035,10,0.57,1.0,532,0.55,0.9649,1,0.58,1.0175,1,0
IWM190920P154,2019-09-16,2019-09-16 09:32:23,0.59,1.035,10,0.57,1.0,700,0.55,0.9649,1,0.58,1.0175,1,0
IWM190920P154,2019-09-16,2019-09-16 09:32:23,0.59,1.035,10,0.57,1.0,690,0.55,0.9649,1,0.58,1.0175,1,0
IWM190920P154,2019-09-16,2019-09-16 09:32:24,0.59,1.035,21,0.57,1.0,690,0.55,0.9649,1,0.58,1.0175,1,0
IWM190920P154,2019-09-16,2019-09-16 09:32:24,0.59,1.035,19,0.57,1.0,690,0.55,0.9649,1,0.58,1.0175,1,0
IWM190920P154,2019-09-16,2019-09-16 09:32:25,0.59,1.035,40,0.57,1.0,82,0.55,0.9649,1,0.58,1.0175,1,0
IWM190920P154,2019-09-16,2019-09-16 09:32:25,0.59,1.035,12,0.57,1.0,156,0.55,0.9649,1,0.58,1.0175,1,0
IWM190920P154,2019-09-16,2019-09-16 09:32:26,0.58,1.0175,10,0.57,1.0,82,0.55,0.9649,1,0.575,1.0087,1,0
IWM190920P154,2019-09-16,2019-09-16 09:32:27,0.58,1.0175,10,0.57,1.0,208,0.55,0.9649,1,0.575,1.0087,1,0
IWM190920P154,2019-09-16,2019-09-16 09:32:28,0.58,1.0175,10,0.57,1.0,82,0.55,0.9649,1,0.575,1.0087,1,0
IWM190920P154,2019-09-16,2019-09-16 09:32:28,0.58,1.0175,10,0.57,1.0,208,0.55,0.9649,1,0.575,1.0087,1,0
IWM190920P154,2019-09-16,2019-09-16 09:32:29,0.58,1.0175,10,0.56,0.9824,529,0.55,0.9649,1,0.57,1.0,1,0
IWM190920P154,2019-09-16,2019-09-16 09:32:29,0.58,1.0175,10,0.56,0.9824,433,0.55,0.9649,1,0.57,1.0,1,0
IWM190920P154,2019-09-16,2019-09-16 09:32:30,0.58,1.0175,10,0.56,0.9824,618,0.55,0.9649,1,0.57,1.0,1,0
IWM190920P154,2019-09-16,2019-09-16 09:32:31,0.58,1.0175,10,0.56,0.9824,618,0.55,0.9649,1,0.57,1.0,1,0
IWM190920P154,2019-09-16,2019-09-16 09:32:31,0.58,1.0175,10,0.56,0.9824,647,0.55,0.9649,1,0.57,1.0,1,0
IWM190920P154,2019-09-16,2019-09-16 09:32:32,0.58,1.0175,10,0.56,0.9824,647,0.55,0.9649,1,0.57,1.0,1,0
IWM190920P154,2019-09-16,2019-09-16 09:32:32,0.58,1.0175,103,0.56,0.9824,432,0.55,0.9649,1,0.57,1.0,1,0
IWM190920P154,2019-09-16,2019-09-16 09:32:33,0.58,1.0175,126,0.56,0.9824,426,0.55,0.9649,1,0.57,1.0,1,0
IWM190920P154,2019-09-16,2019-09-16 09:32:33,0.58,1.0175,126,0.56,0.9824,432,0.55,0.9649,1,0.57,1.0,1,0
IWM190920P154,2019-09-16,2019-09-16 09:32:34,0.58,1.0175,126,0.56,0.9824,531,0.55,0.9649,1,0.57,1.0,1,0
IWM190920P154,2019-09-16,2019-09-16 09:32:34,0.58,1.0175,80,0.56,0.9824,531,0.55,0.9649,1,0.57,1.0,1,0
IWM190920P154,2019-09-16,2019-09-16 09:32:35,0.58,1.0175,80,0.56,0.9824,606,0.55,0.9649,1,0.57,1.0,1,0
IWM190920P154,2019-09-16,2019-09-16 09:32:35,0.58,1.0175,96,0.56,0.9824,606,0.55,0.9649,1,0.57,1.0,1,0
IWM190920P154,2019-09-16,2019-09-16 09:32:36,0.58,1.0175,80,0.56,0.9824,606,0.55,0.9649,1,0.57,1.0,1,0
IWM190920P154,2019-09-16,2019-09-16 09:32:36,0.58,1.0175,107,0.56,0.9824,606,0.55,0.9649,1,0.57,1.0,1,0
IWM190920P154,2019-09-16,2019-09-16 09:32:37,0.58,1.0175,62,0.57,1.0,305,0.55,0.9649,1,0.575,1.0087,1,0
IWM190920P154,2019-09-16,2019-09-16 09:32:37,0.58,1.0175,10,0.57,1.0,361,0.55,0.9649,1,0.575,1.0087,1,0
IWM190920P154,2019-09-16,2019-09-16 09:32:38,0.58,1.0175,10,0.57,1.0,361,0.55,0.9649,1,0.575,1.0087,1,0
IWM190920P154,2019-09-16,2019-09-16 09:32:39,0.58,1.0175,10,0.57,1.0,13,0.55,0.9649,1,0.575,1.0087,1,0
IWM190920P154,2019-09-16,2019-09-16 09:32:39,0.58,1.0175,67,0.56,0.9824,1137,0.55,0.9649,1,0.57,1.0,1,0
IWM190920P154,2019-09-16,2019-09-16 09:32:40,0.58,1.0175,90,0.56,0.9824,932,0.55,0.9649,1,0.57,1.0,1,0
IWM190920P154,2019-09-16,2019-09-16 09:32:40,0.58,1.0175,30,0.57,1.0,151,0.55,0.9649,1,0.575,1.0087,1,0
IWM190920P154,2019-09-16,2019-09-16 09:32:41,0.58,1.0175,10,0.57,1.0,114,0.55,0.9649,1,0.575,1.0087,1,0
IWM190920P154,2019-09-16,2019-09-16 09:32:41,0.58,1.0175,10,0.57,1.0,106,0.55,0.9649,1,0.575,1.0087,1,0
IWM190920P154,2019-09-16,2019-09-16 09:32:42,0.58,1.0175,10,0.57,1.0,419,0.55,0.9649,1,0.575,1.0087,1,0
IWM190920P154,2019-09-16,2019-09-16 09:32:43,0.58,1.0175,21,0.57,1.0,658,0.55,0.9649,1,0.575,1.0087,1,0
IWM190920P154,2019-09-16,2019-09-16 09:32:43,0.58,1.0175,10,0.57,1.0,409,0.55,0.9649,1,0.575,1.0087,1,0
IWM190920P154,2019-09-16,2019-09-16 09:32:44,0.58,1.0175,10,0.57,1.0,405,0.55,0.9649,1,0.575,1.0087,1,0
IWM190920P154,2019-09-16,2019-09-16 09:32:44,0.58,1.0175,10,0.57,1.0,658,0.55,0.9649,1,0.575,1.0087,1,0
IWM190920P154,2019-09-16,2019-09-16 09:32:45,0.59,1.035,81,0.57,1.0,405,0.58,1.0175,10,0.58,1.0175,11,10
IWM190920P154,2019-09-16,2019-09-16 09:32:45,0.58,1.0175,10,0.57,1.0,405,0.55,0.9649,1,0.575,1.0087,1,0
IWM190920P154,2019-09-16,2019-09-16 09:32:46,0.58,1.0175,22,0.57,1.0,116,0.58,1.0175,1,0.575,1.0087,12,1
IWM190920P154,2019-09-16,2019-09-16 09:32:46,0.58,1.0175,46,0.57,1.0,29,0.58,1.0175,1,0.575,1.0087,12,0
IWM190920P154,2019-09-16,2019-09-16 09:32:47,0.57,1.0,30,0.56,0.9824,117,0.58,1.0175,1,0.565,0.9912,12,0
IWM190920P154,2019-09-16,2019-09-16 09:32:47,0.58,1.0175,127,0.57,1.0,29,0.58,1.0175,1,0.575,1.0087,12,0
IWM190920P154,2019-09-16,2019-09-16 09:32:48,0.57,1.0,34,0.56,0.9824,177,0.58,1.0175,1,0.565,0.9912,12,0
IWM190920P154,2019-09-16,2019-09-16 09:32:49,0.57,1.0,30,0.55,0.9649,441,0.58,1.0175,1,0.56,0.9824,12,0
IWM190920P154,2019-09-16,2019-09-16 09:32:49,0.57,1.0,80,0.55,0.9649,869,0.58,1.0175,1,0.56,0.9824,12,0
IWM190920P154,2019-09-16,2019-09-16 09:32:50,0.57,1.0,123,0.55,0.9649,557,0.58,1.0175,1,0.56,0.9824,12,0
IWM190920P154,2019-09-16,2019-09-16 09:32:50,0.57,1.0,101,0.55,0.9649,557,0.58,1.0175,1,0.56,0.9824,12,0
IWM190920P154,2019-09-16,2019-09-16 09:32:51,0.57,1.0,123,0.55,0.9649,557,0.58,1.0175,1,0.56,0.9824,12,0
IWM190920P154,2019-09-16,2019-09-16 09:32:51,0.57,1.0,123,0.55,0.9649,750,0.58,1.0175,1,0.56,0.9824,12,0
IWM190920P154,2019-09-16,2019-09-16 09:32:52,0.57,1.0,125,0.55,0.9649,750,0.58,1.0175,1,0.56,0.9824,12,0
IWM190920P154,2019-09-16,2019-09-16 09:32:53,0.57,1.0,40,0.55,0.9649,1351,0.58,1.0175,1,0.56,0.9824,12,0
IWM190920P154,2019-09-16,2019-09-16 09:32:53,0.57,1.0,34,0.55,0.9649,626,0.58,1.0175,1,0.56,0.9824,12,0
IWM190920P154,2019-09-16,2019-09-16 09:32:54,0.57,1.0,34,0.55,0.9649,1353,0.58,1.0175,1,0.56,0.9824,12,0
IWM190920P154,2019-09-16,2019-09-16 09:32:54,0.57,1.0,34,0.55,0.9649,1121,0.58,1.0175,1,0.56,0.9824,12,0
IWM190920P154,2019-09-16,2019-09-16 09:32:55,0.57,1.0,34,0.56,0.9824,29,0.58,1.0175,1,0.565,0.9912,12,0
IWM190920P154,2019-09-16,2019-09-16 09:32:55,0.57,1.0,276,0.55,0.9649,200,0.58,1.0175,1,0.56,0.9824,12,0
IWM190920P154,2019-09-16,2019-09-16 09:32:56,0.56,0.9824,21,0.55,0.9649,163,0.58,1.0175,1,0.555,0.9736,12,0
IWM190920P154,2019-09-16,2019-09-16 09:32:56,0.56,0.9824,21,0.55,0.9649,676,0.58,1.0175,1,0.555,0.9736,12,0
IWM190920P154,2019-09-16,2019-09-16 09:32:57,0.56,0.9824,30,0.55,0.9649,251,0.58,1.0175,1,0.555,0.9736,12,0
IWM190920P154,2019-09-16,2019-09-16 09:32:57,0.56,0.9824,16,0.55,0.9649,163,0.58,1.0175,1,0.555,0.9736,12,0
IWM190920P154,2019-09-16,2019-09-16 09:32:58,0.56,0.9824,30,0.55,0.9649,68,0.58,1.0175,1,0.555,0.9736,12,0
IWM190920P154,2019-09-16,2019-09-16 09:32:59,0.56,0.9824,30,0.54,0.9473,920,0.58,1.0175,1,0.55,0.9649,12,0
IWM190920P154,2019-09-16,2019-09-16 09:32:59,0.56,0.9824,30,0.54,0.9473,781,0.58,1.0175,1,0.55,0.9649,12,0
IWM190920P154,2019-09-16,2019-09-16 09:33:00,0.56,0.9824,30,0.55,0.9649,61,0.58,1.0175,1,0.555,0.9736,12,0
IWM190920P154,2019-09-16,2019-09-16 09:33:01,0.57,1.0,175,0.55,0.9649,66,0.58,1.0175,1,0.56,0.9824,12,0
IWM190920P154,2019-09-16,2019-09-16 09:33:02,0.57,1.0,267,0.55,0.9649,10,0.58,1.0175,1,0.56,0.9824,12,0
IWM190920P154,2019-09-16,2019-09-16 09:33:02,0.56,0.9824,62,0.54,0.9473,500,0.58,1.0175,1,0.55,0.9649,12,0
IWM190920P154,2019-09-16,2019-09-16 09:33:03,0.56,0.9824,126,0.55,0.9649,32,0.58,1.0175,1,0.555,0.9736,12,0
IWM190920P154,2019-09-16,2019-09-16 09:33:03,0.56,0.9824,114,0.55,0.9649,32,0.58,1.0175,1,0.555,0.9736,12,0
IWM190920P154,2019-09-16,2019-09-16 09:33:04,0.56,0.9824,110,0.55,0.9649,20,0.58,1.0175,1,0.555,0.9736,12,0
IWM190920P154,2019-09-16,2019-09-16 09:33:04,0.56,0.9824,198,0.55,0.9649,20,0.58,1.0175,1,0.555,0.9736,12,0
IWM190920P154,2019-09-16,2019-09-16 09:33:05,0.56,0.9824,307,0.54,0.9473,805,0.58,1.0175,1,0.55,0.9649,12,0
IWM190920P154,2019-09-16,2019-09-16 09:33:05,0.56,0.9824,307,0.54,0.9473,815,0.58,1.0175,1,0.55,0.9649,12,0
IWM190920P154,2019-09-16,2019-09-16 09:33:06,0.56,0.9824,307,0.54,0.9473,815,0.58,1.0175,1,0.55,0.9649,12,0
IWM190920P154,2019-09-16,2019-09-16 09:33:07,0.55,0.9649,44,0.53,0.9298,1216,0.58,1.0175,1,0.54,0.9473,12,0
IWM190920P154,2019-09-16,2019-09-16 09:33:07,0.55,0.9649,10,0.54,0.9473,145,0.58,1.0175,1,0.545,0.9561,12,0
IWM190920P154,2019-09-16,2019-09-16 09:33:08,0.55,0.9649,15,0.54,0.9473,477,0.58,1.0175,1,0.545,0.9561,12,0
IWM190920P154,2019-09-16,2019-09-16 09:33:08,0.56,0.9824,337,0.54,0.9473,477,0.58,1.0175,1,0.55,0.9649,12,0
IWM190920P154,2019-09-16,2019-09-16 09:33:09,0.56,0.9824,337,0.54,0.9473,477,0.58,1.0175,1,0.55,0.9649,12,0
IWM190920P154,2019-09-16,2019-09-16 09:33:10,0.56,0.9824,337,0.54,0.9473,490,0.58,1.0175,1,0.55,0.9649,12,0
IWM190920P154,2019-09-16,2019-09-16 09:33:10,0.56,0.9824,337,0.54,0.9473,478,0.58,1.0175,1,0.55,0.9649,12,0
IWM190920P154,2019-09-16,2019-09-16 09:33:11,0.56,0.9824,337,0.54,0.9473,488,0.58,1.0175,1,0.55,0.9649,12,0
IWM190920P154,2019-09-16,2019-09-16 09:33:12,0.56,0.9824,337,0.54,0.9473,676,0.58,1.0175,1,0.55,0.9649,12,0
IWM190920P154,2019-09-16,2019-09-16 09:33:13,0.56,0.9824,267,0.54,0.9473,676,0.58,1.0175,1,0.55,0.9649,12,0
IWM190920P154,2019-09-16,2019-09-16 09:33:13,0.56,0.9824,267,0.54,0.9473,535,0.58,1.0175,1,0.55,0.9649,12,0
IWM190920P154,2019-09-16,2019-09-16 09:33:14,0.56,0.9824,267,0.54,0.9473,816,0.58,1.0175,1,0.55,0.9649,12,0
IWM190920P154,2019-09-16,2019-09-16 09:33:14,0.56,0.9824,162,0.54,0.9473,816,0.58,1.0175,1,0.55,0.9649,12,0
IWM190920P154,2019-09-16,2019-09-16 09:33:15,0.56,0.9824,181,0.54,0.9473,816,0.58,1.0175,1,0.55,0.9649,12,0
IWM190920P154,2019-09-16,2019-09-16 09:33:16,0.55,0.9649,28,0.54,0.9473,335,0.58,1.0175,1,0.545,0.9561,12,0
IWM190920P154,2019-09-16,2019-09-16 09:33:16,0.56,0.9824,190,0.54,0.9473,927,0.58,1.0175,1,0.55,0.9649,12,0
IWM190920P154,2019-09-16,2019-09-16 09:33:17,0.55,0.9649,75,0.54,0.9473,335,0.58,1.0175,1,0.545,0.9561,12,0
IWM190920P154,2019-09-16,2019-09-16 09:33:17,0.55,0.9649,75,0.54,0.9473,383,0.58,1.0175,1,0.545,0.9561,12,0
IWM190920P154,2019-09-16,2019-09-16 09:33:18,0.55,0.9649,75,0.54,0.9473,404,0.58,1.0175,1,0.545,0.9561,12,0
IWM190920P154,2019-09-16,2019-09-16 09:33:19,0.55,0.9649,75,0.54,0.9473,325,0.58,1.0175,1,0.545,0.9561,12,0
IWM190920P154,2019-09-16,2019-09-16 09:33:20,0.55,0.9649,78,0.53,0.9298,264,0.58,1.0175,1,0.54,0.9473,12,0
IWM190920P154,2019-09-16,2019-09-16 09:33:20,0.55,0.9649,75,0.54,0.9473,325,0.58,1.0175,1,0.545,0.9561,12,0
IWM190920P154,2019-09-16,2019-09-16 09:33:21,0.54,0.9473,35,0.53,0.9298,92,0.58,1.0175,1,0.535,0.9385,12,0
IWM190920P154,2019-09-16,2019-09-16 09:33:21,0.55,0.9649,200,0.53,0.9298,120,0.58,1.0175,1,0.54,0.9473,12,0
IWM190920P154,2019-09-16,2019-09-16 09:33:22,0.54,0.9473,35,0.53,0.9298,271,0.58,1.0175,1,0.535,0.9385,12,0
IWM190920P154,2019-09-16,2019-09-16 09:33:23,0.54,0.9473,35,0.53,0.9298,303,0.58,1.0175,1,0.535,0.9385,12,0
IWM190920P154,2019-09-16,2019-09-16 09:33:23,0.54,0.9473,16,0.53,0.9298,92,0.58,1.0175,1,0.535,0.9385,12,0
IWM190920P154,2019-09-16,2019-09-16 09:33:24,0.54,0.9473,16,0.52,0.9122,143,0.58,1.0175,1,0.53,0.9298,12,0
IWM190920P154,2019-09-16,2019-09-16 09:33:24,0.54,0.9473,191,0.52,0.9122,730,0.58,1.0175,1,0.53,0.9298,12,0
IWM190920P154,2019-09-16,2019-09-16 09:33:25,0.53,0.9298,7,0.51,0.8947,352,0.58,1.0175,1,0.52,0.9122,12,0
IWM190920P154,2019-09-16,2019-09-16 09:33:25,0.54,0.9473,230,0.52,0.9122,32,0.58,1.0175,1,0.53,0.9298,12,0
IWM190920P154,2019-09-16,2019-09-16 09:33:26,0.53,0.9298,50,0.51,0.8947,55,0.58,1.0175,1,0.52,0.9122,12,0
IWM190920P154,2019-09-16,2019-09-16 09:33:26,0.52,0.9122,10,0.51,0.8947,352,0.58,1.0175,1,0.515,0.9035,12,0
IWM190920P154,2019-09-16,2019-09-16 09:33:27,0.53,0.9298,180,0.51,0.8947,158,0.58,1.0175,1,0.52,0.9122,12,0
IWM190920P154,2019-09-16,2019-09-16 09:33:27,0.53,0.9298,223,0.51,0.8947,227,0.58,1.0175,1,0.52,0.9122,12,0
IWM190920P154,2019-09-16,2019-09-16 09:33:28,0.53,0.9298,223,0.51,0.8947,435,0.58,1.0175,1,0.52,0.9122,12,0
IWM190920P154,2019-09-16,2019-09-16 09:33:28,0.53,0.9298,223,0.51,0.8947,417,0.58,1.0175,1,0.52,0.9122,12,0
IWM190920P154,2019-09-16,2019-09-16 09:33:29,0.51,0.8947,7,0.5,0.8771,643,0.58,1.0175,1,0.505,0.8859,12,0
IWM190920P154,2019-09-16,2019-09-16 09:33:29,0.52,0.9122,150,0.51,0.8947,132,0.58,1.0175,1,0.515,0.9035,12,0
IWM190920P154,2019-09-16,2019-09-16 09:33:30,0.52,0.9122,173,0.5,0.8771,537,0.58,1.0175,1,0.51,0.8947,12,0
IWM190920P154,2019-09-16,2019-09-16 09:33:30,0.51,0.8947,19,0.5,0.8771,219,0.58,1.0175,1,0.505,0.8859,12,0
IWM190920P154,2019-09-16,2019-09-16 09:33:31,0.51,0.8947,106,0.49,0.8596,418,0.58,1.0175,1,0.5,0.8771,12,0
IWM190920P154,2019-09-16,2019-09-16 09:33:31,0.51,0.8947,82,0.49,0.8596,393,0.58,1.0175,1,0.5,0.8771,12,0
IWM190920P154,2019-09-16,2019-09-16 09:33:32,0.51,0.8947,75,0.49,0.8596,178,0.58,1.0175,1,0.5,0.8771,12,0
IWM190920P154,2019-09-16,2019-09-16 09:33:32,0.51,0.8947,106,0.49,0.8596,418,0.58,1.0175,1,0.5,0.8771,12,0
IWM190920P154,2019-09-16,2019-09-16 09:33:33,0.51,0.8947,75,0.49,0.8596,236,0.58,1.0175,1,0.5,0.8771,12,0
IWM190920P154,2019-09-16,2019-09-16 09:33:34,0.5,0.8771,7,0.49,0.8596,246,0.58,1.0175,1,0.495,0.8684,12,0
IWM190920P154,2019-09-16,2019-09-16 09:33:34,0.5,0.8771,7,0.49,0.8596,36,0.58,1.0175,1,0.495,0.8684,12,0
IWM190920P154,2019-09-16,2019-09-16 09:33:35,0.5,0.8771,150,0.49,0.8596,27,0.58,1.0175,1,0.495,0.8684,12,0
IWM190920P154,2019-09-16,2019-09-16 09:33:35,0.51,0.8947,142,0.49,0.8596,83,0.58,1.0175,1,0.5,0.8771,12,0
IWM190920P154,2019-09-16,2019-09-16 09:33:36,0.5,0.8771,173,0.48,0.8421,322,0.58,1.0175,1,0.49,0.8596,12,0
IWM190920P154,2019-09-16,2019-09-16 09:33:36,0.5,0.8771,173,0.48,0.8421,438,0.58,1.0175,1,0.49,0.8596,12,0
IWM190920P154,2019-09-16,2019-09-16 09:33:37,0.5,0.8771,221,0.48,0.8421,333,0.58,1.0175,1,0.49,0.8596,12,0
IWM190920P154,2019-09-16,2019-09-16 09:33:37,0.5,0.8771,221,0.48,0.8421,387,0.58,1.0175,1,0.49,0.8596,12,0
IWM190920P154,2019-09-16,2019-09-16 09:33:38,0.5,0.8771,188,0.48,0.8421,445,0.58,1.0175,1,0.49,0.8596,12,0
IWM190920P154,2019-09-16,2019-09-16 09:33:38,0.5,0.8771,168,0.48,0.8421,579,0.58,1.0175,1,0.49,0.8596,12,0
IWM190920P154,2019-09-16,2019-09-16 09:33:39,0.5,0.8771,210,0.48,0.8421,150,0.58,1.0175,1,0.49,0.8596,12,0
IWM190920P154,2019-09-16,2019-09-16 09:33:39,0.5,0.8771,226,0.48,0.8421,335,0.58,1.0175,1,0.49,0.8596,12,0
IWM190920P154,2019-09-16,2019-09-16 09:33:40,0.5,0.8771,26,0.48,0.8421,14,0.58,1.0175,1,0.49,0.8596,12,0
IWM190920P154,2019-09-16,2019-09-16 09:33:40,0.49,0.8596,42,0.48,0.8421,24,0.58,1.0175,1,0.485,0.8508,12,0
IWM190920P154,2019-09-16,2019-09-16 09:33:41,0.49,0.8596,150,0.47,0.8245,583,0.58,1.0175,1,0.48,0.8421,12,0
IWM190920P154,2019-09-16,2019-09-16 09:33:41,0.49,0.8596,118,0.48,0.8421,24,0.58,1.0175,1,0.485,0.8508,12,0
IWM190920P154,2019-09-16,2019-09-16 09:33:42,0.49,0.8596,210,0.47,0.8245,336,0.58,1.0175,1,0.48,0.8421,12,0
IWM190920P154,2019-09-16,2019-09-16 09:33:42,0.49,0.8596,484,0.47,0.8245,151,0.58,1.0175,1,0.48,0.8421,12,0
IWM190920P154,2019-09-16,2019-09-16 09:33:43,0.48,0.8421,160,0.47,0.8245,28,0.58,1.0175,1,0.475,0.8333,12,0
IWM190920P154,2019-09-16,2019-09-16 09:33:43,0.48,0.8421,110,0.47,0.8245,28,0.58,1.0175,1,0.475,0.8333,12,0
IWM190920P154,2019-09-16,2019-09-16 09:33:44,0.48,0.8421,99,0.46,0.807,343,0.58,1.0175,1,0.47,0.8245,12,0
IWM190920P154,2019-09-16,2019-09-16 09:33:44,0.48,0.8421,99,0.46,0.807,108,0.58,1.0175,1,0.47,0.8245,12,0
IWM190920P154,2019-09-16,2019-09-16 09:33:45,0.48,0.8421,31,0.47,0.8245,167,0.58,1.0175,1,0.475,0.8333,12,0
IWM190920P154,2019-09-16,2019-09-16 09:33:45,0.48,0.8421,207,0.46,0.807,372,0.58,1.0175,1,0.47,0.8245,12,0
IWM190920P154,2019-09-16,2019-09-16 09:33:46,0.49,0.8596,300,0.47,0.8245,285,0.58,1.0175,1,0.48,0.8421,12,0
IWM190920P154,2019-09-16,2019-09-16 09:33:46,0.49,0.8596,247,0.47,0.8245,211,0.58,1.0175,1,0.48,0.8421,12,0
IWM190920P154,2019-09-16,2019-09-16 09:33:47,0.49,0.8596,152,0.48,0.8421,25,0.58,1.0175,1,0.485,0.8508,12,0
IWM190920P154,2019-09-16,2019-09-16 09:33:47,0.49,0.8596,300,0.47,0.8245,200,0.58,1.0175,1,0.48,0.8421,12,0
IWM190920P154,2019-09-16,2019-09-16 09:33:48,0.49,0.8596,157,0.48,0.8421,13,0.58,1.0175,1,0.485,0.8508,12,0
IWM190920P154,2019-09-16,2019-09-16 09:33:48,0.49,0.8596,62,0.48,0.8421,35,0.58,1.0175,1,0.485,0.8508,12,0
IWM190920P154,2019-09-16,2019-09-16 09:33:49,0.49,0.8596,92,0.48,0.8421,13,0.58,1.0175,1,0.485,0.8508,12,0
IWM190920P154,2019-09-16,2019-09-16 09:33:49,0.49,0.8596,50,0.48,0.8421,262,0.58,1.0175,1,0.485,0.8508,12,0
IWM190920P154,2019-09-16,2019-09-16 09:33:50,0.49,0.8596,50,0.48,0.8421,224,0.58,1.0175,1,0.485,0.8508,12,0
IWM190920P154,2019-09-16,2019-09-16 09:33:50,0.49,0.8596,64,0.48,0.8421,163,0.58,1.0175,1,0.485,0.8508,12,0
IWM190920P154,2019-09-16,2019-09-16 09:33:51,0.5,0.8771,236,0.48,0.8421,126,0.58,1.0175,1,0.49,0.8596,12,0
IWM190920P154,2019-09-16,2019-09-16 09:33:52,0.49,0.8596,157,0.48,0.8421,16,0.58,1.0175,1,0.485,0.8508,12,0
IWM190920P154,2019-09-16,2019-09-16 09:33:52,0.49,0.8596,172,0.48,0.8421,16,0.58,1.0175,1,0.485,0.8508,12,0
IWM190920P154,2019-09-16,2019-09-16 09:33:53,0.49,0.8596,24,0.48,0.8421,13,0.58,1.0175,1,0.485,0.8508,12,0
IWM190920P154,2019-09-16,2019-09-16 09:33:53,0.49,0.8596,172,0.48,0.8421,16,0.58,1.0175,1,0.485,0.8508,12,0
IWM190920P154,2019-09-16,2019-09-16 09:33:54,0.49,0.8596,19,0.48,0.8421,29,0.58,1.0175,1,0.485,0.8508,12,0
IWM190920P154,2019-09-16,2019-09-16 09:33:54,0.49,0.8596,24,0.48,0.8421,23,0.58,1.0175,1,0.485,0.8508,12,0
IWM190920P154,2019-09-16,2019-09-16 09:33:55,0.49,0.8596,93,0.47,0.8245,132,0.58,1.0175,1,0.48,0.8421,12,0
IWM190920P154,2019-09-16,2019-09-16 09:33:55,0.49,0.8596,43,0.47,0.8245,261,0.58,1.0175,1,0.48,0.8421,12,0
IWM190920P154,2019-09-16,2019-09-16 09:33:56,0.49,0.8596,59,0.47,0.8245,271,0.58,1.0175,1,0.48,0.8421,12,0
IWM190920P154,2019-09-16,2019-09-16 09:33:57,0.49,0.8596,59,0.47,0.8245,92,0.58,1.0175,1,0.48,0.8421,12,0
IWM190920P154,2019-09-16,2019-09-16 09:33:57,0.49,0.8596,174,0.47,0.8245,92,0.58,1.0175,1,0.48,0.8421,12,0
IWM190920P154,2019-09-16,2019-09-16 09:33:58,0.49,0.8596,244,0.47,0.8245,177,0.58,1.0175,1,0.48,0.8421,12,0
IWM190920P154,2019-09-16,2019-09-16 09:33:58,0.49,0.8596,244,0.47,0.8245,130,0.58,1.0175,1,0.48,0.8421,12,0
IWM190920P154,2019-09-16,2019-09-16 09:33:59,0.49,0.8596,248,0.47,0.8245,237,0.58,1.0175,1,0.48,0.8421,12,0
IWM190920P154,2019-09-16,2019-09-16 09:33:59,0.48,0.8421,7,0.47,0.8245,58,0.58,1.0175,1,0.475,0.8333,12,0
IWM190920P154,2019-09-16,2019-09-16 09:34:00,0.48,0.8421,150,0.46,0.807,127,0.58,1.0175,1,0.47,0.8245,12,0
IWM190920P154,2019-09-16,2019-09-16 09:34:00,0.48,0.8421,21,0.47,0.8245,24,0.58,1.0175,1,0.475,0.8333,12,0
IWM190920P154,2019-09-16,2019-09-16 09:34:01,0.48,0.8421,215,0.47,0.8245,24,0.58,1.0175,1,0.475,0.8333,12,0
IWM190920P154,2019-09-16,2019-09-16 09:34:01,0.48,0.8421,182,0.47,0.8245,22,0.58,1.0175,1,0.475,0.8333,12,0
IWM190920P154,2019-09-16,2019-09-16 09:34:02,0.47,0.8245,125,0.46,0.807,16,0.58,1.0175,1,0.465,0.8157,12,0
IWM190920P154,2019-09-16,2019-09-16 09:34:02,0.48,0.8421,213,0.46,0.807,27,0.58,1.0175,1,0.47,0.8245,12,0
IWM190920P154,2019-09-16,2019-09-16 09:34:03,0.47,0.8245,77,0.46,0.807,27,0.58,1.0175,1,0.465,0.8157,12,0
IWM190920P154,2019-09-16,2019-09-16 09:34:03,0.47,0.8245,125,0.46,0.807,16,0.58,1.0175,1,0.465,0.8157,12,0
IWM190920P154,2019-09-16,2019-09-16 09:34:04,0.48,0.8421,229,0.47,0.8245,13,0.58,1.0175,1,0.475,0.8333,12,0
IWM190920P154,2019-09-16,2019-09-16 09:34:04,0.47,0.8245,35,0.46,0.807,13,0.58,1.0175,1,0.465,0.8157,12,0
IWM190920P154,2019-09-16,2019-09-16 09:34:05,0.48,0.8421,229,0.46,0.807,322,0.58,1.0175,1,0.47,0.8245,12,0
IWM190920P154,2019-09-16,2019-09-16 09:34:05,0.48,0.8421,229,0.46,0.807,131,0.58,1.0175,1,0.47,0.8245,12,0
IWM190920P154,2019-09-16,2019-09-16 09:34:06,0.48,0.8421,239,0.46,0.807,472,0.58,1.0175,1,0.47,0.8245,12,0
IWM190920P154,2019-09-16,2019-09-16 09:34:07,0.48,0.8421,239,0.46,0.807,404,0.58,1.0175,1,0.47,0.8245,12,0
IWM190920P154,2019-09-16,2019-09-16 09:34:07,0.48,0.8421,239,0.46,0.807,472,0.58,1.0175,1,0.47,0.8245,12,0
IWM190920P154,2019-09-16,2019-09-16 09:34:08,0.48,0.8421,229,0.46,0.807,404,0.58,1.0175,1,0.47,0.8245,12,0
IWM190920P154,2019-09-16,2019-09-16 09:34:09,0.48,0.8421,227,0.46,0.807,404,0.58,1.0175,1,0.47,0.8245,12,0
IWM190920P154,2019-09-16,2019-09-16 09:34:10,0.48,0.8421,207,0.46,0.807,105,0.58,1.0175,1,0.47,0.8245,12,0
IWM190920P154,2019-09-16,2019-09-16 09:34:10,0.48,0.8421,207,0.47,0.8245,13,0.58,1.0175,1,0.475,0.8333,12,0
IWM190920P154,2019-09-16,2019-09-16 09:34:11,0.49,0.8596,210,0.47,0.8245,74,0.58,1.0175,1,0.48,0.8421,12,0
IWM190920P154,2019-09-16,2019-09-16 09:34:11,0.49,0.8596,200,0.47,0.8245,28,0.58,1.0175,1,0.48,0.8421,12,0
IWM190920P154,2019-09-16,2019-09-16 09:34:12,0.49,0.8596,210,0.48,0.8421,13,0.58,1.0175,1,0.485,0.8508,12,0
IWM190920P154,2019-09-16,2019-09-16 09:34:12,0.49,0.8596,281,0.48,0.8421,13,0.58,1.0175,1,0.485,0.8508,12,0
IWM190920P154,2019-09-16,2019-09-16 09:34:13,0.49,0.8596,247,0.47,0.8245,112,0.58,1.0175,1,0.48,0.8421,12,0
IWM190920P154,2019-09-16,2019-09-16 09:34:13,0.49,0.8596,247,0.47,0.8245,45,0.48,0.8421,13,0.48,0.8421,25,13
IWM190920P154,2019-09-16,2019-09-16 09:34:14,0.49,0.8596,247,0.47,0.8245,49,0.48,0.8421,13,0.48,0.8421,25,0
IWM190920P154,2019-09-16,2019-09-16 09:34:14,0.49,0.8596,474,0.47,0.8245,160,0.48,0.8421,13,0.48,0.8421,25,0
IWM190920P154,2019-09-16,2019-09-16 09:34:15,0.48,0.8421,32,0.47,0.8245,223,0.48,0.8421,13,0.475,0.8333,25,0
IWM190920P154,2019-09-16,2019-09-16 09:34:16,0.49,0.8596,192,0.48,0.8421,21,0.48,0.8421,13,0.485,0.8508,25,0
IWM190920P154,2019-09-16,2019-09-16 09:34:16,0.49,0.8596,192,0.47,0.8245,223,0.48,0.8421,13,0.48,0.8421,25,0
IWM190920P154,2019-09-16,2019-09-16 09:34:17,0.49,0.8596,70,0.48,0.8421,28,0.48,0.8421,13,0.485,0.8508,25,0
IWM190920P154,2019-09-16,2019-09-16 09:34:17,0.49,0.8596,100,0.48,0.8421,21,0.48,0.8421,13,0.485,0.8508,25,0
IWM190920P154,2019-09-16,2019-09-16 09:34:18,0.49,0.8596,62,0.48,0.8421,28,0.48,0.8421,13,0.485,0.8508,25,0
IWM190920P154,2019-09-16,2019-09-16 09:34:18,0.49,0.8596,53,0.48,0.8421,24,0.48,0.8421,13,0.485,0.8508,25,0
IWM190920P154,2019-09-16,2019-09-16 09:34:19,0.49,0.8596,62,0.48,0.8421,13,0.48,0.8421,13,0.485,0.8508,25,0
IWM190920P154,2019-09-16,2019-09-16 09:34:19,0.49,0.8596,218,0.48,0.8421,17,0.48,0.8421,13,0.485,0.8508,25,0
IWM190920P154,2019-09-16,2019-09-16 09:34:20,0.49,0.8596,125,0.47,0.8245,17,0.48,0.8421,13,0.48,0.8421,25,0
IWM190920P154,2019-09-16,2019-09-16 09:34:20,0.49,0.8596,125,0.48,0.8421,13,0.48,0.8421,13,0.485,0.8508,25,0
IWM190920P154,2019-09-16,2019-09-16 09:34:21,0.48,0.8421,210,0.46,0.807,84,0.48,0.8421,13,0.47,0.8245,25,0
IWM190920P154,2019-09-16,2019-09-16 09:34:21,0.48,0.8421,195,0.47,0.8245,13,0.48,0.8421,13,0.475,0.8333,25,0
IWM190920P154,2019-09-16,2019-09-16 09:34:22,0.48,0.8421,210,0.46,0.807,57,0.48,0.8421,13,0.47,0.8245,25,0
IWM190920P154,2019-09-16,2019-09-16 09:34:22,0.48,0.8421,210,0.46,0.807,59,0.48,0.8421,13,0.47,0.8245,25,0
IWM190920P154,2019-09-16,2019-09-16 09:34:23,0.48,0.8421,222,0.47,0.8245,17,0.48,0.8421,13,0.475,0.8333,25,0
IWM190920P154,2019-09-16,2019-09-16 09:34:23,0.48,0.8421,222,0.46,0.807,59,0.48,0.8421,13,0.47,0.8245,25,0
IWM190920P154,2019-09-16,2019-09-16 09:34:24,0.48,0.8421,107,0.47,0.8245,36,0.48,0.8421,13,0.475,0.8333,25,0
IWM190920P154,2019-09-16,2019-09-16 09:34:24,0.48,0.8421,146,0.47,0.8245,36,0.48,0.8421,13,0.475,0.8333,25,0
IWM190920P154,2019-09-16,2019-09-16 09:34:25,0.48,0.8421,119,0.47,0.8245,36,0.48,0.8421,13,0.475,0.8333,25,0
IWM190920P154,2019-09-16,2019-09-16 09:34:25,0.48,0.8421,149,0.47,0.8245,36,0.48,0.8421,13,0.475,0.8333,25,0
IWM190920P154,2019-09-16,2019-09-16 09:34:26,0.48,0.8421,119,0.47,0.8245,36,0.48,0.8421,13,0.475,0.8333,25,0
IWM190920P154,2019-09-16,2019-09-16 09:34:26,0.48,0.8421,84,0.47,0.8245,184,0.48,0.8421,13,0.475,0.8333,25,0
IWM190920P154,2019-09-16,2019-09-16 09:34:27,0.48,0.8421,84,0.47,0.8245,299,0.48,0.8421,13,0.475,0.8333,25,0
IWM190920P154,2019-09-16,2019-09-16 09:34:27,0.48,0.8421,77,0.47,0.8245,299,0.48,0.8421,13,0.475,0.8333,25,0
IWM190920P154,2019-09-16,2019-09-16 09:34:28,0.48,0.8421,71,0.47,0.8245,299,0.48,0.8421,13,0.475,0.8333,25,0
IWM190920P154,2019-09-16,2019-09-16 09:34:29,0.48,0.8421,172,0.47,0.8245,219,0.48,0.8421,13,0.475,0.8333,25,0
IWM190920P154,2019-09-16,2019-09-16 09:34:29,0.48,0.8421,172,0.47,0.8245,45,0.48,0.8421,13,0.475,0.8333,25,0
IWM190920P154,2019-09-16,2019-09-16 09:34:30,0.48,0.8421,81,0.47,0.8245,195,0.48,0.8421,13,0.475,0.8333,25,0
IWM190920P154,2019-09-16,2019-09-16 09:34:30,0.48,0.8421,115,0.47,0.8245,120,0.48,0.8421,13,0.475,0.8333,25,0
IWM190920P154,2019-09-16,2019-09-16 09:34:31,0.49,0.8596,100,0.47,0.8245,131,0.48,0.8421,13,0.48,0.8421,25,0
IWM190920P154,2019-09-16,2019-09-16 09:34:31,0.49,0.8596,173,0.48,0.8421,13,0.48,0.8421,13,0.485,0.8508,25,0
IWM190920P154,2019-09-16,2019-09-16 09:34:32,0.49,0.8596,453,0.47,0.8245,26,0.48,0.8421,13,0.48,0.8421,25,0
IWM190920P154,2019-09-16,2019-09-16 09:34:32,0.49,0.8596,215,0.48,0.8421,13,0.48,0.8421,13,0.485,0.8508,25,0
IWM190920P154,2019-09-16,2019-09-16 09:34:33,0.48,0.8421,185,0.47,0.8245,20,0.48,0.8421,13,0.475,0.8333,25,0
IWM190920P154,2019-09-16,2019-09-16 09:34:33,0.48,0.8421,175,0.47,0.8245,26,0.48,0.8421,13,0.475,0.8333,25,0
IWM190920P154,2019-09-16,2019-09-16 09:34:34,0.48,0.8421,185,0.47,0.8245,23,0.48,0.8421,13,0.475,0.8333,25,0
IWM190920P154,2019-09-16,2019-09-16 09:34:34,0.48,0.8421,150,0.47,0.8245,23,0.48,0.8421,13,0.475,0.8333,25,0
IWM190920P154,2019-09-16,2019-09-16 09:34:35,0.48,0.8421,103,0.47,0.8245,13,0.48,0.8421,13,0.475,0.8333,25,0
IWM190920P154,2019-09-16,2019-09-16 09:34:35,0.48,0.8421,133,0.47,0.8245,13,0.48,0.8421,13,0.475,0.8333,25,0
IWM190920P154,2019-09-16,2019-09-16 09:34:36,0.48,0.8421,110,0.47,0.8245,13,0.48,0.8421,13,0.475,0.8333,25,0
IWM190920P154,2019-09-16,2019-09-16 09:34:36,0.48,0.8421,167,0.47,0.8245,13,0.48,0.8421,13,0.475,0.8333,25,0
IWM190920P154,2019-09-16,2019-09-16 09:34:37,0.48,0.8421,240,0.46,0.807,688,0.48,0.8421,100,0.47,0.8245,125,100
IWM190920P154,2019-09-16,2019-09-16 09:34:37,0.48,0.8421,240,0.46,0.807,734,0.48,0.8421,13,0.47,0.8245,25,0
IWM190920P154,2019-09-16,2019-09-16 09:34:38,0.48,0.8421,240,0.46,0.807,548,0.48,0.8421,100,0.47,0.8245,125,0
IWM190920P154,2019-09-16,2019-09-16 09:34:38,0.48,0.8421,81,0.46,0.807,548,0.48,0.8421,100,0.47,0.8245,125,0
IWM190920P154,2019-09-16,2019-09-16 09:34:39,0.48,0.8421,147,0.47,0.8245,20,0.48,0.8421,100,0.475,0.8333,125,0
IWM190920P154,2019-09-16,2019-09-16 09:34:39,0.48,0.8421,147,0.47,0.8245,39,0.48,0.8421,100,0.475,0.8333,125,0
IWM190920P154,2019-09-16,2019-09-16 09:34:40,0.48,0.8421,207,0.47,0.8245,39,0.48,0.8421,100,0.475,0.8333,125,0
IWM190920P154,2019-09-16,2019-09-16 09:34:40,0.49,0.8596,255,0.47,0.8245,43,0.48,0.8421,100,0.48,0.8421,125,0
IWM190920P154,2019-09-16,2019-09-16 09:34:41,0.48,0.8421,27,0.47,0.8245,32,0.48,0.8421,100,0.475,0.8333,125,0
IWM190920P154,2019-09-16,2019-09-16 09:34:41,0.49,0.8596,275,0.47,0.8245,57,0.48,0.8421,100,0.48,0.8421,125,0
IWM190920P154,2019-09-16,2019-09-16 09:34:42,0.48,0.8421,168,0.47,0.8245,39,0.48,0.8421,100,0.475,0.8333,125,0
IWM190920P154,2019-09-16,2019-09-16 09:34:42,0.48,0.8421,106,0.47,0.8245,32,0.48,0.8421,100,0.475,0.8333,125,0
IWM190920P154,2019-09-16,2019-09-16 09:34:43,0.49,0.8596,221,0.48,0.8421,27,0.48,0.8421,100,0.485,0.8508,125,0
IWM190920P154,2019-09-16,2019-09-16 09:34:43,0.48,0.8421,182,0.47,0.8245,32,0.48,0.8421,100,0.475,0.8333,125,0
IWM190920P154,2019-09-16,2019-09-16 09:34:44,0.49,0.8596,234,0.47,0.8245,228,0.48,0.8421,100,0.48,0.8421,125,0
IWM190920P154,2019-09-16,2019-09-16 09:34:45,0.48,0.8421,4,0.47,0.8245,55,0.48,0.8421,100,0.475,0.8333,125,0
IWM190920P154,2019-09-16,2019-09-16 09:34:45,0.49,0.8596,254,0.47,0.8245,210,0.48,0.8421,100,0.48,0.8421,125,0
IWM190920P154,2019-09-16,2019-09-16 09:34:46,0.48,0.8421,189,0.47,0.8245,104,0.48,0.8421,100,0.475,0.8333,125,0
IWM190920P154,2019-09-16,2019-09-16 09:34:46,0.48,0.8421,125,0.47,0.8245,148,0.48,0.8421,100,0.475,0.8333,125,0
IWM190920P154,2019-09-16,2019-09-16 09:34:47,0.48,0.8421,10,0.47,0.8245,257,0.48,0.8421,100,0.475,0.8333,125,0
IWM190920P154,2019-09-16,2019-09-16 09:34:47,0.48,0.8421,25,0.47,0.8245,257,0.48,0.8421,100,0.475,0.8333,125,0
IWM190920P154,2019-09-16,2019-09-16 09:34:48,0.48,0.8421,146,0.47,0.8245,132,0.48,0.8421,100,0.475,0.8333,125,0
IWM190920P154,2019-09-16,2019-09-16 09:34:48,0.48,0.8421,136,0.47,0.8245,30,0.48,0.8421,100,0.475,0.8333,125,0
IWM190920P154,2019-09-16,2019-09-16 09:34:49,0.48,0.8421,76,0.47,0.8245,168,0.48,0.8421,100,0.475,0.8333,125,0
IWM190920P154,2019-09-16,2019-09-16 09:34:49,0.48,0.8421,273,0.47,0.8245,70,0.48,0.8421,100,0.475,0.8333,125,0
IWM190920P154,2019-09-16,2019-09-16 09:34:50,0.48,0.8421,167,0.46,0.807,113,0.48,0.8421,100,0.47,0.8245,125,0
IWM190920P154,2019-09-16,2019-09-16 09:34:50,0.48,0.8421,349,0.46,0.807,322,0.48,0.8421,100,0.47,0.8245,125,0
IWM190920P154,2019-09-16,2019-09-16 09:34:51,0.48,0.8421,352,0.46,0.807,331,0.48,0.8421,100,0.47,0.8245,125,0
IWM190920P154,2019-09-16,2019-09-16 09:34:51,0.47,0.8245,162,0.45,0.7894,156,0.48,0.8421,100,0.46,0.807,125,0
IWM190920P154,2019-09-16,2019-09-16 09:34:52,0.47,0.8245,404,0.45,0.7894,176,0.48,0.8421,100,0.46,0.807,125,0
IWM190920P154,2019-09-16,2019-09-16 09:34:52,0.47,0.8245,386,0.45,0.7894,156,0.48,0.8421,100,0.46,0.807,125,0
IWM190920P154,2019-09-16,2019-09-16 09:34:53,0.46,0.807,79,0.45,0.7894,174,0.48,0.8421,100,0.455,0.7982,125,0
IWM190920P154,2019-09-16,2019-09-16 09:34:53,0.47,0.8245,187,0.46,0.807,13,0.48,0.8421,100,0.465,0.8157,125,0
IWM190920P154,2019-09-16,2019-09-16 09:34:54,0.47,0.8245,345,0.45,0.7894,71,0.48,0.8421,100,0.46,0.807,125,0
IWM190920P154,2019-09-16,2019-09-16 09:34:54,0.47,0.8245,388,0.45,0.7894,185,0.48,0.8421,100,0.46,0.807,125,0
IWM190920P154,2019-09-16,2019-09-16 09:34:55,0.47,0.8245,388,0.45,0.7894,312,0.48,0.8421,100,0.46,0.807,125,0
IWM190920P154,2019-09-16,2019-09-16 09:34:55,0.47,0.8245,388,0.45,0.7894,269,0.48,0.8421,100,0.46,0.807,125,0
IWM190920P154,2019-09-16,2019-09-16 09:34:56,0.47,0.8245,378,0.45,0.7894,377,0.48,0.8421,100,0.46,0.807,125,0
IWM190920P154,2019-09-16,2019-09-16 09:34:56,0.47,0.8245,378,0.45,0.7894,355,0.48,0.8421,100,0.46,0.807,125,0
IWM190920P154,2019-09-16,2019-09-16 09:34:57,0.47,0.8245,388,0.45,0.7894,377,0.48,0.8421,100,0.46,0.807,125,0
IWM190920P154,2019-09-16,2019-09-16 09:34:58,0.47,0.8245,388,0.45,0.7894,408,0.48,0.8421,100,0.46,0.807,125,0
IWM190920P154,2019-09-16,2019-09-16 09:34:58,0.47,0.8245,378,0.45,0.7894,408,0.48,0.8421,100,0.46,0.807,125,0
IWM190920P154,2019-09-16,2019-09-16 09:34:59,0.47,0.8245,421,0.45,0.7894,87,0.48,0.8421,100,0.46,0.807,125,0
IWM190920P154,2019-09-16,2019-09-16 09:34:59,0.47,0.8245,355,0.45,0.7894,284,0.48,0.8421,100,0.46,0.807,125,0
IWM190920P154,2019-09-16,2019-09-16 09:35:00,0.46,0.807,173,0.45,0.7894,13,0.48,0.8421,100,0.455,0.7982,125,0
IWM190920P154,2019-09-16,2019-09-16 09:35:01,0.46,0.807,173,0.45,0.7894,16,0.48,0.8421,100,0.455,0.7982,125,0
IWM190920P154,2019-09-16,2019-09-16 09:35:01,0.46,0.807,244,0.44,0.7719,317,0.48,0.8421,100,0.45,0.7894,125,0
IWM190920P154,2019-09-16,2019-09-16 09:35:02,0.46,0.807,173,0.44,0.7719,277,0.48,0.8421,100,0.45,0.7894,125,0
IWM190920P154,2019-09-16,2019-09-16 09:35:02,0.46,0.807,379,0.44,0.7719,288,0.48,0.8421,100,0.45,0.7894,125,0
IWM190920P154,2019-09-16,2019-09-16 09:35:03,0.46,0.807,317,0.44,0.7719,649,0.48,0.8421,100,0.45,0.7894,125,0
IWM190920P154,2019-09-16,2019-09-16 09:35:03,0.46,0.807,202,0.44,0.7719,249,0.48,0.8421,100,0.45,0.7894,125,0
IWM190920P154,2019-09-16,2019-09-16 09:35:04,0.46,0.807,167,0.44,0.7719,508,0.48,0.8421,100,0.45,0.7894,125,0
IWM190920P154,2019-09-16,2019-09-16 09:35:05,0.46,0.807,249,0.44,0.7719,261,0.48,0.8421,100,0.45,0.7894,125,0
IWM190920P154,2019-09-16,2019-09-16 09:35:05,0.46,0.807,344,0.44,0.7719,409,0.48,0.8421,100,0.45,0.7894,125,0
IWM190920P154,2019-09-16,2019-09-16 09:35:06,0.46,0.807,299,0.44,0.7719,297,0.48,0.8421,100,0.45,0.7894,125,0
IWM190920P154,2019-09-16,2019-09-16 09:35:06,0.46,0.807,438,0.44,0.7719,246,0.48,0.8421,100,0.45,0.7894,125,0
IWM190920P154,2019-09-16,2019-09-16 09:35:07,0.46,0.807,394,0.44,0.7719,215,0.48,0.8421,100,0.45,0.7894,125,0
IWM190920P154,2019-09-16,2019-09-16 09:35:07,0.46,0.807,493,0.44,0.7719,215,0.48,0.8421,100,0.45,0.7894,125,0
IWM190920P154,2019-09-16,2019-09-16 09:35:08,0.46,0.807,1001,0.44,0.7719,20,0.48,0.8421,100,0.45,0.7894,125,0
IWM190920P154,2019-09-16,2019-09-16 09:35:08,0.46,0.807,878,0.44,0.7719,99,0.48,0.8421,100,0.45,0.7894,125,0
IWM190920P154,2019-09-16,2019-09-16 09:35:09,0.46,0.807,561,0.43,0.7543,371,0.48,0.8421,100,0.445,0.7807,125,0
IWM190920P154,2019-09-16,2019-09-16 09:35:09,0.46,0.807,1001,0.43,0.7543,371,0.48,0.8421,100,0.445,0.7807,125,0
IWM190920P154,2019-09-16,2019-09-16 09:35:10,0.46,0.807,524,0.44,0.7719,5,0.48,0.8421,100,0.45,0.7894,125,0
IWM190920P154,2019-09-16,2019-09-16 09:35:10,0.46,0.807,534,0.44,0.7719,26,0.48,0.8421,100,0.45,0.7894,125,0
IWM190920P154,2019-09-16,2019-09-16 09:35:11,0.46,0.807,551,0.44,0.7719,172,0.48,0.8421,100,0.45,0.7894,125,0
IWM190920P154,2019-09-16,2019-09-16 09:35:11,0.46,0.807,961,0.44,0.7719,172,0.48,0.8421,100,0.45,0.7894,125,0
IWM190920P154,2019-09-16,2019-09-16 09:35:12,0.46,0.807,540,0.44,0.7719,9,0.48,0.8421,100,0.45,0.7894,125,0
IWM190920P154,2019-09-16,2019-09-16 09:35:12,0.46,0.807,551,0.44,0.7719,129,0.48,0.8421,100,0.45,0.7894,125,0
IWM190920P154,2019-09-16,2019-09-16 09:35:13,0.46,0.807,1447,0.44,0.7719,9,0.48,0.8421,100,0.45,0.7894,125,0
IWM190920P154,2019-09-16,2019-09-16 09:35:13,0.46,0.807,225,0.44,0.7719,12,0.48,0.8421,100,0.45,0.7894,125,0
IWM190920P154,2019-09-16,2019-09-16 09:35:14,0.46,0.807,709,0.44,0.7719,18,0.48,0.8421,100,0.45,0.7894,125,0
IWM190920P154,2019-09-16,2019-09-16 09:35:14,0.47,0.8245,510,0.44,0.7719,258,0.48,0.8421,100,0.455,0.7982,125,0
IWM190920P154,2019-09-16,2019-09-16 09:35:15,0.46,0.807,366,0.44,0.7719,314,0.48,0.8421,100,0.45,0.7894,125,0
IWM190920P154,2019-09-16,2019-09-16 09:35:16,0.46,0.807,439,0.44,0.7719,324,0.48,0.8421,100,0.45,0.7894,125,0
IWM190920P154,2019-09-16,2019-09-16 09:35:17,0.46,0.807,440,0.44,0.7719,324,0.48,0.8421,100,0.45,0.7894,125,0
IWM190920P154,2019-09-16,2019-09-16 09:35:17,0.46,0.807,476,0.44,0.7719,324,0.48,0.8421,100,0.45,0.7894,125,0
IWM190920P154,2019-09-16,2019-09-16 09:35:18,0.46,0.807,463,0.44,0.7719,324,0.48,0.8421,100,0.45,0.7894,125,0
IWM190920P154,2019-09-16,2019-09-16 09:35:19,0.46,0.807,200,0.44,0.7719,324,0.48,0.8421,100,0.45,0.7894,125,0
IWM190920P154,2019-09-16,2019-09-16 09:35:19,0.46,0.807,200,0.45,0.7894,18,0.48,0.8421,100,0.455,0.7982,125,0
IWM190920P154,2019-09-16,2019-09-16 09:35:20,0.46,0.807,364,0.45,0.7894,18,0.48,0.8421,100,0.455,0.7982,125,0
IWM190920P154,2019-09-16,2019-09-16 09:35:20,0.46,0.807,496,0.44,0.7719,227,0.48,0.8421,100,0.45,0.7894,125,0
IWM190920P154,2019-09-16,2019-09-16 09:35:21,0.46,0.807,466,0.44,0.7719,227,0.48,0.8421,100,0.45,0.7894,125,0
IWM190920P154,2019-09-16,2019-09-16 09:35:21,0.46,0.807,493,0.44,0.7719,60,0.48,0.8421,100,0.45,0.7894,125,0
IWM190920P154,2019-09-16,2019-09-16 09:35:22,0.46,0.807,632,0.44,0.7719,60,0.48,0.8421,100,0.45,0.7894,125,0
IWM190920P154,2019-09-16,2019-09-16 09:35:22,0.46,0.807,632,0.44,0.7719,40,0.48,0.8421,100,0.45,0.7894,125,0
IWM190920P154,2019-09-16,2019-09-16 09:35:23,0.47,0.8245,34,0.44,0.7719,376,0.48,0.8421,100,0.455,0.7982,125,0
IWM190920P154,2019-09-16,2019-09-16 09:35:23,0.45,0.7894,200,0.44,0.7719,40,0.48,0.8421,100,0.445,0.7807,125,0
IWM190920P154,2019-09-16,2019-09-16 09:35:24,0.46,0.807,235,0.44,0.7719,288,0.48,0.8421,100,0.45,0.7894,125,0
IWM190920P154,2019-09-16,2019-09-16 09:35:24,0.46,0.807,323,0.44,0.7719,315,0.48,0.8421,100,0.45,0.7894,125,0
IWM190920P154,2019-09-16,2019-09-16 09:35:25,0.47,0.8245,52,0.45,0.7894,168,0.48,0.8421,100,0.46,0.807,125,0
IWM190920P154,2019-09-16,2019-09-16 09:35:25,0.46,0.807,115,0.44,0.7719,466,0.48,0.8421,100,0.45,0.7894,125,0
IWM190920P154,2019-09-16,2019-09-16 09:35:26,0.47,0.8245,247,0.45,0.7894,336,0.48,0.8421,100,0.46,0.807,125,0
IWM190920P154,2019-09-16,2019-09-16 09:35:26,0.47,0.8245,177,0.45,0.7894,324,0.48,0.8421,100,0.46,0.807,125,0
IWM190920P154,2019-09-16,2019-09-16 09:35:27,0.47,0.8245,337,0.45,0.7894,712,0.48,0.8421,100,0.46,0.807,125,0
IWM190920P154,2019-09-16,2019-09-16 09:35:28,0.47,0.8245,446,0.45,0.7894,712,0.48,0.8421,100,0.46,0.807,125,0
IWM190920P154,2019-09-16,2019-09-16 09:35:28,0.47,0.8245,446,0.46,0.807,21,0.48,0.8421,100,0.465,0.8157,125,0
IWM190920P154,2019-09-16,2019-09-16 09:35:29,0.48,0.8421,344,0.46,0.807,181,0.48,0.8421,100,0.47,0.8245,125,0
IWM190920P154,2019-09-16,2019-09-16 09:35:29,0.48,0.8421,431,0.46,0.807,43,0.48,0.8421,100,0.47,0.8245,125,0
IWM190920P154,2019-09-16,2019-09-16 09:35:30,0.47,0.8245,307,0.46,0.807,55,0.48,0.8421,100,0.465,0.8157,125,0
IWM190920P154,2019-09-16,2019-09-16 09:35:30,0.48,0.8421,612,0.46,0.807,55,0.48,0.8421,100,0.47,0.8245,125,0
IWM190920P154,2019-09-16,2019-09-16 09:35:31,0.47,0.8245,240,0.46,0.807,10,0.48,0.8421,100,0.465,0.8157,125,0
IWM190920P154,2019-09-16,2019-09-16 09:35:31,0.47,0.8245,135,0.46,0.807,10,0.48,0.8421,100,0.465,0.8157,125,0
IWM190920P154,2019-09-16,2019-09-16 09:35:32,0.47,0.8245,217,0.46,0.807,13,0.48,0.8421,100,0.465,0.8157,125,0
IWM190920P154,2019-09-16,2019-09-16 09:35:32,0.47,0.8245,416,0.46,0.807,13,0.48,0.8421,100,0.465,0.8157,125,0
IWM190920P154,2019-09-16,2019-09-16 09:35:33,0.47,0.8245,293,0.45,0.7894,87,0.48,0.8421,100,0.46,0.807,125,0
IWM190920P154,2019-09-16,2019-09-16 09:35:34,0.47,0.8245,224,0.46,0.807,37,0.48,0.8421,100,0.465,0.8157,125,0
IWM190920P154,2019-09-16,2019-09-16 09:35:34,0.47,0.8245,254,0.46,0.807,19,0.48,0.8421,100,0.465,0.8157,125,0
IWM190920P154,2019-09-16,2019-09-16 09:35:35,0.47,0.8245,118,0.46,0.807,31,0.48,0.8421,100,0.465,0.8157,125,0
IWM190920P154,2019-09-16,2019-09-16 09:35:35,0.47,0.8245,382,0.46,0.807,37,0.48,0.8421,100,0.465,0.8157,125,0
IWM190920P154,2019-09-16,2019-09-16 09:35:36,0.47,0.8245,472,0.45,0.7894,108,0.48,0.8421,100,0.46,0.807,125,0
IWM190920P154,2019-09-16,2019-09-16 09:35:36,0.47,0.8245,255,0.45,0.7894,108,0.48,0.8421,100,0.46,0.807,125,0
IWM190920P154,2019-09-16,2019-09-16 09:35:37,0.47,0.8245,434,0.45,0.7894,108,0.48,0.8421,100,0.46,0.807,125,0
IWM190920P154,2019-09-16,2019-09-16 09:35:37,0.47,0.8245,434,0.46,0.807,22,0.48,0.8421,100,0.465,0.8157,125,0
IWM190920P154,2019-09-16,2019-09-16 09:35:38,0.47,0.8245,434,0.46,0.807,31,0.48,0.8421,100,0.465,0.8157,125,0
IWM190920P154,2019-09-16,2019-09-16 09:35:38,0.47,0.8245,21,0.46,0.807,31,0.48,0.8421,100,0.465,0.8157,125,0
IWM190920P154,2019-09-16,2019-09-16 09:35:39,0.48,0.8421,227,0.46,0.807,361,0.48,0.8421,100,0.47,0.8245,125,0
IWM190920P154,2019-09-16,2019-09-16 09:35:39,0.48,0.8421,225,0.46,0.807,130,0.48,0.8421,100,0.47,0.8245,125,0
IWM190920P154,2019-09-16,2019-09-16 09:35:40,0.48,0.8421,540,0.46,0.807,321,0.48,0.8421,100,0.47,0.8245,125,0
IWM190920P154,2019-09-16,2019-09-16 09:35:40,0.48,0.8421,457,0.46,0.807,321,0.48,0.8421,100,0.47,0.8245,125,0
IWM190920P154,2019-09-16,2019-09-16 09:35:41,0.47,0.8245,42,0.46,0.807,321,0.48,0.8421,100,0.465,0.8157,125,0
IWM190920P154,2019-09-16,2019-09-16 09:35:41,0.47,0.8245,412,0.45,0.7894,388,0.48,0.8421,100,0.46,0.807,125,0
IWM190920P154,2019-09-16,2019-09-16 09:35:42,0.47,0.8245,179,0.45,0.7894,361,0.48,0.8421,100,0.46,0.807,125,0
IWM190920P154,2019-09-16,2019-09-16 09:35:42,0.47,0.8245,276,0.46,0.807,24,0.48,0.8421,100,0.465,0.8157,125,0
IWM190920P154,2019-09-16,2019-09-16 09:35:43,0.47,0.8245,78,0.46,0.807,32,0.48,0.8421,100,0.465,0.8157,125,0
IWM190920P154,2019-09-16,2019-09-16 09:35:43,0.47,0.8245,312,0.45,0.7894,566,0.48,0.8421,100,0.46,0.807,125,0
IWM190920P154,2019-09-16,2019-09-16 09:35:44,0.47,0.8245,234,0.45,0.7894,376,0.48,0.8421,100,0.46,0.807,125,0
IWM190920P154,2019-09-16,2019-09-16 09:35:45,0.47,0.8245,234,0.46,0.807,17,0.48,0.8421,100,0.465,0.8157,125,0
IWM190920P154,2019-09-16,2019-09-16 09:35:46,0.48,0.8421,932,0.44,0.7719,887,0.48,0.8421,100,0.46,0.807,125,0
IWM190920P154,2019-09-16,2019-09-16 09:35:46,0.47,0.8245,178,0.45,0.7894,24,0.48,0.8421,100,0.46,0.807,125,0
IWM190920P154,2019-09-16,2019-09-16 09:35:47,0.47,0.8245,7,0.45,0.7894,13,0.48,0.8421,100,0.46,0.807,125,0
IWM190920P154,2019-09-16,2019-09-16 09:35:47,0.47,0.8245,110,0.46,0.807,20,0.48,0.8421,100,0.465,0.8157,125,0
IWM190920P154,2019-09-16,2019-09-16 09:35:48,0.47,0.8245,102,0.46,0.807,13,0.48,0.8421,100,0.465,0.8157,125,0
IWM190920P154,2019-09-16,2019-09-16 09:35:48,0.47,0.8245,110,0.46,0.807,39,0.48,0.8421,100,0.465,0.8157,125,0
IWM190920P154,2019-09-16,2019-09-16 09:35:49,0.47,0.8245,138,0.45,0.7894,571,0.48,0.8421,100,0.46,0.807,125,0
IWM190920P154,2019-09-16,2019-09-16 09:35:49,0.47,0.8245,86,0.46,0.807,29,0.48,0.8421,100,0.465,0.8157,125,0
IWM190920P154,2019-09-16,2019-09-16 09:35:50,0.47,0.8245,195,0.45,0.7894,571,0.48,0.8421,100,0.46,0.807,125,0
IWM190920P154,2019-09-16,2019-09-16 09:35:50,0.47,0.8245,213,0.46,0.807,40,0.48,0.8421,100,0.465,0.8157,125,0
IWM190920P154,2019-09-16,2019-09-16 09:35:51,0.47,0.8245,213,0.46,0.807,40,0.48,0.8421,100,0.465,0.8157,125,0
IWM190920P154,2019-09-16,2019-09-16 09:35:52,0.47,0.8245,209,0.46,0.807,22,0.48,0.8421,100,0.465,0.8157,125,0
IWM190920P154,2019-09-16,2019-09-16 09:35:53,0.47,0.8245,222,0.46,0.807,43,0.48,0.8421,100,0.465,0.8157,125,0
IWM190920P154,2019-09-16,2019-09-16 09:35:53,0.48,0.8421,185,0.45,0.7894,526,0.48,0.8421,100,0.465,0.8157,125,0
IWM190920P154,2019-09-16,2019-09-16 09:35:54,0.47,0.8245,110,0.45,0.7894,292,0.48,0.8421,100,0.46,0.807,125,0
IWM190920P154,2019-09-16,2019-09-16 09:35:54,0.47,0.8245,159,0.45,0.7894,606,0.48,0.8421,100,0.46,0.807,125,0
IWM190920P154,2019-09-16,2019-09-16 09:35:55,0.47,0.8245,260,0.45,0.7894,603,0.48,0.8421,100,0.46,0.807,125,0
IWM190920P154,2019-09-16,2019-09-16 09:35:55,0.47,0.8245,103,0.45,0.7894,698,0.48,0.8421,100,0.46,0.807,125,0
IWM190920P154,2019-09-16,2019-09-16 09:35:56,0.48,0.8421,531,0.45,0.7894,838,0.48,0.8421,100,0.465,0.8157,125,0
IWM190920P154,2019-09-16,2019-09-16 09:35:56,0.48,0.8421,99,0.45,0.7894,615,0.48,0.8421,100,0.465,0.8157,125,0
IWM190920P154,2019-09-16,2019-09-16 09:35:57,0.48,0.8421,162,0.45,0.7894,1121,0.48,0.8421,100,0.465,0.8157,125,0
IWM190920P154,2019-09-16,2019-09-16 09:35:57,0.48,0.8421,279,0.46,0.807,626,0.48,0.8421,100,0.47,0.8245,125,0
IWM190920P154,2019-09-16,2019-09-16 09:35:58,0.49,0.8596,237,0.46,0.807,931,0.48,0.8421,100,0.475,0.8333,125,0
IWM190920P154,2019-09-16,2019-09-16 09:35:58,0.48,0.8421,155,0.46,0.807,654,0.48,0.8421,100,0.47,0.8245,125,0
IWM190920P154,2019-09-16,2019-09-16 09:35:59,0.5,0.8771,569,0.48,0.8421,368,0.48,0.8421,100,0.49,0.8596,125,0
IWM190920P154,2019-09-16,2019-09-16 09:35:59,0.5,0.8771,140,0.48,0.8421,10,0.48,0.8421,100,0.49,0.8596,125,0
IWM190920P154,2019-09-16,2019-09-16 09:36:00,0.5,0.8771,241,0.48,0.8421,20,0.48,0.8421,100,0.49,0.8596,125,0
IWM190920P154,2019-09-16,2019-09-16 09:36:00,0.5,0.8771,999,0.48,0.8421,20,0.48,0.8421,100,0.49,0.8596,125,0
IWM190920P154,2019-09-16,2019-09-16 09:36:01,0.49,0.8596,238,0.48,0.8421,79,0.48,0.8421,100,0.485,0.8508,125,0
IWM190920P154,2019-09-16,2019-09-16 09:36:01,0.49,0.8596,143,0.48,0.8421,45,0.48,0.8421,100,0.485,0.8508,125,0
IWM190920P154,2019-09-16,2019-09-16 09:36:02,0.49,0.8596,201,0.47,0.8245,31,0.48,0.8421,100,0.48,0.8421,125,0
IWM190920P154,2019-09-16,2019-09-16 09:36:02,0.49,0.8596,238,0.47,0.8245,38,0.48,0.8421,100,0.48,0.8421,125,0
IWM190920P154,2019-09-16,2019-09-16 09:36:03,0.48,0.8421,7,0.47,0.8245,30,0.48,0.8421,100,0.475,0.8333,125,0
IWM190920P154,2019-09-16,2019-09-16 09:36:04,0.48,0.8421,157,0.47,0.8245,174,0.48,0.8421,100,0.475,0.8333,125,0
IWM190920P154,2019-09-16,2019-09-16 09:36:04,0.49,0.8596,349,0.47,0.8245,132,0.48,0.8421,100,0.48,0.8421,125,0
IWM190920P154,2019-09-16,2019-09-16 09:36:05,0.49,0.8596,534,0.47,0.8245,198,0.48,0.8421,100,0.48,0.8421,125,0
IWM190920P154,2019-09-16,2019-09-16 09:36:05,0.48,0.8421,157,0.47,0.8245,273,0.48,0.8421,100,0.475,0.8333,125,0
IWM190920P154,2019-09-16,2019-09-16 09:36:06,0.48,0.8421,7,0.47,0.8245,246,0.48,0.8421,100,0.475,0.8333,125,0
IWM190920P154,2019-09-16,2019-09-16 09:36:06,0.48,0.8421,244,0.46,0.807,802,0.48,0.8421,100,0.47,0.8245,125,0
IWM190920P154,2019-09-16,2019-09-16 09:36:07,0.49,0.8596,578,0.47,0.8245,124,0.48,0.8421,100,0.48,0.8421,125,0
IWM190920P154,2019-09-16,2019-09-16 09:36:07,0.49,0.8596,531,0.47,0.8245,144,0.48,0.8421,100,0.48,0.8421,125,0
IWM190920P154,2019-09-16,2019-09-16 09:36:08,0.49,0.8596,451,0.47,0.8245,929,0.48,0.8421,100,0.48,0.8421,125,0
IWM190920P154,2019-09-16,2019-09-16 09:36:08,0.49,0.8596,451,0.47,0.8245,748,0.48,0.8421,100,0.48,0.8421,125,0
IWM190920P154,2019-09-16,2019-09-16 09:36:09,0.49,0.8596,451,0.47,0.8245,666,0.48,0.8421,100,0.48,0.8421,125,0
IWM190920P154,2019-09-16,2019-09-16 09:36:09,0.49,0.8596,454,0.47,0.8245,702,0.48,0.8421,100,0.48,0.8421,125,0
IWM190920P154,2019-09-16,2019-09-16 09:36:10,0.49,0.8596,486,0.47,0.8245,762,0.48,0.8421,100,0.48,0.8421,125,0
IWM190920P154,2019-09-16,2019-09-16 09:36:10,0.49,0.8596,486,0.47,0.8245,690,0.48,0.8421,100,0.48,0.8421,125,0
IWM190920P154,2019-09-16,2019-09-16 09:36:11,0.49,0.8596,478,0.47,0.8245,666,0.48,0.8421,100,0.48,0.8421,125,0
IWM190920P154,2019-09-16,2019-09-16 09:36:11,0.49,0.8596,486,0.47,0.8245,666,0.48,0.8421,100,0.48,0.8421,125,0
IWM190920P154,2019-09-16,2019-09-16 09:36:12,0.49,0.8596,287,0.47,0.8245,363,0.48,0.8421,100,0.48,0.8421,125,0
IWM190920P154,2019-09-16,2019-09-16 09:36:12,0.49,0.8596,474,0.47,0.8245,579,0.48,0.8421,100,0.48,0.8421,125,0
IWM190920P154,2019-09-16,2019-09-16 09:36:13,0.49,0.8596,399,0.47,0.8245,472,0.48,0.8421,100,0.48,0.8421,125,0
IWM190920P154,2019-09-16,2019-09-16 09:36:13,0.49,0.8596,493,0.47,0.8245,308,0.48,0.8421,100,0.48,0.8421,125,0
IWM190920P154,2019-09-16,2019-09-16 09:36:14,0.49,0.8596,486,0.47,0.8245,590,0.48,0.8421,100,0.48,0.8421,125,0
IWM190920P154,2019-09-16,2019-09-16 09:36:14,0.49,0.8596,206,0.47,0.8245,590,0.48,0.8421,100,0.48,0.8421,125,0
IWM190920P154,2019-09-16,2019-09-16 09:36:15,0.49,0.8596,479,0.47,0.8245,591,0.48,0.8421,100,0.48,0.8421,125,0
IWM190920P154,2019-09-16,2019-09-16 09:36:15,0.49,0.8596,183,0.48,0.8421,42,0.48,0.8421,100,0.485,0.8508,125,0
IWM190920P154,2019-09-16,2019-09-16 09:36:16,0.48,0.8421,152,0.47,0.8245,31,0.48,0.8421,100,0.475,0.8333,125,0
IWM190920P154,2019-09-16,2019-09-16 09:36:16,0.49,0.8596,489,0.47,0.8245,571,0.48,0.8421,100,0.48,0.8421,125,0
IWM190920P154,2019-09-16,2019-09-16 09:36:17,0.48,0.8421,346,0.47,0.8245,18,0.48,0.8421,100,0.475,0.8333,125,0
IWM190920P154,2019-09-16,2019-09-16 09:36:17,0.48,0.8421,263,0.47,0.8245,31,0.48,0.8421,100,0.475,0.8333,125,0
IWM190920P154,2019-09-16,2019-09-16 09:36:18,0.48,0.8421,386,0.46,0.807,555,0.48,0.8421,100,0.47,0.8245,125,0
IWM190920P154,2019-09-16,2019-09-16 09:36:18,0.48,0.8421,346,0.46,0.807,256,0.48,0.8421,100,0.47,0.8245,125,0
IWM190920P154,2019-09-16,2019-09-16 09:36:19,0.48,0.8421,526,0.46,0.807,388,0.48,0.8421,100,0.47,0.8245,125,0
IWM190920P154,2019-09-16,2019-09-16 09:36:20,0.48,0.8421,604,0.46,0.807,388,0.48,0.8421,100,0.47,0.8245,125,0
IWM190920P154,2019-09-16,2019-09-16 09:36:20,0.48,0.8421,539,0.46,0.807,372,0.48,0.8421,100,0.47,0.8245,125,0
IWM190920P154,2019-09-16,2019-09-16 09:36:21,0.48,0.8421,539,0.46,0.807,372,0.48,0.8421,100,0.47,0.8245,125,0
IWM190920P154,2019-09-16,2019-09-16 09:36:21,0.48,0.8421,420,0.47,0.8245,32,0.48,0.8421,100,0.475,0.8333,125,0
IWM190920P154,2019-09-16,2019-09-16 09:36:22,0.48,0.8421,269,0.47,0.8245,35,0.48,0.8421,100,0.475,0.8333,125,0
IWM190920P154,2019-09-16,2019-09-16 09:36:23,0.48,0.8421,44,0.47,0.8245,391,0.48,0.8421,100,0.475,0.8333,125,0
IWM190920P154,2019-09-16,2019-09-16 09:36:23,0.48,0.8421,46,0.47,0.8245,32,0.48,0.8421,100,0.475,0.8333,125,0
IWM190920P154,2019-09-16,2019-09-16 09:36:24,0.48,0.8421,200,0.47,0.8245,142,0.48,0.8421,100,0.475,0.8333,125,0
IWM190920P154,2019-09-16,2019-09-16 09:36:24,0.48,0.8421,256,0.46,0.807,494,0.48,0.8421,100,0.47,0.8245,125,0
IWM190920P154,2019-09-16,2019-09-16 09:36:25,0.49,0.8596,538,0.46,0.807,494,0.48,0.8421,100,0.475,0.8333,125,0
IWM190920P154,2019-09-16,2019-09-16 09:36:25,0.49,0.8596,538,0.47,0.8245,283,0.48,0.8421,100,0.48,0.8421,125,0
IWM190920P154,2019-09-16,2019-09-16 09:36:26,0.49,0.8596,538,0.47,0.8245,302,0.48,0.8421,100,0.48,0.8421,125,0
IWM190920P154,2019-09-16,2019-09-16 09:36:26,0.49,0.8596,547,0.47,0.8245,482,0.48,0.8421,100,0.48,0.8421,125,0
IWM190920P154,2019-09-16,2019-09-16 09:36:27,0.49,0.8596,547,0.47,0.8245,482,0.48,0.8421,100,0.48,0.8421,125,0
IWM190920P154,2019-09-16,2019-09-16 09:36:27,0.49,0.8596,127,0.48,0.8421,53,0.48,0.8421,100,0.485,0.8508,125,0
IWM190920P154,2019-09-16,2019-09-16 09:36:28,0.49,0.8596,80,0.48,0.8421,419,0.48,0.8421,100,0.485,0.8508,125,0
IWM190920P154,2019-09-16,2019-09-16 09:36:28,0.49,0.8596,345,0.48,0.8421,278,0.48,0.8421,100,0.485,0.8508,125,0
IWM190920P154,2019-09-16,2019-09-16 09:36:29,0.49,0.8596,97,0.48,0.8421,217,0.48,0.8421,100,0.485,0.8508,125,0
IWM190920P154,2019-09-16,2019-09-16 09:36:29,0.49,0.8596,86,0.48,0.8421,300,0.48,0.8421,100,0.485,0.8508,125,0
IWM190920P154,2019-09-16,2019-09-16 09:36:30,0.49,0.8596,86,0.48,0.8421,300,0.48,0.8421,100,0.485,0.8508,125,0
IWM190920P154,2019-09-16,2019-09-16 09:36:30,0.49,0.8596,249,0.48,0.8421,300,0.48,0.8421,100,0.485,0.8508,125,0
IWM190920P154,2019-09-16,2019-09-16 09:36:31,0.49,0.8596,249,0.48,0.8421,300,0.48,0.8421,100,0.485,0.8508,125,0
IWM190920P154,2019-09-16,2019-09-16 09:36:32,0.49,0.8596,208,0.48,0.8421,300,0.48,0.8421,100,0.485,0.8508,125,0
IWM190920P154,2019-09-16,2019-09-16 09:36:33,0.49,0.8596,375,0.48,0.8421,2,0.48,0.8421,100,0.485,0.8508,125,0
IWM190920P154,2019-09-16,2019-09-16 09:36:33,0.49,0.8596,379,0.48,0.8421,30,0.48,0.8421,100,0.485,0.8508,125,0
IWM190920P154,2019-09-16,2019-09-16 09:36:34,0.5,0.8771,335,0.48,0.8421,371,0.48,0.8421,100,0.49,0.8596,125,0
IWM190920P154,2019-09-16,2019-09-16 09:36:34,0.49,0.8596,199,0.48,0.8421,371,0.48,0.8421,100,0.485,0.8508,125,0
IWM190920P154,2019-09-16,2019-09-16 09:36:35,0.49,0.8596,93,0.48,0.8421,177,0.48,0.8421,100,0.485,0.8508,125,0
IWM190920P154,2019-09-16,2019-09-16 09:36:35,0.5,0.8771,335,0.48,0.8421,244,0.48,0.8421,100,0.49,0.8596,125,0
IWM190920P154,2019-09-16,2019-09-16 09:36:36,0.5,0.8771,587,0.48,0.8421,244,0.48,0.8421,100,0.49,0.8596,125,0
IWM190920P154,2019-09-16,2019-09-16 09:36:36,0.5,0.8771,585,0.48,0.8421,252,0.48,0.8421,100,0.49,0.8596,125,0
IWM190920P154,2019-09-16,2019-09-16 09:36:37,0.5,0.8771,406,0.48,0.8421,252,0.48,0.8421,100,0.49,0.8596,125,0
IWM190920P154,2019-09-16,2019-09-16 09:36:37,0.5,0.8771,585,0.48,0.8421,252,0.48,0.8421,100,0.49,0.8596,125,0
IWM190920P154,2019-09-16,2019-09-16 09:36:38,0.51,0.8947,755,0.49,0.8596,175,0.48,0.8421,100,0.5,0.8771,125,0
IWM190920P154,2019-09-16,2019-09-16 09:36:38,0.5,0.8771,49,0.49,0.8596,126,0.48,0.8421,100,0.495,0.8684,125,0
IWM190920P154,2019-09-16,2019-09-16 09:36:39,0.5,0.8771,49,0.49,0.8596,98,0.48,0.8421,100,0.495,0.8684,125,0
IWM190920P154,2019-09-16,2019-09-16 09:36:39,0.51,0.8947,175,0.49,0.8596,237,0.48,0.8421,100,0.5,0.8771,125,0
IWM190920P154,2019-09-16,2019-09-16 09:36:40,0.51,0.8947,650,0.49,0.8596,250,0.48,0.8421,100,0.5,0.8771,125,0
IWM190920P154,2019-09-16,2019-09-16 09:36:40,0.51,0.8947,650,0.49,0.8596,324,0.48,0.8421,100,0.5,0.8771,125,0
IWM190920P154,2019-09-16,2019-09-16 09:36:41,0.51,0.8947,579,0.49,0.8596,324,0.48,0.8421,100,0.5,0.8771,125,0
IWM190920P154,2019-09-16,2019-09-16 09:36:41,0.51,0.8947,650,0.49,0.8596,324,0.48,0.8421,100,0.5,0.8771,125,0
IWM190920P154,2019-09-16,2019-09-16 09:36:42,0.51,0.8947,329,0.5,0.8771,306,0.48,0.8421,100,0.505,0.8859,125,0
IWM190920P154,2019-09-16,2019-09-16 09:36:42,0.51,0.8947,329,0.5,0.8771,101,0.48,0.8421,100,0.505,0.8859,125,0
IWM190920P154,2019-09-16,2019-09-16 09:36:43,0.51,0.8947,329,0.5,0.8771,425,0.48,0.8421,100,0.505,0.8859,125,0
IWM190920P154,2019-09-16,2019-09-16 09:36:43,0.52,0.9122,355,0.5,0.8771,425,0.48,0.8421,100,0.51,0.8947,125,0
IWM190920P154,2019-09-16,2019-09-16 09:36:44,0.52,0.9122,365,0.51,0.8947,20,0.48,0.8421,100,0.515,0.9035,125,0
IWM190920P154,2019-09-16,2019-09-16 09:36:44,0.52,0.9122,367,0.51,0.8947,273,0.48,0.8421,100,0.515,0.9035,125,0
IWM190920P154,2019-09-16,2019-09-16 09:36:45,0.53,0.9298,559,0.51,0.8947,68,0.48,0.8421,100,0.52,0.9122,125,0
IWM190920P154,2019-09-16,2019-09-16 09:36:45,0.52,0.9122,281,0.51,0.8947,273,0.48,0.8421,100,0.515,0.9035,125,0
IWM190920P154,2019-09-16,2019-09-16 09:36:46,0.52,0.9122,7,0.51,0.8947,396,0.48,0.8421,100,0.515,0.9035,125,0
IWM190920P154,2019-09-16,2019-09-16 09:36:47,0.52,0.9122,34,0.51,0.8947,44,0.48,0.8421,100,0.515,0.9035,125,0
IWM190920P154,2019-09-16,2019-09-16 09:36:47,0.52,0.9122,34,0.51,0.8947,317,0.48,0.8421,100,0.515,0.9035,125,0
IWM190920P154,2019-09-16,2019-09-16 09:36:48,0.52,0.9122,338,0.5,0.8771,365,0.48,0.8421,100,0.51,0.8947,125,0
IWM190920P154,2019-09-16,2019-09-16 09:36:48,0.52,0.9122,240,0.51,0.8947,51,0.48,0.8421,100,0.515,0.9035,125,0
IWM190920P154,2019-09-16,2019-09-16 09:36:49,0.52,0.9122,108,0.5,0.8771,570,0.48,0.8421,100,0.51,0.8947,125,0
IWM190920P154,2019-09-16,2019-09-16 09:36:49,0.52,0.9122,75,0.5,0.8771,570,0.48,0.8421,100,0.51,0.8947,125,0
IWM190920P154,2019-09-16,2019-09-16 09:36:50,0.52,0.9122,343,0.5,0.8771,570,0.51,0.8947,2,0.51,0.8947,127,2
IWM190920P154,2019-09-16,2019-09-16 09:36:50,0.52,0.9122,524,0.51,0.8947,1,0.51,0.8947,2,0.515,0.9035,127,0
IWM190920P154,2019-09-16,2019-09-16 09:36:51,0.52,0.9122,216,0.49,0.8596,141,0.51,0.8947,2,0.505,0.8859,127,0
IWM190920P154,2019-09-16,2019-09-16 09:36:51,0.51,0.8947,10,0.49,0.8596,300,0.51,0.8947,2,0.5,0.8771,127,0
IWM190920P154,2019-09-16,2019-09-16 09:36:52,0.51,0.8947,74,0.5,0.8771,63,0.51,0.8947,2,0.505,0.8859,127,0
IWM190920P154,2019-09-16,2019-09-16 09:36:52,0.51,0.8947,398,0.49,0.8596,449,0.51,0.8947,2,0.5,0.8771,127,0
IWM190920P154,2019-09-16,2019-09-16 09:36:53,0.52,0.9122,331,0.5,0.8771,90,0.51,0.8947,2,0.51,0.8947,127,0
IWM190920P154,2019-09-16,2019-09-16 09:36:53,0.52,0.9122,340,0.5,0.8771,32,0.51,0.8947,2,0.51,0.8947,127,0
IWM190920P154,2019-09-16,2019-09-16 09:36:54,0.52,0.9122,157,0.5,0.8771,144,0.51,0.8947,2,0.51,0.8947,127,0
IWM190920P154,2019-09-16,2019-09-16 09:36:54,0.51,0.8947,7,0.5,0.8771,120,0.51,0.8947,2,0.505,0.8859,127,0
IWM190920P154,2019-09-16,2019-09-16 09:36:55,0.51,0.8947,35,0.5,0.8771,63,0.51,0.8947,2,0.505,0.8859,127,0
IWM190920P154,2019-09-16,2019-09-16 09:36:56,0.51,0.8947,7,0.5,0.8771,415,0.51,0.8947,2,0.505,0.8859,127,0
IWM190920P154,2019-09-16,2019-09-16 09:36:56,0.51,0.8947,10,0.5,0.8771,415,0.51,0.8947,2,0.505,0.8859,127,0
IWM190920P154,2019-09-16,2019-09-16 09:36:57,0.52,0.9122,10,0.51,0.8947,170,0.51,0.8947,2,0.515,0.9035,127,0
IWM190920P154,2019-09-16,2019-09-16 09:36:57,0.52,0.9122,15,0.5,0.8771,415,0.51,0.8947,2,0.51,0.8947,127,0
IWM190920P154,2019-09-16,2019-09-16 09:36:58,0.52,0.9122,29,0.51,0.8947,442,0.51,0.8947,2,0.515,0.9035,127,0
IWM190920P154,2019-09-16,2019-09-16 09:36:58,0.53,0.9298,364,0.51,0.8947,315,0.51,0.8947,2,0.52,0.9122,127,0
IWM190920P154,2019-09-16,2019-09-16 09:36:59,0.53,0.9298,10,0.51,0.8947,38,0.51,0.8947,2,0.52,0.9122,127,0
IWM190920P154,2019-09-16,2019-09-16 09:36:59,0.53,0.9298,307,0.51,0.8947,379,0.51,0.8947,2,0.52,0.9122,127,0
IWM190920P154,2019-09-16,2019-09-16 09:37:00,0.53,0.9298,150,0.51,0.8947,183,0.51,0.8947,2,0.52,0.9122,127,0
IWM190920P154,2019-09-16,2019-09-16 09:37:01,0.53,0.9298,7,0.52,0.9122,10,0.51,0.8947,2,0.525,0.921,127,0
IWM190920P154,2019-09-16,2019-09-16 09:37:01,0.53,0.9298,137,0.51,0.8947,315,0.51,0.8947,2,0.52,0.9122,127,0
IWM190920P154,2019-09-16,2019-09-16 09:37:02,0.54,0.9473,679,0.52,0.9122,167,0.51,0.8947,2,0.53,0.9298,127,0
IWM190920P154,2019-09-16,2019-09-16 09:37:02,0.53,0.9298,367,0.51,0.8947,214,0.51,0.8947,2,0.52,0.9122,127,0
IWM190920P154,2019-09-16,2019-09-16 09:37:03,0.53,0.9298,33,0.52,0.9122,151,0.51,0.8947,2,0.525,0.921,127,0
IWM190920P154,2019-09-16,2019-09-16 09:37:03,0.53,0.9298,469,0.52,0.9122,79,0.51,0.8947,2,0.525,0.921,127,0
IWM190920P154,2019-09-16,2019-09-16 09:37:04,0.53,0.9298,23,0.52,0.9122,24,0.51,0.8947,2,0.525,0.921,127,0
IWM190920P154,2019-09-16,2019-09-16 09:37:04,0.53,0.9298,310,0.52,0.9122,40,0.51,0.8947,2,0.525,0.921,127,0
IWM190920P154,2019-09-16,2019-09-16 09:37:05,0.53,0.9298,28,0.51,0.8947,437,0.51,0.8947,2,0.52,0.9122,127,0
IWM190920P154,2019-09-16,2019-09-16 09:37:05,0.53,0.9298,310,0.52,0.9122,47,0.51,0.8947,2,0.525,0.921,127,0
IWM190920P154,2019-09-16,2019-09-16 09:37:06,0.53,0.9298,305,0.51,0.8947,136,0.51,0.8947,2,0.52,0.9122,127,0
IWM190920P154,2019-09-16,2019-09-16 09:37:06,0.53,0.9298,198,0.51,0.8947,654,0.51,0.8947,2,0.52,0.9122,127,0
IWM190920P154,2019-09-16,2019-09-16 09:37:07,0.52,0.9122,102,0.51,0.8947,52,0.51,0.8947,2,0.515,0.9035,127,0
IWM190920P154,2019-09-16,2019-09-16 09:37:07,0.52,0.9122,88,0.51,0.8947,49,0.51,0.8947,2,0.515,0.9035,127,0
IWM190920P154,2019-09-16,2019-09-16 09:37:08,0.52,0.9122,164,0.5,0.8771,251,0.51,0.8947,2,0.51,0.8947,127,0
IWM190920P154,2019-09-16,2019-09-16 09:37:08,0.51,0.8947,7,0.5,0.8771,213,0.51,0.8947,2,0.505,0.8859,127,0
IWM190920P154,2019-09-16,2019-09-16 09:37:09,0.52,0.9122,83,0.5,0.8771,660,0.51,0.8947,2,0.51,0.8947,127,0
IWM190920P154,2019-09-16,2019-09-16 09:37:09,0.51,0.8947,88,0.5,0.8771,410,0.51,0.8947,2,0.505,0.8859,127,0
IWM190920P154,2019-09-16,2019-09-16 09:37:10,0.51,0.8947,11,0.49,0.8596,164,0.51,0.8947,2,0.5,0.8771,127,0
IWM190920P154,2019-09-16,2019-09-16 09:37:10,0.51,0.8947,359,0.49,0.8596,225,0.51,0.8947,2,0.5,0.8771,127,0
IWM190920P154,2019-09-16,2019-09-16 09:37:11,0.51,0.8947,152,0.49,0.8596,224,0.51,0.8947,2,0.5,0.8771,127,0
IWM190920P154,2019-09-16,2019-09-16 09:37:11,0.51,0.8947,359,0.49,0.8596,449,0.51,0.8947,2,0.5,0.8771,127,0
IWM190920P154,2019-09-16,2019-09-16 09:37:12,0.5,0.8771,322,0.48,0.8421,931,0.51,0.8947,2,0.49,0.8596,127,0
IWM190920P154,2019-09-16,2019-09-16 09:37:12,0.5,0.8771,199,0.49,0.8596,103,0.51,0.8947,2,0.495,0.8684,127,0
IWM190920P154,2019-09-16,2019-09-16 09:37:13,0.49,0.8596,7,0.48,0.8421,353,0.51,0.8947,2,0.485,0.8508,127,0
IWM190920P154,2019-09-16,2019-09-16 09:37:13,0.49,0.8596,10,0.48,0.8421,567,0.51,0.8947,2,0.485,0.8508,127,0
IWM190920P154,2019-09-16,2019-09-16 09:37:14,0.5,0.8771,47,0.48,0.8421,362,0.51,0.8947,2,0.49,0.8596,127,0
IWM190920P154,2019-09-16,2019-09-16 09:37:14,0.5,0.8771,29,0.49,0.8596,48,0.51,0.8947,2,0.495,0.8684,127,0
IWM190920P154,2019-09-16,2019-09-16 09:37:15,0.5,0.8771,263,0.48,0.8421,533,0.51,0.8947,2,0.49,0.8596,127,0
IWM190920P154,2019-09-16,2019-09-16 09:37:15,0.5,0.8771,273,0.48,0.8421,533,0.51,0.8947,2,0.49,0.8596,127,0
IWM190920P154,2019-09-16,2019-09-16 09:37:16,0.5,0.8771,342,0.49,0.8596,59,0.51,0.8947,2,0.495,0.8684,127,0
IWM190920P154,2019-09-16,2019-09-16 09:37:16,0.5,0.8771,417,0.48,0.8421,958,0.51,0.8947,2,0.49,0.8596,127,0
IWM190920P154,2019-09-16,2019-09-16 09:37:17,0.5,0.8771,345,0.49,0.8596,228,0.51,0.8947,2,0.495,0.8684,127,0
IWM190920P154,2019-09-16,2019-09-16 09:37:17,0.5,0.8771,323,0.49,0.8596,63,0.51,0.8947,2,0.495,0.8684,127,0
IWM190920P154,2019-09-16,2019-09-16 09:37:18,0.5,0.8771,325,0.49,0.8596,388,0.51,0.8947,2,0.495,0.8684,127,0
IWM190920P154,2019-09-16,2019-09-16 09:37:18,0.5,0.8771,121,0.49,0.8596,388,0.51,0.8947,2,0.495,0.8684,127,0
IWM190920P154,2019-09-16,2019-09-16 09:37:19,0.5,0.8771,82,0.49,0.8596,131,0.51,0.8947,2,0.495,0.8684,127,0
IWM190920P154,2019-09-16,2019-09-16 09:37:20,0.5,0.8771,51,0.49,0.8596,85,0.51,0.8947,2,0.495,0.8684,127,0
IWM190920P154,2019-09-16,2019-09-16 09:37:20,0.5,0.8771,29,0.49,0.8596,122,0.51,0.8947,2,0.495,0.8684,127,0
IWM190920P154,2019-09-16,2019-09-16 09:37:21,0.5,0.8771,253,0.48,0.8421,230,0.51,0.8947,2,0.49,0.8596,127,0
IWM190920P154,2019-09-16,2019-09-16 09:37:21,0.5,0.8771,29,0.49,0.8596,295,0.51,0.8947,2,0.495,0.8684,127,0
IWM190920P154,2019-09-16,2019-09-16 09:37:22,0.5,0.8771,193,0.49,0.8596,39,0.51,0.8947,2,0.495,0.8684,127,0
IWM190920P154,2019-09-16,2019-09-16 09:37:22,0.5,0.8771,145,0.49,0.8596,349,0.51,0.8947,2,0.495,0.8684,127,0
IWM190920P154,2019-09-16,2019-09-16 09:37:23,0.5,0.8771,51,0.49,0.8596,425,0.51,0.8947,2,0.495,0.8684,127,0
IWM190920P154,2019-09-16,2019-09-16 09:37:23,0.5,0.8771,150,0.49,0.8596,296,0.51,0.8947,2,0.495,0.8684,127,0
IWM190920P154,2019-09-16,2019-09-16 09:37:24,0.5,0.8771,150,0.49,0.8596,306,0.51,0.8947,2,0.495,0.8684,127,0
IWM190920P154,2019-09-16,2019-09-16 09:37:24,0.5,0.8771,320,0.49,0.8596,306,0.51,0.8947,2,0.495,0.8684,127,0
IWM190920P154,2019-09-16,2019-09-16 09:37:25,0.5,0.8771,440,0.49,0.8596,24,0.51,0.8947,2,0.495,0.8684,127,0
IWM190920P154,2019-09-16,2019-09-16 09:37:25,0.5,0.8771,564,0.48,0.8421,167,0.51,0.8947,2,0.49,0.8596,127,0
IWM190920P154,2019-09-16,2019-09-16 09:37:26,0.5,0.8771,574,0.48,0.8421,796,0.51,0.8947,2,0.49,0.8596,127,0
IWM190920P154,2019-09-16,2019-09-16 09:37:26,0.5,0.8771,564,0.48,0.8421,709,0.51,0.8947,2,0.49,0.8596,127,0
IWM190920P154,2019-09-16,2019-09-16 09:37:27,0.5,0.8771,586,0.48,0.8421,635,0.51,0.8947,2,0.49,0.8596,127,0
IWM190920P154,2019-09-16,2019-09-16 09:37:28,0.5,0.8771,576,0.48,0.8421,631,0.51,0.8947,2,0.49,0.8596,127,0
IWM190920P154,2019-09-16,2019-09-16 09:37:28,0.5,0.8771,576,0.48,0.8421,724,0.51,0.8947,2,0.49,0.8596,127,0
IWM190920P154,2019-09-16,2019-09-16 09:37:29,0.5,0.8771,576,0.48,0.8421,726,0.51,0.8947,2,0.49,0.8596,127,0
IWM190920P154,2019-09-16,2019-09-16 09:37:29,0.5,0.8771,576,0.48,0.8421,722,0.51,0.8947,2,0.49,0.8596,127,0
IWM190920P154,2019-09-16,2019-09-16 09:37:30,0.5,0.8771,576,0.48,0.8421,726,0.51,0.8947,2,0.49,0.8596,127,0
IWM190920P154,2019-09-16,2019-09-16 09:37:30,0.5,0.8771,272,0.48,0.8421,1499,0.51,0.8947,2,0.49,0.8596,127,0
IWM190920P154,2019-09-16,2019-09-16 09:37:31,0.51,0.8947,593,0.49,0.8596,389,0.51,0.8947,2,0.5,0.8771,127,0
IWM190920P154,2019-09-16,2019-09-16 09:37:31,0.5,0.8771,63,0.49,0.8596,377,0.51,0.8947,2,0.495,0.8684,127,0
IWM190920P154,2019-09-16,2019-09-16 09:37:32,0.51,0.8947,593,0.49,0.8596,434,0.51,0.8947,2,0.5,0.8771,127,0
IWM190920P154,2019-09-16,2019-09-16 09:37:33,0.5,0.8771,8,0.49,0.8596,268,0.51,0.8947,2,0.495,0.8684,127,0
IWM190920P154,2019-09-16,2019-09-16 09:37:33,0.51,0.8947,538,0.49,0.8596,268,0.51,0.8947,2,0.5,0.8771,127,0
IWM190920P154,2019-09-16,2019-09-16 09:37:34,0.5,0.8771,20,0.49,0.8596,292,0.51,0.8947,2,0.495,0.8684,127,0
IWM190920P154,2019-09-16,2019-09-16 09:37:34,0.5,0.8771,20,0.49,0.8596,468,0.51,0.8947,2,0.495,0.8684,127,0
IWM190920P154,2019-09-16,2019-09-16 09:37:35,0.5,0.8771,10,0.49,0.8596,49,0.51,0.8947,2,0.495,0.8684,127,0
IWM190920P154,2019-09-16,2019-09-16 09:37:35,0.5,0.8771,10,0.49,0.8596,111,0.51,0.8947,2,0.495,0.8684,127,0
IWM190920P154,2019-09-16,2019-09-16 09:37:36,0.5,0.8771,167,0.48,0.8421,662,0.51,0.8947,2,0.49,0.8596,127,0
IWM190920P154,2019-09-16,2019-09-16 09:37:36,0.5,0.8771,167,0.49,0.8596,49,0.51,0.8947,2,0.495,0.8684,127,0
IWM190920P154,2019-09-16,2019-09-16 09:37:37,0.5,0.8771,462,0.49,0.8596,16,0.51,0.8947,2,0.495,0.8684,127,0
IWM190920P154,2019-09-16,2019-09-16 09:37:37,0.5,0.8771,426,0.49,0.8596,16,0.51,0.8947,2,0.495,0.8684,127,0
IWM190920P154,2019-09-16,2019-09-16 09:37:38,0.51,0.8947,10,0.49,0.8596,259,0.51,0.8947,2,0.5,0.8771,127,0
IWM190920P154,2019-09-16,2019-09-16 09:37:38,0.51,0.8947,525,0.49,0.8596,541,0.51,0.8947,2,0.5,0.8771,127,0
IWM190920P154,2019-09-16,2019-09-16 09:37:39,0.51,0.8947,447,0.49,0.8596,609,0.51,0.8947,2,0.5,0.8771,127,0
IWM190920P154,2019-09-16,2019-09-16 09:37:39,0.51,0.8947,447,0.49,0.8596,507,0.51,0.8947,2,0.5,0.8771,127,0
IWM190920P154,2019-09-16,2019-09-16 09:37:40,0.51,0.8947,447,0.49,0.8596,571,0.51,0.8947,2,0.5,0.8771,127,0
IWM190920P154,2019-09-16,2019-09-16 09:37:40,0.51,0.8947,447,0.49,0.8596,637,0.51,0.8947,2,0.5,0.8771,127,0
IWM190920P154,2019-09-16,2019-09-16 09:37:41,0.51,0.8947,501,0.49,0.8596,637,0.51,0.8947,2,0.5,0.8771,127,0
IWM190920P154,2019-09-16,2019-09-16 09:37:41,0.51,0.8947,501,0.49,0.8596,652,0.51,0.8947,2,0.5,0.8771,127,0
IWM190920P154,2019-09-16,2019-09-16 09:37:42,0.51,0.8947,491,0.49,0.8596,675,0.51,0.8947,2,0.5,0.8771,127,0
IWM190920P154,2019-09-16,2019-09-16 09:37:42,0.51,0.8947,308,0.49,0.8596,637,0.51,0.8947,2,0.5,0.8771,127,0
IWM190920P154,2019-09-16,2019-09-16 09:37:43,0.51,0.8947,456,0.49,0.8596,637,0.51,0.8947,2,0.5,0.8771,127,0
IWM190920P154,2019-09-16,2019-09-16 09:37:44,0.51,0.8947,429,0.49,0.8596,492,0.51,0.8947,2,0.5,0.8771,127,0
IWM190920P154,2019-09-16,2019-09-16 09:37:44,0.51,0.8947,491,0.49,0.8596,660,0.51,0.8947,2,0.5,0.8771,127,0
IWM190920P154,2019-09-16,2019-09-16 09:37:45,0.52,0.9122,369,0.5,0.8771,34,0.51,0.8947,2,0.51,0.8947,127,0
IWM190920P154,2019-09-16,2019-09-16 09:37:45,0.52,0.9122,609,0.5,0.8771,441,0.51,0.8947,2,0.51,0.8947,127,0
IWM190920P154,2019-09-16,2019-09-16 09:37:46,0.52,0.9122,567,0.5,0.8771,789,0.51,0.8947,2,0.51,0.8947,127,0
IWM190920P154,2019-09-16,2019-09-16 09:37:46,0.52,0.9122,567,0.5,0.8771,505,0.51,0.8947,2,0.51,0.8947,127,0
IWM190920P154,2019-09-16,2019-09-16 09:37:47,0.52,0.9122,567,0.5,0.8771,585,0.51,0.8947,2,0.51,0.8947,127,0
IWM190920P154,2019-09-16,2019-09-16 09:37:48,0.51,0.8947,628,0.49,0.8596,230,0.51,0.8947,2,0.5,0.8771,127,0
IWM190920P154,2019-09-16,2019-09-16 09:37:48,0.51,0.8947,320,0.5,0.8771,579,0.51,0.8947,2,0.505,0.8859,127,0
IWM190920P154,2019-09-16,2019-09-16 09:37:49,0.51,0.8947,548,0.49,0.8596,249,0.51,0.8947,2,0.5,0.8771,127,0
IWM190920P154,2019-09-16,2019-09-16 09:37:50,0.51,0.8947,652,0.49,0.8596,162,0.51,0.8947,2,0.5,0.8771,127,0
IWM190920P154,2019-09-16,2019-09-16 09:37:50,0.51,0.8947,548,0.49,0.8596,175,0.51,0.8947,2,0.5,0.8771,127,0
IWM190920P154,2019-09-16,2019-09-16 09:37:51,0.5,0.8771,429,0.48,0.8421,783,0.51,0.8947,2,0.49,0.8596,127,0
IWM190920P154,2019-09-16,2019-09-16 09:37:51,0.5,0.8771,41,0.49,0.8596,54,0.51,0.8947,2,0.495,0.8684,127,0
IWM190920P154,2019-09-16,2019-09-16 09:37:52,0.5,0.8771,429,0.48,0.8421,563,0.51,0.8947,2,0.49,0.8596,127,0
IWM190920P154,2019-09-16,2019-09-16 09:37:52,0.5,0.8771,429,0.48,0.8421,471,0.51,0.8947,2,0.49,0.8596,127,0
IWM190920P154,2019-09-16,2019-09-16 09:37:53,0.5,0.8771,312,0.48,0.8421,471,0.51,0.8947,2,0.49,0.8596,127,0
IWM190920P154,2019-09-16,2019-09-16 09:37:53,0.5,0.8771,429,0.48,0.8421,471,0.51,0.8947,2,0.49,0.8596,127,0
IWM190920P154,2019-09-16,2019-09-16 09:37:54,0.5,0.8771,312,0.48,0.8421,216,0.51,0.8947,2,0.49,0.8596,127,0
IWM190920P154,2019-09-16,2019-09-16 09:37:54,0.49,0.8596,192,0.48,0.8421,28,0.51,0.8947,2,0.485,0.8508,127,0
IWM190920P154,2019-09-16,2019-09-16 09:37:55,0.49,0.8596,401,0.47,0.8245,493,0.51,0.8947,2,0.48,0.8421,127,0
IWM190920P154,2019-09-16,2019-09-16 09:37:55,0.49,0.8596,295,0.47,0.8245,849,0.51,0.8947,2,0.48,0.8421,127,0
IWM190920P154,2019-09-16,2019-09-16 09:37:56,0.49,0.8596,428,0.47,0.8245,849,0.51,0.8947,2,0.48,0.8421,127,0
IWM190920P154,2019-09-16,2019-09-16 09:37:56,0.49,0.8596,617,0.47,0.8245,214,0.51,0.8947,2,0.48,0.8421,127,0
IWM190920P154,2019-09-16,2019-09-16 09:37:57,0.49,0.8596,439,0.47,0.8245,435,0.51,0.8947,2,0.48,0.8421,127,0
IWM190920P154,2019-09-16,2019-09-16 09:37:57,0.48,0.8421,7,0.47,0.8245,435,0.51,0.8947,2,0.475,0.8333,127,0
IWM190920P154,2019-09-16,2019-09-16 09:37:58,0.48,0.8421,107,0.47,0.8245,245,0.51,0.8947,2,0.475,0.8333,127,0
IWM190920P154,2019-09-16,2019-09-16 09:37:58,0.48,0.8421,128,0.47,0.8245,67,0.51,0.8947,2,0.475,0.8333,127,0
IWM190920P154,2019-09-16,2019-09-16 09:37:59,0.48,0.8421,25,0.47,0.8245,166,0.51,0.8947,2,0.475,0.8333,127,0
IWM190920P154,2019-09-16,2019-09-16 09:37:59,0.48,0.8421,67,0.47,0.8245,353,0.51,0.8947,2,0.475,0.8333,127,0
IWM190920P154,2019-09-16,2019-09-16 09:38:00,0.49,0.8596,630,0.47,0.8245,470,0.51,0.8947,2,0.48,0.8421,127,0
IWM190920P154,2019-09-16,2019-09-16 09:38:00,0.48,0.8421,148,0.47,0.8245,353,0.51,0.8947,2,0.475,0.8333,127,0
IWM190920P154,2019-09-16,2019-09-16 09:38:01,0.49,0.8596,982,0.47,0.8245,470,0.51,0.8947,2,0.48,0.8421,127,0
IWM190920P154,2019-09-16,2019-09-16 09:38:02,0.48,0.8421,7,0.47,0.8245,302,0.51,0.8947,2,0.475,0.8333,127,0
IWM190920P154,2019-09-16,2019-09-16 09:38:02,0.49,0.8596,691,0.47,0.8245,470,0.51,0.8947,2,0.48,0.8421,127,0
IWM190920P154,2019-09-16,2019-09-16 09:38:03,0.48,0.8421,7,0.47,0.8245,302,0.51,0.8947,2,0.475,0.8333,127,0
IWM190920P154,2019-09-16,2019-09-16 09:38:03,0.49,0.8596,161,0.47,0.8245,302,0.51,0.8947,2,0.48,0.8421,127,0
IWM190920P154,2019-09-16,2019-09-16 09:38:04,0.49,0.8596,249,0.47,0.8245,302,0.51,0.8947,2,0.48,0.8421,127,0
IWM190920P154,2019-09-16,2019-09-16 09:38:04,0.49,0.8596,862,0.47,0.8245,173,0.51,0.8947,2,0.48,0.8421,127,0
IWM190920P154,2019-09-16,2019-09-16 09:38:05,0.49,0.8596,474,0.47,0.8245,279,0.51,0.8947,2,0.48,0.8421,127,0
IWM190920P154,2019-09-16,2019-09-16 09:38:05,0.49,0.8596,478,0.47,0.8245,279,0.51,0.8947,2,0.48,0.8421,127,0
IWM190920P154,2019-09-16,2019-09-16 09:38:06,0.49,0.8596,438,0.47,0.8245,556,0.51,0.8947,2,0.48,0.8421,127,0
IWM190920P154,2019-09-16,2019-09-16 09:38:06,0.49,0.8596,445,0.47,0.8245,549,0.51,0.8947,2,0.48,0.8421,127,0
IWM190920P154,2019-09-16,2019-09-16 09:38:07,0.49,0.8596,488,0.47,0.8245,486,0.51,0.8947,2,0.48,0.8421,127,0
IWM190920P154,2019-09-16,2019-09-16 09:38:07,0.49,0.8596,488,0.47,0.8245,518,0.51,0.8947,2,0.48,0.8421,127,0
IWM190920P154,2019-09-16,2019-09-16 09:38:08,0.48,0.8421,157,0.47,0.8245,309,0.51,0.8947,2,0.475,0.8333,127,0
IWM190920P154,2019-09-16,2019-09-16 09:38:08,0.49,0.8596,488,0.47,0.8245,506,0.51,0.8947,2,0.48,0.8421,127,0
IWM190920P154,2019-09-16,2019-09-16 09:38:09,0.48,0.8421,59,0.47,0.8245,377,0.51,0.8947,2,0.475,0.8333,127,0
IWM190920P154,2019-09-16,2019-09-16 09:38:10,0.48,0.8421,29,0.47,0.8245,311,0.51,0.8947,2,0.475,0.8333,127,0
IWM190920P154,2019-09-16,2019-09-16 09:38:10,0.48,0.8421,161,0.47,0.8245,203,0.51,0.8947,2,0.475,0.8333,127,0
IWM190920P154,2019-09-16,2019-09-16 09:38:11,0.48,0.8421,287,0.47,0.8245,66,0.51,0.8947,2,0.475,0.8333,127,0
IWM190920P154,2019-09-16,2019-09-16 09:38:11,0.48,0.8421,287,0.47,0.8245,47,0.51,0.8947,2,0.475,0.8333,127,0
IWM190920P154,2019-09-16,2019-09-16 09:38:12,0.49,0.8596,279,0.47,0.8245,459,0.51,0.8947,2,0.48,0.8421,127,0
IWM190920P154,2019-09-16,2019-09-16 09:38:12,0.48,0.8421,287,0.47,0.8245,459,0.51,0.8947,2,0.475,0.8333,127,0
IWM190920P154,2019-09-16,2019-09-16 09:38:13,0.49,0.8596,635,0.47,0.8245,469,0.51,0.8947,2,0.48,0.8421,127,0
IWM190920P154,2019-09-16,2019-09-16 09:38:13,0.49,0.8596,573,0.47,0.8245,469,0.51,0.8947,2,0.48,0.8421,127,0
IWM190920P154,2019-09-16,2019-09-16 09:38:14,0.49,0.8596,573,0.47,0.8245,500,0.51,0.8947,2,0.48,0.8421,127,0
IWM190920P154,2019-09-16,2019-09-16 09:38:14,0.49,0.8596,573,0.47,0.8245,469,0.51,0.8947,2,0.48,0.8421,127,0
IWM190920P154,2019-09-16,2019-09-16 09:38:15,0.49,0.8596,528,0.47,0.8245,384,0.51,0.8947,2,0.48,0.8421,127,0
IWM190920P154,2019-09-16,2019-09-16 09:38:15,0.49,0.8596,521,0.47,0.8245,384,0.51,0.8947,2,0.48,0.8421,127,0
IWM190920P154,2019-09-16,2019-09-16 09:38:16,0.48,0.8421,82,0.47,0.8245,123,0.51,0.8947,2,0.475,0.8333,127,0
IWM190920P154,2019-09-16,2019-09-16 09:38:16,0.49,0.8596,535,0.47,0.8245,147,0.51,0.8947,2,0.48,0.8421,127,0
IWM190920P154,2019-09-16,2019-09-16 09:38:17,0.48,0.8421,62,0.47,0.8245,150,0.51,0.8947,2,0.475,0.8333,127,0
IWM190920P154,2019-09-16,2019-09-16 09:38:18,0.48,0.8421,131,0.47,0.8245,308,0.51,0.8947,2,0.475,0.8333,127,0
IWM190920P154,2019-09-16,2019-09-16 09:38:18,0.48,0.8421,193,0.47,0.8245,308,0.51,0.8947,2,0.475,0.8333,127,0
IWM190920P154,2019-09-16,2019-09-16 09:38:19,0.48,0.8421,346,0.47,0.8245,2,0.51,0.8947,2,0.475,0.8333,127,0
IWM190920P154,2019-09-16,2019-09-16 09:38:19,0.48,0.8421,361,0.46,0.807,729,0.51,0.8947,2,0.47,0.8245,127,0
IWM190920P154,2019-09-16,2019-09-16 09:38:20,0.48,0.8421,361,0.46,0.807,756,0.51,0.8947,2,0.47,0.8245,127,0
IWM190920P154,2019-09-16,2019-09-16 09:38:21,0.48,0.8421,221,0.46,0.807,438,0.51,0.8947,2,0.47,0.8245,127,0
IWM190920P154,2019-09-16,2019-09-16 09:38:21,0.48,0.8421,425,0.46,0.807,558,0.51,0.8947,2,0.47,0.8245,127,0
IWM190920P154,2019-09-16,2019-09-16 09:38:22,0.48,0.8421,425,0.46,0.807,558,0.51,0.8947,2,0.47,0.8245,127,0
IWM190920P154,2019-09-16,2019-09-16 09:38:23,0.48,0.8421,507,0.46,0.807,402,0.51,0.8947,2,0.47,0.8245,127,0
IWM190920P154,2019-09-16,2019-09-16 09:38:24,0.48,0.8421,507,0.46,0.807,659,0.51,0.8947,2,0.47,0.8245,127,0
IWM190920P154,2019-09-16,2019-09-16 09:38:24,0.48,0.8421,389,0.46,0.807,659,0.51,0.8947,2,0.47,0.8245,127,0
IWM190920P154,2019-09-16,2019-09-16 09:38:25,0.48,0.8421,389,0.46,0.807,717,0.51,0.8947,2,0.47,0.8245,127,0
IWM190920P154,2019-09-16,2019-09-16 09:38:26,0.48,0.8421,238,0.47,0.8245,148,0.51,0.8947,2,0.475,0.8333,127,0
IWM190920P154,2019-09-16,2019-09-16 09:38:26,0.48,0.8421,122,0.47,0.8245,456,0.51,0.8947,2,0.475,0.8333,127,0
IWM190920P154,2019-09-16,2019-09-16 09:38:27,0.49,0.8596,254,0.48,0.8421,28,0.51,0.8947,2,0.485,0.8508,127,0
IWM190920P154,2019-09-16,2019-09-16 09:38:27,0.48,0.8421,122,0.47,0.8245,284,0.51,0.8947,2,0.475,0.8333,127,0
IWM190920P154,2019-09-16,2019-09-16 09:38:28,0.49,0.8596,310,0.47,0.8245,454,0.51,0.8947,2,0.48,0.8421,127,0
IWM190920P154,2019-09-16,2019-09-16 09:38:28,0.49,0.8596,445,0.47,0.8245,423,0.51,0.8947,2,0.48,0.8421,127,0
IWM190920P154,2019-09-16,2019-09-16 09:38:29,0.49,0.8596,500,0.47,0.8245,509,0.51,0.8947,2,0.48,0.8421,127,0
IWM190920P154,2019-09-16,2019-09-16 09:38:29,0.49,0.8596,500,0.47,0.8245,461,0.51,0.8947,2,0.48,0.8421,127,0
IWM190920P154,2019-09-16,2019-09-16 09:38:30,0.49,0.8596,541,0.47,0.8245,277,0.51,0.8947,2,0.48,0.8421,127,0
IWM190920P154,2019-09-16,2019-09-16 09:38:31,0.48,0.8421,164,0.47,0.8245,277,0.51,0.8947,2,0.475,0.8333,127,0
IWM190920P154,2019-09-16,2019-09-16 09:38:31,0.49,0.8596,334,0.47,0.8245,351,0.51,0.8947,2,0.48,0.8421,127,0
IWM190920P154,2019-09-16,2019-09-16 09:38:32,0.49,0.8596,502,0.47,0.8245,351,0.51,0.8947,2,0.48,0.8421,127,0
IWM190920P154,2019-09-16,2019-09-16 09:38:32,0.49,0.8596,251,0.47,0.8245,622,0.51,0.8947,2,0.48,0.8421,127,0
IWM190920P154,2019-09-16,2019-09-16 09:38:33,0.49,0.8596,46,0.48,0.8421,117,0.51,0.8947,2,0.485,0.8508,127,0
