symbol,Date,quote_time,ask_price,norm_ask_price,ask_size,bid_price,norm_bid_price,bid_size,last_trade_price,norm_last_trade_price,last_trade_size,mark_price,norm_mark_price,volume,Volume
SPY190719P298,2019-07-17,2019-07-17 09:30:04,0.41,1.0,1334,0.39,0.9512,803,0.41,1.0,1,0.4,0.9756,1,1
SPY190719P298,2019-07-17,2019-07-17 09:30:05,0.41,1.0,1334,0.39,0.9512,803,0.41,1.0,1,0.4,0.9756,1,0
SPY190719P298,2019-07-17,2019-07-17 09:30:06,0.41,1.0,406,0.4,0.9756,75,0.41,1.0,1,0.405,0.9878,1,0
SPY190719P298,2019-07-17,2019-07-17 09:30:07,0.41,1.0,971,0.4,0.9756,75,0.41,1.0,1,0.405,0.9878,1,0
SPY190719P298,2019-07-17,2019-07-17 09:30:07,0.41,1.0,750,0.4,0.9756,75,0.41,1.0,1,0.405,0.9878,1,0
SPY190719P298,2019-07-17,2019-07-17 09:30:08,0.41,1.0,971,0.4,0.9756,75,0.43,1.0487,1,0.405,0.9878,2,0
SPY190719P298,2019-07-17,2019-07-17 09:30:08,0.41,1.0,971,0.4,0.9756,75,0.43,1.0487,1,0.405,0.9878,2,1
SPY190719P298,2019-07-17,2019-07-17 09:30:09,0.41,1.0,1147,0.4,0.9756,100,0.43,1.0487,1,0.405,0.9878,2,0
SPY190719P298,2019-07-17,2019-07-17 09:30:10,0.41,1.0,397,0.4,0.9756,75,0.43,1.0487,1,0.405,0.9878,2,0
SPY190719P298,2019-07-17,2019-07-17 09:30:11,0.43,1.0487,360,0.42,1.0243,75,0.42,1.0243,1,0.425,1.0365,3,0
SPY190719P298,2019-07-17,2019-07-17 09:30:11,0.42,1.0243,360,0.4,0.9756,125,0.42,1.0243,1,0.41,1.0,3,1
SPY190719P298,2019-07-17,2019-07-17 09:30:12,0.44,1.0731,182,0.42,1.0243,75,0.42,1.0243,1,0.43,1.0487,3,0
SPY190719P298,2019-07-17,2019-07-17 09:30:12,0.42,1.0243,736,0.41,1.0,76,0.42,1.0243,1,0.415,1.0121,3,0
SPY190719P298,2019-07-17,2019-07-17 09:30:13,0.42,1.0243,689,0.41,1.0,76,0.42,1.0243,1,0.415,1.0121,3,0
SPY190719P298,2019-07-17,2019-07-17 09:30:14,0.42,1.0243,689,0.41,1.0,75,0.42,1.0243,1,0.415,1.0121,3,0
SPY190719P298,2019-07-17,2019-07-17 09:30:14,0.42,1.0243,1347,0.41,1.0,75,0.42,1.0243,1,0.415,1.0121,4,1
SPY190719P298,2019-07-17,2019-07-17 09:30:15,0.42,1.0243,1347,0.41,1.0,75,0.42,1.0243,1,0.415,1.0121,4,0
SPY190719P298,2019-07-17,2019-07-17 09:30:16,0.42,1.0243,1598,0.41,1.0,75,0.42,1.0243,1,0.415,1.0121,4,0
SPY190719P298,2019-07-17,2019-07-17 09:30:16,0.42,1.0243,1347,0.41,1.0,75,0.42,1.0243,1,0.415,1.0121,4,0
SPY190719P298,2019-07-17,2019-07-17 09:30:17,0.42,1.0243,1598,0.41,1.0,75,0.42,1.0243,1,0.415,1.0121,4,0
SPY190719P298,2019-07-17,2019-07-17 09:30:18,0.42,1.0243,1598,0.41,1.0,75,0.42,1.0243,1,0.415,1.0121,4,0
SPY190719P298,2019-07-17,2019-07-17 09:30:19,0.42,1.0243,1598,0.41,1.0,75,0.42,1.0243,1,0.415,1.0121,4,0
SPY190719P298,2019-07-17,2019-07-17 09:30:20,0.42,1.0243,1010,0.41,1.0,75,0.42,1.0243,1,0.415,1.0121,4,0
SPY190719P298,2019-07-17,2019-07-17 09:30:21,0.42,1.0243,1020,0.41,1.0,75,0.42,1.0243,1,0.415,1.0121,4,0
SPY190719P298,2019-07-17,2019-07-17 09:30:23,0.42,1.0243,1063,0.41,1.0,80,0.42,1.0243,1,0.415,1.0121,4,0
SPY190719P298,2019-07-17,2019-07-17 09:30:24,0.42,1.0243,383,0.41,1.0,80,0.42,1.0243,1,0.415,1.0121,4,0
SPY190719P298,2019-07-17,2019-07-17 09:30:26,0.42,1.0243,543,0.41,1.0,570,0.42,1.0243,1,0.415,1.0121,4,0
SPY190719P298,2019-07-17,2019-07-17 09:30:27,0.42,1.0243,882,0.41,1.0,121,0.42,1.0243,1,0.415,1.0121,4,0
SPY190719P298,2019-07-17,2019-07-17 09:30:28,0.42,1.0243,1018,0.41,1.0,75,0.42,1.0243,1,0.415,1.0121,4,0
SPY190719P298,2019-07-17,2019-07-17 09:30:29,0.42,1.0243,1310,0.41,1.0,75,0.42,1.0243,1,0.415,1.0121,4,0
SPY190719P298,2019-07-17,2019-07-17 09:30:30,0.42,1.0243,1310,0.41,1.0,75,0.42,1.0243,1,0.415,1.0121,4,0
SPY190719P298,2019-07-17,2019-07-17 09:30:31,0.42,1.0243,1310,0.41,1.0,75,0.42,1.0243,1,0.415,1.0121,4,0
SPY190719P298,2019-07-17,2019-07-17 09:30:32,0.41,1.0,743,0.39,0.9512,329,0.42,1.0243,1,0.4,0.9756,4,0
SPY190719P298,2019-07-17,2019-07-17 09:30:33,0.4,0.9756,720,0.39,0.9512,269,0.42,1.0243,1,0.395,0.9634,4,0
SPY190719P298,2019-07-17,2019-07-17 09:30:34,0.4,0.9756,541,0.39,0.9512,80,0.42,1.0243,1,0.395,0.9634,4,0
SPY190719P298,2019-07-17,2019-07-17 09:30:34,0.4,0.9756,997,0.38,0.9268,1286,0.42,1.0243,1,0.39,0.9512,4,0
SPY190719P298,2019-07-17,2019-07-17 09:30:35,0.4,0.9756,997,0.38,0.9268,1286,0.42,1.0243,1,0.39,0.9512,4,0
SPY190719P298,2019-07-17,2019-07-17 09:30:36,0.4,0.9756,960,0.39,0.9512,196,0.42,1.0243,1,0.395,0.9634,4,0
SPY190719P298,2019-07-17,2019-07-17 09:30:36,0.4,0.9756,960,0.38,0.9268,1621,0.42,1.0243,1,0.39,0.9512,4,0
SPY190719P298,2019-07-17,2019-07-17 09:30:37,0.4,0.9756,960,0.39,0.9512,196,0.42,1.0243,1,0.395,0.9634,4,0
SPY190719P298,2019-07-17,2019-07-17 09:30:38,0.4,0.9756,960,0.39,0.9512,176,0.42,1.0243,1,0.395,0.9634,4,0
SPY190719P298,2019-07-17,2019-07-17 09:30:39,0.39,0.9512,5,0.38,0.9268,1623,0.42,1.0243,1,0.385,0.939,4,0
SPY190719P298,2019-07-17,2019-07-17 09:30:39,0.39,0.9512,5,0.38,0.9268,1251,0.42,1.0243,1,0.385,0.939,4,0
SPY190719P298,2019-07-17,2019-07-17 09:30:40,0.39,0.9512,5,0.38,0.9268,1794,0.42,1.0243,1,0.385,0.939,4,0
SPY190719P298,2019-07-17,2019-07-17 09:30:41,0.39,0.9512,5,0.38,0.9268,1834,0.42,1.0243,1,0.385,0.939,4,0
SPY190719P298,2019-07-17,2019-07-17 09:30:42,0.39,0.9512,5,0.38,0.9268,1391,0.42,1.0243,1,0.385,0.939,4,0
SPY190719P298,2019-07-17,2019-07-17 09:30:42,0.39,0.9512,5,0.38,0.9268,1766,0.42,1.0243,1,0.385,0.939,4,0
SPY190719P298,2019-07-17,2019-07-17 09:30:43,0.4,0.9756,832,0.39,0.9512,170,0.42,1.0243,1,0.395,0.9634,4,0
SPY190719P298,2019-07-17,2019-07-17 09:30:44,0.4,0.9756,752,0.39,0.9512,311,0.42,1.0243,1,0.395,0.9634,4,0
SPY190719P298,2019-07-17,2019-07-17 09:30:45,0.4,0.9756,50,0.39,0.9512,331,0.42,1.0243,1,0.395,0.9634,4,0
SPY190719P298,2019-07-17,2019-07-17 09:30:45,0.4,0.9756,733,0.39,0.9512,452,0.39,0.9512,1,0.395,0.9634,5,1
SPY190719P298,2019-07-17,2019-07-17 09:30:48,0.41,1.0,645,0.39,0.9512,1643,0.39,0.9512,1,0.4,0.9756,5,0
SPY190719P298,2019-07-17,2019-07-17 09:30:50,0.41,1.0,1374,0.39,0.9512,1511,0.4,0.9756,1,0.4,0.9756,6,1
SPY190719P298,2019-07-17,2019-07-17 09:30:52,0.4,0.9756,541,0.39,0.9512,1212,0.4,0.9756,50,0.395,0.9634,56,50
SPY190719P298,2019-07-17,2019-07-17 09:30:53,0.4,0.9756,726,0.39,0.9512,605,0.4,0.9756,50,0.395,0.9634,56,0
SPY190719P298,2019-07-17,2019-07-17 09:30:54,0.4,0.9756,814,0.39,0.9512,605,0.4,0.9756,50,0.395,0.9634,56,0
SPY190719P298,2019-07-17,2019-07-17 09:30:55,0.4,0.9756,814,0.39,0.9512,653,0.4,0.9756,50,0.395,0.9634,56,0
SPY190719P298,2019-07-17,2019-07-17 09:30:56,0.4,0.9756,814,0.39,0.9512,605,0.4,0.9756,50,0.395,0.9634,56,0
SPY190719P298,2019-07-17,2019-07-17 09:30:56,0.4,0.9756,814,0.39,0.9512,653,0.4,0.9756,50,0.395,0.9634,56,0
SPY190719P298,2019-07-17,2019-07-17 09:30:57,0.4,0.9756,814,0.39,0.9512,604,0.39,0.9512,1,0.395,0.9634,58,2
SPY190719P298,2019-07-17,2019-07-17 09:30:57,0.4,0.9756,814,0.39,0.9512,605,0.4,0.9756,50,0.395,0.9634,56,0
SPY190719P298,2019-07-17,2019-07-17 09:30:58,0.4,0.9756,614,0.39,0.9512,857,0.39,0.9512,30,0.395,0.9634,88,30
SPY190719P298,2019-07-17,2019-07-17 09:30:59,0.4,0.9756,726,0.39,0.9512,604,0.4,0.9756,2,0.395,0.9634,93,5
SPY190719P298,2019-07-17,2019-07-17 09:30:59,0.4,0.9756,726,0.39,0.9512,604,0.39,0.9512,30,0.395,0.9634,88,0
SPY190719P298,2019-07-17,2019-07-17 09:31:00,0.4,0.9756,737,0.39,0.9512,170,0.4,0.9756,2,0.395,0.9634,93,0
SPY190719P298,2019-07-17,2019-07-17 09:31:01,0.4,0.9756,774,0.39,0.9512,232,0.4,0.9756,2,0.395,0.9634,93,0
SPY190719P298,2019-07-17,2019-07-17 09:31:01,0.4,0.9756,774,0.39,0.9512,192,0.4,0.9756,2,0.395,0.9634,93,0
SPY190719P298,2019-07-17,2019-07-17 09:31:02,0.4,0.9756,774,0.39,0.9512,192,0.4,0.9756,2,0.395,0.9634,93,0
SPY190719P298,2019-07-17,2019-07-17 09:31:03,0.4,0.9756,774,0.39,0.9512,192,0.4,0.9756,2,0.395,0.9634,93,0
SPY190719P298,2019-07-17,2019-07-17 09:31:03,0.39,0.9512,5,0.38,0.9268,1116,0.4,0.9756,2,0.385,0.939,93,0
SPY190719P298,2019-07-17,2019-07-17 09:31:04,0.39,0.9512,5,0.38,0.9268,1074,0.4,0.9756,2,0.385,0.939,93,0
SPY190719P298,2019-07-17,2019-07-17 09:31:04,0.4,0.9756,874,0.39,0.9512,5,0.4,0.9756,2,0.395,0.9634,93,0
SPY190719P298,2019-07-17,2019-07-17 09:31:05,0.4,0.9756,963,0.38,0.9268,1324,0.4,0.9756,2,0.39,0.9512,93,0
SPY190719P298,2019-07-17,2019-07-17 09:31:06,0.4,0.9756,963,0.39,0.9512,130,0.4,0.9756,2,0.395,0.9634,93,0
SPY190719P298,2019-07-17,2019-07-17 09:31:07,0.39,0.9512,5,0.38,0.9268,1521,0.4,0.9756,2,0.385,0.939,93,0
SPY190719P298,2019-07-17,2019-07-17 09:31:07,0.4,0.9756,801,0.38,0.9268,1665,0.4,0.9756,2,0.39,0.9512,93,0
SPY190719P298,2019-07-17,2019-07-17 09:31:08,0.39,0.9512,813,0.38,0.9268,213,0.4,0.9756,2,0.385,0.939,93,0
SPY190719P298,2019-07-17,2019-07-17 09:31:08,0.39,0.9512,813,0.38,0.9268,237,0.4,0.9756,2,0.385,0.939,93,0
SPY190719P298,2019-07-17,2019-07-17 09:31:09,0.39,0.9512,813,0.38,0.9268,237,0.4,0.9756,2,0.385,0.939,93,0
SPY190719P298,2019-07-17,2019-07-17 09:31:10,0.39,0.9512,1069,0.37,0.9024,1517,0.4,0.9756,2,0.38,0.9268,93,0
SPY190719P298,2019-07-17,2019-07-17 09:31:11,0.39,0.9512,1069,0.37,0.9024,1517,0.4,0.9756,2,0.38,0.9268,93,0
SPY190719P298,2019-07-17,2019-07-17 09:31:11,0.38,0.9268,5,0.37,0.9024,1528,0.4,0.9756,2,0.375,0.9146,93,0
SPY190719P298,2019-07-17,2019-07-17 09:31:12,0.38,0.9268,5,0.37,0.9024,1974,0.4,0.9756,2,0.375,0.9146,93,0
SPY190719P298,2019-07-17,2019-07-17 09:31:13,0.38,0.9268,5,0.37,0.9024,1278,0.4,0.9756,2,0.375,0.9146,93,0
SPY190719P298,2019-07-17,2019-07-17 09:31:13,0.38,0.9268,5,0.37,0.9024,1016,0.4,0.9756,2,0.375,0.9146,93,0
SPY190719P298,2019-07-17,2019-07-17 09:31:14,0.38,0.9268,5,0.37,0.9024,1278,0.4,0.9756,2,0.375,0.9146,93,0
SPY190719P298,2019-07-17,2019-07-17 09:31:15,0.38,0.9268,746,0.37,0.9024,1009,0.4,0.9756,2,0.375,0.9146,93,0
SPY190719P298,2019-07-17,2019-07-17 09:31:15,0.38,0.9268,6,0.37,0.9024,1188,0.4,0.9756,2,0.375,0.9146,93,0
SPY190719P298,2019-07-17,2019-07-17 09:31:16,0.38,0.9268,944,0.37,0.9024,158,0.4,0.9756,2,0.375,0.9146,93,0
SPY190719P298,2019-07-17,2019-07-17 09:31:16,0.38,0.9268,944,0.37,0.9024,129,0.4,0.9756,2,0.375,0.9146,93,0
SPY190719P298,2019-07-17,2019-07-17 09:31:17,0.38,0.9268,944,0.37,0.9024,158,0.4,0.9756,2,0.375,0.9146,93,0
SPY190719P298,2019-07-17,2019-07-17 09:31:18,0.38,0.9268,1000,0.37,0.9024,100,0.4,0.9756,2,0.375,0.9146,93,0
SPY190719P298,2019-07-17,2019-07-17 09:31:18,0.38,0.9268,1000,0.37,0.9024,158,0.4,0.9756,2,0.375,0.9146,93,0
SPY190719P298,2019-07-17,2019-07-17 09:31:19,0.38,0.9268,1002,0.37,0.9024,100,0.4,0.9756,2,0.375,0.9146,93,0
SPY190719P298,2019-07-17,2019-07-17 09:31:20,0.38,0.9268,1002,0.37,0.9024,100,0.4,0.9756,2,0.375,0.9146,93,0
SPY190719P298,2019-07-17,2019-07-17 09:31:20,0.37,0.9024,5,0.36,0.878,1681,0.4,0.9756,2,0.365,0.8902,93,0
SPY190719P298,2019-07-17,2019-07-17 09:31:21,0.37,0.9024,5,0.36,0.878,1750,0.4,0.9756,2,0.365,0.8902,93,0
SPY190719P298,2019-07-17,2019-07-17 09:31:22,0.38,0.9268,746,0.36,0.878,2589,0.36,0.878,1,0.37,0.9024,94,0
SPY190719P298,2019-07-17,2019-07-17 09:31:22,0.37,0.9024,5,0.36,0.878,1700,0.36,0.878,1,0.365,0.8902,94,1
SPY190719P298,2019-07-17,2019-07-17 09:31:23,0.37,0.9024,5,0.37,0.9024,5,0.36,0.878,1,0.37,0.9024,94,0
SPY190719P298,2019-07-17,2019-07-17 09:31:23,0.37,0.9024,165,0.36,0.878,1576,0.36,0.878,1,0.365,0.8902,94,0
SPY190719P298,2019-07-17,2019-07-17 09:31:24,0.37,0.9024,5,0.36,0.878,1576,0.36,0.878,1,0.365,0.8902,94,0
SPY190719P298,2019-07-17,2019-07-17 09:31:25,0.37,0.9024,130,0.36,0.878,1672,0.36,0.878,1,0.365,0.8902,94,0
SPY190719P298,2019-07-17,2019-07-17 09:31:25,0.37,0.9024,165,0.36,0.878,1672,0.36,0.878,1,0.365,0.8902,94,0
SPY190719P298,2019-07-17,2019-07-17 09:31:26,0.37,0.9024,5,0.36,0.878,1616,0.36,0.878,1,0.365,0.8902,94,0
SPY190719P298,2019-07-17,2019-07-17 09:31:27,0.37,0.9024,575,0.36,0.878,634,0.36,0.878,1,0.365,0.8902,94,0
SPY190719P298,2019-07-17,2019-07-17 09:31:27,0.37,0.9024,756,0.36,0.878,419,0.36,0.878,1,0.365,0.8902,94,0
SPY190719P298,2019-07-17,2019-07-17 09:31:28,0.37,0.9024,756,0.36,0.878,439,0.36,0.878,1,0.365,0.8902,94,0
SPY190719P298,2019-07-17,2019-07-17 09:31:29,0.37,0.9024,756,0.36,0.878,401,0.36,0.878,1,0.365,0.8902,94,0
SPY190719P298,2019-07-17,2019-07-17 09:31:29,0.37,0.9024,782,0.36,0.878,497,0.36,0.878,1,0.365,0.8902,94,0
SPY190719P298,2019-07-17,2019-07-17 09:31:30,0.37,0.9024,755,0.36,0.878,497,0.36,0.878,1,0.365,0.8902,94,0
SPY190719P298,2019-07-17,2019-07-17 09:31:31,0.37,0.9024,35,0.36,0.878,1379,0.36,0.878,1,0.365,0.8902,94,0
SPY190719P298,2019-07-17,2019-07-17 09:31:31,0.37,0.9024,755,0.36,0.878,604,0.36,0.878,1,0.365,0.8902,94,0
SPY190719P298,2019-07-17,2019-07-17 09:31:32,0.37,0.9024,5,0.36,0.878,1467,0.36,0.878,1,0.365,0.8902,94,0
SPY190719P298,2019-07-17,2019-07-17 09:31:33,0.37,0.9024,6,0.36,0.878,1622,0.36,0.878,1,0.365,0.8902,94,0
SPY190719P298,2019-07-17,2019-07-17 09:31:35,0.37,0.9024,1,0.36,0.878,2939,0.36,0.878,1,0.365,0.8902,94,0
SPY190719P298,2019-07-17,2019-07-17 09:31:37,0.37,0.9024,1,0.36,0.878,2325,0.36,0.878,1,0.365,0.8902,94,0
SPY190719P298,2019-07-17,2019-07-17 09:31:38,0.37,0.9024,2,0.36,0.878,3210,0.36,0.878,1,0.365,0.8902,94,0
SPY190719P298,2019-07-17,2019-07-17 09:31:38,0.37,0.9024,7,0.36,0.878,3166,0.36,0.878,1,0.365,0.8902,94,0
SPY190719P298,2019-07-17,2019-07-17 09:31:39,0.37,0.9024,7,0.36,0.878,1981,0.36,0.878,1,0.365,0.8902,94,0
SPY190719P298,2019-07-17,2019-07-17 09:31:40,0.37,0.9024,7,0.36,0.878,1699,0.36,0.878,1,0.365,0.8902,94,0
SPY190719P298,2019-07-17,2019-07-17 09:31:45,0.37,0.9024,210,0.36,0.878,2484,0.36,0.878,1,0.365,0.8902,94,0
SPY190719P298,2019-07-17,2019-07-17 09:31:45,0.37,0.9024,210,0.36,0.878,1615,0.36,0.878,1,0.365,0.8902,94,0
SPY190719P298,2019-07-17,2019-07-17 09:31:47,0.37,0.9024,229,0.36,0.878,1615,0.36,0.878,1,0.365,0.8902,94,0
SPY190719P298,2019-07-17,2019-07-17 09:31:48,0.37,0.9024,196,0.36,0.878,2484,0.36,0.878,1,0.365,0.8902,94,0
SPY190719P298,2019-07-17,2019-07-17 09:31:48,0.37,0.9024,7,0.36,0.878,1615,0.36,0.878,1,0.365,0.8902,94,0
SPY190719P298,2019-07-17,2019-07-17 09:31:49,0.37,0.9024,212,0.36,0.878,1615,0.36,0.878,1,0.365,0.8902,94,0
SPY190719P298,2019-07-17,2019-07-17 09:31:50,0.37,0.9024,225,0.36,0.878,1329,0.36,0.878,1,0.365,0.8902,94,0
SPY190719P298,2019-07-17,2019-07-17 09:31:50,0.37,0.9024,7,0.36,0.878,1615,0.36,0.878,1,0.365,0.8902,94,0
SPY190719P298,2019-07-17,2019-07-17 09:31:51,0.37,0.9024,212,0.36,0.878,1357,0.36,0.878,1,0.365,0.8902,94,0
SPY190719P298,2019-07-17,2019-07-17 09:31:52,0.37,0.9024,7,0.36,0.878,1357,0.36,0.878,1,0.365,0.8902,94,0
SPY190719P298,2019-07-17,2019-07-17 09:31:53,0.37,0.9024,7,0.36,0.878,2298,0.36,0.878,1,0.365,0.8902,94,0
SPY190719P298,2019-07-17,2019-07-17 09:31:53,0.37,0.9024,2,0.37,0.9024,271,0.37,0.9024,1,0.37,0.9024,96,2
SPY190719P298,2019-07-17,2019-07-17 09:31:54,0.37,0.9024,2,0.37,0.9024,2301,0.37,0.9024,1,0.37,0.9024,96,0
SPY190719P298,2019-07-17,2019-07-17 09:31:55,0.38,0.9268,5,0.37,0.9024,1447,0.37,0.9024,1,0.375,0.9146,96,0
SPY190719P298,2019-07-17,2019-07-17 09:31:56,0.38,0.9268,12,0.37,0.9024,2403,0.37,0.9024,1,0.375,0.9146,96,0
SPY190719P298,2019-07-17,2019-07-17 09:31:56,0.38,0.9268,12,0.37,0.9024,1567,0.37,0.9024,1,0.375,0.9146,96,0
SPY190719P298,2019-07-17,2019-07-17 09:31:57,0.38,0.9268,100,0.37,0.9024,2403,0.37,0.9024,1,0.375,0.9146,96,0
SPY190719P298,2019-07-17,2019-07-17 09:31:58,0.38,0.9268,100,0.37,0.9024,2484,0.37,0.9024,1,0.375,0.9146,96,0
SPY190719P298,2019-07-17,2019-07-17 09:31:58,0.38,0.9268,100,0.37,0.9024,2433,0.37,0.9024,1,0.375,0.9146,96,0
SPY190719P298,2019-07-17,2019-07-17 09:31:59,0.39,0.9512,1168,0.37,0.9024,2280,0.37,0.9024,1,0.38,0.9268,96,0
SPY190719P298,2019-07-17,2019-07-17 09:32:00,0.39,0.9512,395,0.38,0.9268,415,0.37,0.9024,1,0.385,0.939,96,0
SPY190719P298,2019-07-17,2019-07-17 09:32:01,0.39,0.9512,5,0.38,0.9268,1277,0.37,0.9024,1,0.385,0.939,96,0
SPY190719P298,2019-07-17,2019-07-17 09:32:02,0.4,0.9756,636,0.38,0.9268,1300,0.37,0.9024,1,0.39,0.9512,96,0
SPY190719P298,2019-07-17,2019-07-17 09:32:02,0.4,0.9756,628,0.39,0.9512,64,0.37,0.9024,1,0.395,0.9634,96,0
SPY190719P298,2019-07-17,2019-07-17 09:32:03,0.4,0.9756,1030,0.39,0.9512,5,0.37,0.9024,1,0.395,0.9634,96,0
SPY190719P298,2019-07-17,2019-07-17 09:32:03,0.4,0.9756,1080,0.39,0.9512,5,0.37,0.9024,1,0.395,0.9634,96,0
SPY190719P298,2019-07-17,2019-07-17 09:32:04,0.4,0.9756,1054,0.39,0.9512,5,0.37,0.9024,1,0.395,0.9634,96,0
SPY190719P298,2019-07-17,2019-07-17 09:32:05,0.4,0.9756,1039,0.39,0.9512,5,0.37,0.9024,1,0.395,0.9634,96,0
SPY190719P298,2019-07-17,2019-07-17 09:32:06,0.4,0.9756,1161,0.39,0.9512,5,0.37,0.9024,1,0.395,0.9634,96,0
SPY190719P298,2019-07-17,2019-07-17 09:32:07,0.4,0.9756,1039,0.39,0.9512,6,0.37,0.9024,1,0.395,0.9634,96,0
SPY190719P298,2019-07-17,2019-07-17 09:32:08,0.4,0.9756,1113,0.39,0.9512,6,0.37,0.9024,1,0.395,0.9634,96,0
SPY190719P298,2019-07-17,2019-07-17 09:32:08,0.4,0.9756,1039,0.39,0.9512,6,0.37,0.9024,1,0.395,0.9634,96,0
SPY190719P298,2019-07-17,2019-07-17 09:32:09,0.4,0.9756,1113,0.39,0.9512,6,0.37,0.9024,1,0.395,0.9634,96,0
SPY190719P298,2019-07-17,2019-07-17 09:32:10,0.4,0.9756,1011,0.39,0.9512,5,0.37,0.9024,1,0.395,0.9634,96,0
SPY190719P298,2019-07-17,2019-07-17 09:32:10,0.4,0.9756,265,0.39,0.9512,590,0.37,0.9024,1,0.395,0.9634,96,0
SPY190719P298,2019-07-17,2019-07-17 09:32:11,0.4,0.9756,6,0.39,0.9512,1396,0.37,0.9024,1,0.395,0.9634,96,0
SPY190719P298,2019-07-17,2019-07-17 09:32:11,0.4,0.9756,265,0.39,0.9512,888,0.37,0.9024,1,0.395,0.9634,96,0
SPY190719P298,2019-07-17,2019-07-17 09:32:12,0.4,0.9756,6,0.39,0.9512,1405,0.37,0.9024,1,0.395,0.9634,96,0
SPY190719P298,2019-07-17,2019-07-17 09:32:13,0.4,0.9756,6,0.39,0.9512,1156,0.37,0.9024,1,0.395,0.9634,96,0
SPY190719P298,2019-07-17,2019-07-17 09:32:13,0.4,0.9756,6,0.39,0.9512,1778,0.37,0.9024,1,0.395,0.9634,96,0
SPY190719P298,2019-07-17,2019-07-17 09:32:14,0.4,0.9756,965,0.39,0.9512,368,0.37,0.9024,1,0.395,0.9634,96,0
SPY190719P298,2019-07-17,2019-07-17 09:32:15,0.4,0.9756,965,0.39,0.9512,380,0.37,0.9024,1,0.395,0.9634,96,0
SPY190719P298,2019-07-17,2019-07-17 09:32:15,0.4,0.9756,196,0.39,0.9512,614,0.37,0.9024,1,0.395,0.9634,96,0
SPY190719P298,2019-07-17,2019-07-17 09:32:16,0.4,0.9756,196,0.39,0.9512,264,0.37,0.9024,1,0.395,0.9634,96,0
SPY190719P298,2019-07-17,2019-07-17 09:32:16,0.4,0.9756,196,0.39,0.9512,355,0.37,0.9024,1,0.395,0.9634,96,0
SPY190719P298,2019-07-17,2019-07-17 09:32:17,0.4,0.9756,969,0.39,0.9512,355,0.37,0.9024,1,0.395,0.9634,96,0
SPY190719P298,2019-07-17,2019-07-17 09:32:18,0.4,0.9756,684,0.39,0.9512,799,0.37,0.9024,1,0.395,0.9634,96,0
SPY190719P298,2019-07-17,2019-07-17 09:32:18,0.4,0.9756,455,0.39,0.9512,395,0.37,0.9024,1,0.395,0.9634,96,0
SPY190719P298,2019-07-17,2019-07-17 09:32:19,0.4,0.9756,726,0.39,0.9512,679,0.37,0.9024,1,0.395,0.9634,96,0
SPY190719P298,2019-07-17,2019-07-17 09:32:20,0.4,0.9756,726,0.39,0.9512,645,0.37,0.9024,1,0.395,0.9634,96,0
SPY190719P298,2019-07-17,2019-07-17 09:32:21,0.4,0.9756,726,0.39,0.9512,645,0.37,0.9024,1,0.395,0.9634,96,0
SPY190719P298,2019-07-17,2019-07-17 09:32:22,0.4,0.9756,726,0.39,0.9512,645,0.4,0.9756,10,0.395,0.9634,106,10
SPY190719P298,2019-07-17,2019-07-17 09:32:23,0.4,0.9756,726,0.39,0.9512,853,0.4,0.9756,10,0.395,0.9634,106,0
SPY190719P298,2019-07-17,2019-07-17 09:32:24,0.4,0.9756,783,0.39,0.9512,605,0.4,0.9756,10,0.395,0.9634,106,0
SPY190719P298,2019-07-17,2019-07-17 09:32:24,0.4,0.9756,788,0.39,0.9512,611,0.4,0.9756,10,0.395,0.9634,106,0
SPY190719P298,2019-07-17,2019-07-17 09:32:25,0.4,0.9756,783,0.39,0.9512,605,0.4,0.9756,10,0.395,0.9634,106,0
SPY190719P298,2019-07-17,2019-07-17 09:32:25,0.4,0.9756,539,0.39,0.9512,1320,0.4,0.9756,10,0.395,0.9634,106,0
SPY190719P298,2019-07-17,2019-07-17 09:32:26,0.4,0.9756,294,0.39,0.9512,1685,0.4,0.9756,10,0.395,0.9634,106,0
SPY190719P298,2019-07-17,2019-07-17 09:32:27,0.4,0.9756,115,0.39,0.9512,1706,0.4,0.9756,10,0.395,0.9634,106,0
SPY190719P298,2019-07-17,2019-07-17 09:32:27,0.4,0.9756,168,0.39,0.9512,1045,0.4,0.9756,10,0.395,0.9634,106,0
SPY190719P298,2019-07-17,2019-07-17 09:32:28,0.4,0.9756,168,0.39,0.9512,1993,0.4,0.9756,10,0.395,0.9634,106,0
SPY190719P298,2019-07-17,2019-07-17 09:32:28,0.4,0.9756,168,0.39,0.9512,720,0.4,0.9756,10,0.395,0.9634,106,0
SPY190719P298,2019-07-17,2019-07-17 09:32:29,0.4,0.9756,100,0.39,0.9512,1380,0.4,0.9756,10,0.395,0.9634,106,0
SPY190719P298,2019-07-17,2019-07-17 09:32:29,0.4,0.9756,100,0.39,0.9512,1420,0.4,0.9756,10,0.395,0.9634,106,0
SPY190719P298,2019-07-17,2019-07-17 09:32:30,0.4,0.9756,168,0.39,0.9512,1420,0.4,0.9756,10,0.395,0.9634,106,0
SPY190719P298,2019-07-17,2019-07-17 09:32:30,0.4,0.9756,100,0.39,0.9512,2184,0.4,0.9756,10,0.395,0.9634,106,0
SPY190719P298,2019-07-17,2019-07-17 09:32:31,0.4,0.9756,168,0.39,0.9512,1420,0.4,0.9756,10,0.395,0.9634,106,0
SPY190719P298,2019-07-17,2019-07-17 09:32:32,0.4,0.9756,168,0.39,0.9512,1380,0.39,0.9512,1,0.395,0.9634,107,1
SPY190719P298,2019-07-17,2019-07-17 09:32:32,0.4,0.9756,168,0.39,0.9512,570,0.39,0.9512,1,0.395,0.9634,107,0
SPY190719P298,2019-07-17,2019-07-17 09:32:33,0.4,0.9756,1514,0.39,0.9512,222,0.39,0.9512,1,0.395,0.9634,107,0
SPY190719P298,2019-07-17,2019-07-17 09:32:33,0.4,0.9756,1514,0.39,0.9512,268,0.39,0.9512,1,0.395,0.9634,107,0
SPY190719P298,2019-07-17,2019-07-17 09:32:34,0.39,0.9512,16,0.39,0.9512,222,0.39,0.9512,1,0.39,0.9512,107,0
SPY190719P298,2019-07-17,2019-07-17 09:32:35,0.4,0.9756,1093,0.39,0.9512,6,0.39,0.9512,1,0.395,0.9634,107,0
SPY190719P298,2019-07-17,2019-07-17 09:32:35,0.39,0.9512,87,0.38,0.9268,2824,0.39,0.9512,1,0.385,0.939,107,0
SPY190719P298,2019-07-17,2019-07-17 09:32:36,0.39,0.9512,5,0.38,0.9268,2402,0.39,0.9512,1,0.385,0.939,107,0
SPY190719P298,2019-07-17,2019-07-17 09:32:36,0.4,0.9756,1057,0.39,0.9512,6,0.39,0.9512,1,0.395,0.9634,107,0
SPY190719P298,2019-07-17,2019-07-17 09:32:37,0.39,0.9512,86,0.38,0.9268,2824,0.39,0.9512,1,0.385,0.939,107,0
SPY190719P298,2019-07-17,2019-07-17 09:32:38,0.39,0.9512,118,0.38,0.9268,2391,0.39,0.9512,1,0.385,0.939,107,0
SPY190719P298,2019-07-17,2019-07-17 09:32:38,0.4,0.9756,1021,0.38,0.9268,2424,0.39,0.9512,1,0.39,0.9512,107,0
SPY190719P298,2019-07-17,2019-07-17 09:32:39,0.4,0.9756,999,0.38,0.9268,2391,0.39,0.9512,1,0.39,0.9512,107,0
SPY190719P298,2019-07-17,2019-07-17 09:32:39,0.39,0.9512,118,0.38,0.9268,2431,0.39,0.9512,1,0.385,0.939,107,0
SPY190719P298,2019-07-17,2019-07-17 09:32:40,0.39,0.9512,865,0.38,0.9268,570,0.39,0.9512,1,0.385,0.939,107,0
SPY190719P298,2019-07-17,2019-07-17 09:32:40,0.39,0.9512,865,0.38,0.9268,2391,0.39,0.9512,1,0.385,0.939,107,0
SPY190719P298,2019-07-17,2019-07-17 09:32:41,0.39,0.9512,834,0.38,0.9268,618,0.39,0.9512,1,0.385,0.939,107,0
SPY190719P298,2019-07-17,2019-07-17 09:32:41,0.39,0.9512,773,0.38,0.9268,618,0.39,0.9512,1,0.385,0.939,107,0
SPY190719P298,2019-07-17,2019-07-17 09:32:42,0.39,0.9512,773,0.38,0.9268,570,0.39,0.9512,1,0.385,0.939,107,0
SPY190719P298,2019-07-17,2019-07-17 09:32:43,0.39,0.9512,391,0.38,0.9268,370,0.39,0.9512,1,0.385,0.939,107,0
SPY190719P298,2019-07-17,2019-07-17 09:32:43,0.39,0.9512,5,0.38,0.9268,3140,0.39,0.9512,1,0.385,0.939,107,0
SPY190719P298,2019-07-17,2019-07-17 09:32:48,0.4,0.9756,1135,0.39,0.9512,160,0.39,0.9512,1,0.395,0.9634,107,0
SPY190719P298,2019-07-17,2019-07-17 09:32:49,0.39,0.9512,100,0.38,0.9268,2864,0.39,0.9512,1,0.385,0.939,107,0
SPY190719P298,2019-07-17,2019-07-17 09:32:50,0.4,0.9756,1348,0.39,0.9512,6,0.39,0.9512,1,0.395,0.9634,107,0
SPY190719P298,2019-07-17,2019-07-17 09:32:51,0.4,0.9756,963,0.39,0.9512,202,0.39,0.9512,1,0.395,0.9634,107,0
SPY190719P298,2019-07-17,2019-07-17 09:32:52,0.4,0.9756,963,0.39,0.9512,368,0.39,0.9512,1,0.395,0.9634,107,0
SPY190719P298,2019-07-17,2019-07-17 09:32:52,0.4,0.9756,963,0.39,0.9512,202,0.39,0.9512,1,0.395,0.9634,107,0
SPY190719P298,2019-07-17,2019-07-17 09:32:53,0.4,0.9756,963,0.39,0.9512,416,0.39,0.9512,10,0.395,0.9634,117,10
SPY190719P298,2019-07-17,2019-07-17 09:32:54,0.4,0.9756,949,0.39,0.9512,270,0.39,0.9512,10,0.395,0.9634,117,0
SPY190719P298,2019-07-17,2019-07-17 09:32:55,0.4,0.9756,1117,0.38,0.9268,1241,0.39,0.9512,10,0.39,0.9512,117,0
SPY190719P298,2019-07-17,2019-07-17 09:32:56,0.4,0.9756,1117,0.38,0.9268,877,0.39,0.9512,10,0.39,0.9512,117,0
SPY190719P298,2019-07-17,2019-07-17 09:32:57,0.4,0.9756,1117,0.38,0.9268,917,0.39,0.9512,10,0.39,0.9512,117,0
SPY190719P298,2019-07-17,2019-07-17 09:32:57,0.39,0.9512,693,0.38,0.9268,1222,0.39,0.9512,10,0.385,0.939,117,0
SPY190719P298,2019-07-17,2019-07-17 09:32:58,0.39,0.9512,773,0.38,0.9268,1259,0.39,0.9512,10,0.385,0.939,117,0
SPY190719P298,2019-07-17,2019-07-17 09:32:59,0.39,0.9512,733,0.38,0.9268,380,0.39,0.9512,10,0.385,0.939,117,0
SPY190719P298,2019-07-17,2019-07-17 09:32:59,0.39,0.9512,773,0.38,0.9268,1259,0.39,0.9512,10,0.385,0.939,117,0
SPY190719P298,2019-07-17,2019-07-17 09:33:00,0.39,0.9512,773,0.38,0.9268,615,0.39,0.9512,10,0.385,0.939,117,0
SPY190719P298,2019-07-17,2019-07-17 09:33:00,0.39,0.9512,813,0.38,0.9268,604,0.39,0.9512,10,0.385,0.939,117,0
SPY190719P298,2019-07-17,2019-07-17 09:33:01,0.39,0.9512,773,0.38,0.9268,615,0.39,0.9512,10,0.385,0.939,117,0
SPY190719P298,2019-07-17,2019-07-17 09:33:02,0.39,0.9512,773,0.38,0.9268,1986,0.39,0.9512,10,0.385,0.939,117,0
SPY190719P298,2019-07-17,2019-07-17 09:33:02,0.39,0.9512,773,0.38,0.9268,615,0.39,0.9512,10,0.385,0.939,117,0
SPY190719P298,2019-07-17,2019-07-17 09:33:03,0.4,0.9756,1171,0.39,0.9512,233,0.39,0.9512,10,0.395,0.9634,117,0
SPY190719P298,2019-07-17,2019-07-17 09:33:03,0.4,0.9756,1161,0.39,0.9512,180,0.39,0.9512,10,0.395,0.9634,117,0
SPY190719P298,2019-07-17,2019-07-17 09:33:04,0.4,0.9756,1171,0.39,0.9512,233,0.39,0.9512,10,0.395,0.9634,117,0
SPY190719P298,2019-07-17,2019-07-17 09:33:05,0.4,0.9756,1065,0.39,0.9512,233,0.39,0.9512,10,0.395,0.9634,117,0
SPY190719P298,2019-07-17,2019-07-17 09:33:05,0.4,0.9756,1171,0.39,0.9512,233,0.39,0.9512,10,0.395,0.9634,117,0
SPY190719P298,2019-07-17,2019-07-17 09:33:06,0.4,0.9756,1034,0.39,0.9512,233,0.39,0.9512,10,0.395,0.9634,117,0
SPY190719P298,2019-07-17,2019-07-17 09:33:06,0.4,0.9756,1382,0.39,0.9512,233,0.39,0.9512,10,0.395,0.9634,117,0
SPY190719P298,2019-07-17,2019-07-17 09:33:07,0.4,0.9756,1412,0.39,0.9512,233,0.39,0.9512,10,0.395,0.9634,117,0
SPY190719P298,2019-07-17,2019-07-17 09:33:07,0.4,0.9756,1289,0.39,0.9512,233,0.39,0.9512,10,0.395,0.9634,117,0
SPY190719P298,2019-07-17,2019-07-17 09:33:08,0.4,0.9756,1412,0.39,0.9512,233,0.39,0.9512,10,0.395,0.9634,117,0
SPY190719P298,2019-07-17,2019-07-17 09:33:08,0.4,0.9756,1430,0.39,0.9512,117,0.39,0.9512,10,0.395,0.9634,117,0
SPY190719P298,2019-07-17,2019-07-17 09:33:09,0.39,0.9512,109,0.38,0.9268,2231,0.39,0.9512,10,0.385,0.939,117,0
SPY190719P298,2019-07-17,2019-07-17 09:33:10,0.4,0.9756,1428,0.39,0.9512,248,0.39,0.9512,10,0.395,0.9634,117,0
SPY190719P298,2019-07-17,2019-07-17 09:33:10,0.4,0.9756,1428,0.39,0.9512,6,0.39,0.9512,10,0.395,0.9634,117,0
SPY190719P298,2019-07-17,2019-07-17 09:33:11,0.4,0.9756,1428,0.39,0.9512,248,0.39,0.9512,10,0.395,0.9634,117,0
SPY190719P298,2019-07-17,2019-07-17 09:33:12,0.4,0.9756,1428,0.39,0.9512,248,0.39,0.9512,10,0.395,0.9634,117,0
SPY190719P298,2019-07-17,2019-07-17 09:33:12,0.4,0.9756,1305,0.39,0.9512,248,0.39,0.9512,10,0.395,0.9634,117,0
SPY190719P298,2019-07-17,2019-07-17 09:33:13,0.4,0.9756,1305,0.39,0.9512,426,0.39,0.9512,10,0.395,0.9634,117,0
SPY190719P298,2019-07-17,2019-07-17 09:33:13,0.4,0.9756,1305,0.39,0.9512,248,0.39,0.9512,10,0.395,0.9634,117,0
SPY190719P298,2019-07-17,2019-07-17 09:33:14,0.4,0.9756,986,0.39,0.9512,248,0.39,0.9512,10,0.395,0.9634,117,0
SPY190719P298,2019-07-17,2019-07-17 09:33:15,0.4,0.9756,925,0.39,0.9512,426,0.39,0.9512,10,0.395,0.9634,117,0
SPY190719P298,2019-07-17,2019-07-17 09:33:16,0.4,0.9756,925,0.39,0.9512,169,0.39,0.9512,10,0.395,0.9634,117,0
SPY190719P298,2019-07-17,2019-07-17 09:33:16,0.4,0.9756,1092,0.39,0.9512,141,0.39,0.9512,10,0.395,0.9634,117,0
SPY190719P298,2019-07-17,2019-07-17 09:33:17,0.4,0.9756,795,0.39,0.9512,280,0.39,0.9512,10,0.395,0.9634,117,0
SPY190719P298,2019-07-17,2019-07-17 09:33:18,0.4,0.9756,795,0.39,0.9512,146,0.4,0.9756,1,0.395,0.9634,118,0
SPY190719P298,2019-07-17,2019-07-17 09:33:18,0.4,0.9756,1092,0.39,0.9512,96,0.4,0.9756,1,0.395,0.9634,118,1
SPY190719P298,2019-07-17,2019-07-17 09:33:19,0.4,0.9756,551,0.39,0.9512,747,0.4,0.9756,1,0.395,0.9634,118,0
SPY190719P298,2019-07-17,2019-07-17 09:33:20,0.4,0.9756,551,0.39,0.9512,1692,0.4,0.9756,1,0.395,0.9634,118,0
SPY190719P298,2019-07-17,2019-07-17 09:33:20,0.4,0.9756,551,0.39,0.9512,1270,0.4,0.9756,1,0.395,0.9634,118,0
SPY190719P298,2019-07-17,2019-07-17 09:33:21,0.4,0.9756,552,0.39,0.9512,1374,0.4,0.9756,1,0.395,0.9634,118,0
SPY190719P298,2019-07-17,2019-07-17 09:33:22,0.4,0.9756,1,0.39,0.9512,3733,0.4,0.9756,1,0.395,0.9634,118,0
SPY190719P298,2019-07-17,2019-07-17 09:33:22,0.4,0.9756,1,0.39,0.9512,1642,0.4,0.9756,1,0.395,0.9634,118,0
SPY190719P298,2019-07-17,2019-07-17 09:33:23,0.41,1.0,386,0.4,0.9756,1,0.4,0.9756,1,0.405,0.9878,119,1
SPY190719P298,2019-07-17,2019-07-17 09:33:23,0.41,1.0,2,0.4,0.9756,840,0.4,0.9756,1,0.405,0.9878,119,0
SPY190719P298,2019-07-17,2019-07-17 09:33:24,0.41,1.0,2,0.4,0.9756,840,0.4,0.9756,1,0.405,0.9878,119,0
SPY190719P298,2019-07-17,2019-07-17 09:33:24,0.41,1.0,2,0.4,0.9756,1833,0.4,0.9756,1,0.405,0.9878,119,0
SPY190719P298,2019-07-17,2019-07-17 09:33:25,0.42,1.0243,565,0.41,1.0,351,0.41,1.0,2,0.415,1.0121,121,2
SPY190719P298,2019-07-17,2019-07-17 09:33:26,0.42,1.0243,565,0.41,1.0,230,0.41,1.0,2,0.415,1.0121,121,0
SPY190719P298,2019-07-17,2019-07-17 09:33:26,0.42,1.0243,541,0.41,1.0,921,0.41,1.0,2,0.415,1.0121,121,0
SPY190719P298,2019-07-17,2019-07-17 09:33:27,0.42,1.0243,541,0.41,1.0,866,0.41,1.0,2,0.415,1.0121,121,0
SPY190719P298,2019-07-17,2019-07-17 09:33:27,0.42,1.0243,605,0.41,1.0,328,0.41,1.0,2,0.415,1.0121,121,0
SPY190719P298,2019-07-17,2019-07-17 09:33:28,0.42,1.0243,1200,0.41,1.0,10,0.41,1.0,2,0.415,1.0121,121,0
SPY190719P298,2019-07-17,2019-07-17 09:33:28,0.42,1.0243,852,0.41,1.0,10,0.41,1.0,2,0.415,1.0121,121,0
SPY190719P298,2019-07-17,2019-07-17 09:33:29,0.42,1.0243,1304,0.41,1.0,10,0.41,1.0,2,0.415,1.0121,121,0
SPY190719P298,2019-07-17,2019-07-17 09:33:30,0.42,1.0243,853,0.41,1.0,10,0.41,1.0,2,0.415,1.0121,121,0
SPY190719P298,2019-07-17,2019-07-17 09:33:30,0.42,1.0243,786,0.41,1.0,10,0.41,1.0,2,0.415,1.0121,121,0
SPY190719P298,2019-07-17,2019-07-17 09:33:31,0.42,1.0243,853,0.41,1.0,14,0.41,1.0,1,0.415,1.0121,122,1
SPY190719P298,2019-07-17,2019-07-17 09:33:32,0.41,1.0,1,0.4,0.9756,1136,0.41,1.0,1,0.405,0.9878,122,0
SPY190719P298,2019-07-17,2019-07-17 09:33:33,0.42,1.0243,1306,0.41,1.0,85,0.41,1.0,1,0.415,1.0121,122,0
SPY190719P298,2019-07-17,2019-07-17 09:33:33,0.41,1.0,10,0.41,1.0,6,0.41,1.0,1,0.41,1.0,122,0
SPY190719P298,2019-07-17,2019-07-17 09:33:34,0.42,1.0243,634,0.41,1.0,77,0.41,1.0,1,0.415,1.0121,122,0
SPY190719P298,2019-07-17,2019-07-17 09:33:35,0.42,1.0243,776,0.41,1.0,12,0.41,1.0,1,0.415,1.0121,122,0
SPY190719P298,2019-07-17,2019-07-17 09:33:36,0.42,1.0243,954,0.4,0.9756,672,0.41,1.0,1,0.41,1.0,122,0
SPY190719P298,2019-07-17,2019-07-17 09:33:36,0.42,1.0243,919,0.4,0.9756,672,0.41,1.0,1,0.41,1.0,122,0
SPY190719P298,2019-07-17,2019-07-17 09:33:37,0.42,1.0243,954,0.41,1.0,189,0.41,1.0,1,0.415,1.0121,122,0
SPY190719P298,2019-07-17,2019-07-17 09:33:38,0.42,1.0243,954,0.41,1.0,189,0.41,1.0,1,0.415,1.0121,122,0
SPY190719P298,2019-07-17,2019-07-17 09:33:38,0.42,1.0243,1278,0.41,1.0,189,0.41,1.0,1,0.415,1.0121,122,0
SPY190719P298,2019-07-17,2019-07-17 09:33:39,0.42,1.0243,979,0.4,0.9756,830,0.41,1.0,1,0.41,1.0,122,0
SPY190719P298,2019-07-17,2019-07-17 09:33:40,0.42,1.0243,1314,0.41,1.0,50,0.41,1.0,1,0.415,1.0121,122,0
SPY190719P298,2019-07-17,2019-07-17 09:33:41,0.42,1.0243,1314,0.41,1.0,50,0.41,1.0,1,0.415,1.0121,122,0
SPY190719P298,2019-07-17,2019-07-17 09:33:41,0.42,1.0243,1434,0.41,1.0,50,0.41,1.0,1,0.415,1.0121,122,0
SPY190719P298,2019-07-17,2019-07-17 09:33:42,0.42,1.0243,614,0.41,1.0,279,0.41,1.0,1,0.415,1.0121,122,0
SPY190719P298,2019-07-17,2019-07-17 09:33:42,0.42,1.0243,1434,0.41,1.0,50,0.41,1.0,1,0.415,1.0121,122,0
SPY190719P298,2019-07-17,2019-07-17 09:33:43,0.42,1.0243,1001,0.41,1.0,232,0.41,1.0,1,0.415,1.0121,122,0
SPY190719P298,2019-07-17,2019-07-17 09:33:43,0.42,1.0243,545,0.41,1.0,66,0.41,1.0,1,0.415,1.0121,122,0
SPY190719P298,2019-07-17,2019-07-17 09:33:44,0.42,1.0243,684,0.41,1.0,582,0.41,1.0,1,0.415,1.0121,122,0
SPY190719P298,2019-07-17,2019-07-17 09:33:44,0.42,1.0243,1001,0.41,1.0,232,0.41,1.0,1,0.415,1.0121,122,0
SPY190719P298,2019-07-17,2019-07-17 09:33:45,0.42,1.0243,199,0.41,1.0,790,0.41,1.0,1,0.415,1.0121,122,0
SPY190719P298,2019-07-17,2019-07-17 09:33:46,0.42,1.0243,832,0.41,1.0,756,0.41,1.0,4,0.415,1.0121,126,4
SPY190719P298,2019-07-17,2019-07-17 09:33:46,0.42,1.0243,982,0.41,1.0,323,0.41,1.0,1,0.415,1.0121,122,0
SPY190719P298,2019-07-17,2019-07-17 09:33:47,0.42,1.0243,50,0.41,1.0,1503,0.41,1.0,4,0.415,1.0121,126,0
SPY190719P298,2019-07-17,2019-07-17 09:33:47,0.42,1.0243,727,0.41,1.0,334,0.41,1.0,4,0.415,1.0121,126,0
SPY190719P298,2019-07-17,2019-07-17 09:33:48,0.42,1.0243,5,0.41,1.0,930,0.41,1.0,4,0.415,1.0121,126,0
SPY190719P298,2019-07-17,2019-07-17 09:33:49,0.42,1.0243,5,0.41,1.0,1484,0.41,1.0,4,0.415,1.0121,126,0
SPY190719P298,2019-07-17,2019-07-17 09:33:49,0.43,1.0487,2060,0.42,1.0243,12,0.41,1.0,4,0.425,1.0365,126,0
SPY190719P298,2019-07-17,2019-07-17 09:33:50,0.43,1.0487,2060,0.41,1.0,111,0.42,1.0243,2,0.42,1.0243,128,2
SPY190719P298,2019-07-17,2019-07-17 09:33:51,0.42,1.0243,1506,0.41,1.0,267,0.42,1.0243,2,0.415,1.0121,128,0
SPY190719P298,2019-07-17,2019-07-17 09:33:51,0.42,1.0243,885,0.41,1.0,267,0.42,1.0243,2,0.415,1.0121,128,0
SPY190719P298,2019-07-17,2019-07-17 09:33:52,0.41,1.0,5,0.4,0.9756,1605,0.42,1.0243,2,0.405,0.9878,128,0
SPY190719P298,2019-07-17,2019-07-17 09:33:52,0.42,1.0243,1130,0.41,1.0,267,0.42,1.0243,2,0.415,1.0121,128,0
SPY190719P298,2019-07-17,2019-07-17 09:33:53,0.41,1.0,50,0.4,0.9756,1509,0.42,1.0243,2,0.405,0.9878,128,0
SPY190719P298,2019-07-17,2019-07-17 09:33:53,0.42,1.0243,1156,0.4,0.9756,1295,0.42,1.0243,2,0.41,1.0,128,0
SPY190719P298,2019-07-17,2019-07-17 09:33:54,0.42,1.0243,1123,0.4,0.9756,2155,0.42,1.0243,2,0.41,1.0,128,0
SPY190719P298,2019-07-17,2019-07-17 09:33:55,0.42,1.0243,540,0.41,1.0,1501,0.42,1.0243,2,0.415,1.0121,128,0
SPY190719P298,2019-07-17,2019-07-17 09:33:55,0.42,1.0243,610,0.41,1.0,712,0.42,1.0243,2,0.415,1.0121,128,0
SPY190719P298,2019-07-17,2019-07-17 09:33:56,0.42,1.0243,114,0.41,1.0,378,0.42,1.0243,2,0.415,1.0121,128,0
SPY190719P298,2019-07-17,2019-07-17 09:33:56,0.42,1.0243,594,0.41,1.0,1604,0.42,1.0243,2,0.415,1.0121,128,0
SPY190719P298,2019-07-17,2019-07-17 09:33:57,0.42,1.0243,527,0.41,1.0,378,0.42,1.0243,2,0.415,1.0121,128,0
SPY190719P298,2019-07-17,2019-07-17 09:33:58,0.42,1.0243,718,0.41,1.0,338,0.42,1.0243,2,0.415,1.0121,128,0
SPY190719P298,2019-07-17,2019-07-17 09:33:59,0.42,1.0243,718,0.41,1.0,338,0.42,1.0243,2,0.415,1.0121,128,0
SPY190719P298,2019-07-17,2019-07-17 09:34:00,0.42,1.0243,905,0.41,1.0,324,0.41,1.0,6,0.415,1.0121,138,10
SPY190719P298,2019-07-17,2019-07-17 09:34:00,0.42,1.0243,718,0.41,1.0,338,0.42,1.0243,2,0.415,1.0121,128,0
SPY190719P298,2019-07-17,2019-07-17 09:34:01,0.42,1.0243,905,0.41,1.0,324,0.41,1.0,6,0.415,1.0121,138,0
SPY190719P298,2019-07-17,2019-07-17 09:34:02,0.42,1.0243,905,0.41,1.0,324,0.41,1.0,6,0.415,1.0121,138,0
SPY190719P298,2019-07-17,2019-07-17 09:34:03,0.42,1.0243,905,0.41,1.0,324,0.41,1.0,6,0.415,1.0121,138,0
SPY190719P298,2019-07-17,2019-07-17 09:34:04,0.42,1.0243,764,0.41,1.0,324,0.41,1.0,6,0.415,1.0121,138,0
SPY190719P298,2019-07-17,2019-07-17 09:34:04,0.42,1.0243,904,0.41,1.0,324,0.41,1.0,6,0.415,1.0121,138,0
SPY190719P298,2019-07-17,2019-07-17 09:34:05,0.42,1.0243,764,0.41,1.0,324,0.41,1.0,6,0.415,1.0121,138,0
SPY190719P298,2019-07-17,2019-07-17 09:34:06,0.42,1.0243,764,0.41,1.0,324,0.42,1.0243,2,0.415,1.0121,140,2
SPY190719P298,2019-07-17,2019-07-17 09:34:06,0.42,1.0243,904,0.41,1.0,324,0.42,1.0243,2,0.415,1.0121,140,0
SPY190719P298,2019-07-17,2019-07-17 09:34:07,0.42,1.0243,1095,0.41,1.0,324,0.42,1.0243,2,0.415,1.0121,140,0
SPY190719P298,2019-07-17,2019-07-17 09:34:08,0.42,1.0243,904,0.41,1.0,324,0.42,1.0243,2,0.415,1.0121,140,0
SPY190719P298,2019-07-17,2019-07-17 09:34:09,0.42,1.0243,662,0.41,1.0,352,0.42,1.0243,2,0.415,1.0121,140,0
SPY190719P298,2019-07-17,2019-07-17 09:34:10,0.42,1.0243,1796,0.41,1.0,232,0.42,1.0243,2,0.415,1.0121,140,0
SPY190719P298,2019-07-17,2019-07-17 09:34:12,0.42,1.0243,1279,0.41,1.0,552,0.42,1.0243,2,0.415,1.0121,142,2
SPY190719P298,2019-07-17,2019-07-17 09:34:13,0.41,1.0,50,0.4,0.9756,2611,0.42,1.0243,2,0.405,0.9878,142,0
SPY190719P298,2019-07-17,2019-07-17 09:34:14,0.41,1.0,764,0.4,0.9756,1177,0.42,1.0243,2,0.405,0.9878,142,0
SPY190719P298,2019-07-17,2019-07-17 09:34:15,0.41,1.0,764,0.4,0.9756,1342,0.42,1.0243,2,0.405,0.9878,142,0
SPY190719P298,2019-07-17,2019-07-17 09:34:16,0.41,1.0,585,0.4,0.9756,1632,0.42,1.0243,2,0.405,0.9878,142,0
SPY190719P298,2019-07-17,2019-07-17 09:34:16,0.41,1.0,585,0.4,0.9756,1515,0.42,1.0243,2,0.405,0.9878,142,0
SPY190719P298,2019-07-17,2019-07-17 09:34:17,0.41,1.0,605,0.4,0.9756,1515,0.42,1.0243,2,0.405,0.9878,142,0
SPY190719P298,2019-07-17,2019-07-17 09:34:18,0.41,1.0,574,0.4,0.9756,1448,0.42,1.0243,2,0.405,0.9878,142,0
SPY190719P298,2019-07-17,2019-07-17 09:34:18,0.42,1.0243,2643,0.4,0.9756,2708,0.42,1.0243,2,0.41,1.0,142,0
SPY190719P298,2019-07-17,2019-07-17 09:34:19,0.42,1.0243,2643,0.4,0.9756,2297,0.42,1.0243,2,0.41,1.0,142,0
SPY190719P298,2019-07-17,2019-07-17 09:34:20,0.41,1.0,549,0.4,0.9756,2016,0.42,1.0243,2,0.405,0.9878,142,0
SPY190719P298,2019-07-17,2019-07-17 09:34:20,0.41,1.0,549,0.4,0.9756,1635,0.42,1.0243,2,0.405,0.9878,142,0
SPY190719P298,2019-07-17,2019-07-17 09:34:21,0.41,1.0,804,0.4,0.9756,462,0.42,1.0243,2,0.405,0.9878,142,0
SPY190719P298,2019-07-17,2019-07-17 09:34:21,0.41,1.0,549,0.4,0.9756,1635,0.42,1.0243,2,0.405,0.9878,142,0
SPY190719P298,2019-07-17,2019-07-17 09:34:22,0.41,1.0,926,0.4,0.9756,462,0.42,1.0243,2,0.405,0.9878,142,0
SPY190719P298,2019-07-17,2019-07-17 09:34:23,0.41,1.0,2313,0.39,0.9512,1977,0.4,0.9756,1,0.4,0.9756,143,1
SPY190719P298,2019-07-17,2019-07-17 09:34:23,0.41,1.0,2313,0.39,0.9512,1977,0.4,0.9756,1,0.4,0.9756,143,0
SPY190719P298,2019-07-17,2019-07-17 09:34:24,0.4,0.9756,547,0.39,0.9512,1604,0.4,0.9756,1,0.395,0.9634,143,0
SPY190719P298,2019-07-17,2019-07-17 09:34:24,0.4,0.9756,547,0.39,0.9512,2642,0.4,0.9756,1,0.395,0.9634,143,0
SPY190719P298,2019-07-17,2019-07-17 09:34:25,0.4,0.9756,547,0.39,0.9512,1901,0.4,0.9756,1,0.395,0.9634,143,0
SPY190719P298,2019-07-17,2019-07-17 09:34:26,0.4,0.9756,764,0.39,0.9512,612,0.4,0.9756,4,0.395,0.9634,147,0
SPY190719P298,2019-07-17,2019-07-17 09:34:26,0.4,0.9756,924,0.39,0.9512,254,0.4,0.9756,4,0.395,0.9634,147,4
SPY190719P298,2019-07-17,2019-07-17 09:34:27,0.4,0.9756,1188,0.39,0.9512,164,0.4,0.9756,4,0.395,0.9634,147,0
SPY190719P298,2019-07-17,2019-07-17 09:34:27,0.4,0.9756,1197,0.39,0.9512,329,0.4,0.9756,4,0.395,0.9634,147,0
SPY190719P298,2019-07-17,2019-07-17 09:34:28,0.4,0.9756,805,0.39,0.9512,562,0.4,0.9756,4,0.395,0.9634,147,0
SPY190719P298,2019-07-17,2019-07-17 09:34:29,0.4,0.9756,1026,0.39,0.9512,562,0.4,0.9756,4,0.395,0.9634,147,0
SPY190719P298,2019-07-17,2019-07-17 09:34:29,0.4,0.9756,1026,0.39,0.9512,275,0.4,0.9756,4,0.395,0.9634,147,0
SPY190719P298,2019-07-17,2019-07-17 09:34:30,0.4,0.9756,1026,0.39,0.9512,275,0.4,0.9756,4,0.395,0.9634,147,0
SPY190719P298,2019-07-17,2019-07-17 09:34:31,0.4,0.9756,993,0.39,0.9512,421,0.4,0.9756,4,0.395,0.9634,147,0
SPY190719P298,2019-07-17,2019-07-17 09:34:31,0.4,0.9756,1460,0.39,0.9512,274,0.4,0.9756,4,0.395,0.9634,147,0
SPY190719P298,2019-07-17,2019-07-17 09:34:32,0.4,0.9756,2573,0.39,0.9512,274,0.4,0.9756,4,0.395,0.9634,147,0
SPY190719P298,2019-07-17,2019-07-17 09:34:32,0.4,0.9756,2238,0.39,0.9512,274,0.4,0.9756,4,0.395,0.9634,147,0
SPY190719P298,2019-07-17,2019-07-17 09:34:33,0.4,0.9756,2107,0.39,0.9512,5,0.4,0.9756,4,0.395,0.9634,147,0
SPY190719P298,2019-07-17,2019-07-17 09:34:33,0.4,0.9756,1012,0.39,0.9512,5,0.4,0.9756,4,0.395,0.9634,147,0
SPY190719P298,2019-07-17,2019-07-17 09:34:34,0.4,0.9756,2822,0.39,0.9512,5,0.4,0.9756,4,0.395,0.9634,147,0
SPY190719P298,2019-07-17,2019-07-17 09:34:35,0.39,0.9512,5,0.38,0.9268,1790,0.4,0.9756,4,0.385,0.939,147,0
SPY190719P298,2019-07-17,2019-07-17 09:34:35,0.4,0.9756,2822,0.39,0.9512,6,0.4,0.9756,4,0.395,0.9634,147,0
SPY190719P298,2019-07-17,2019-07-17 09:34:36,0.39,0.9512,875,0.38,0.9268,1241,0.4,0.9756,4,0.385,0.939,147,0
SPY190719P298,2019-07-17,2019-07-17 09:34:37,0.39,0.9512,875,0.38,0.9268,1241,0.4,0.9756,4,0.385,0.939,147,0
SPY190719P298,2019-07-17,2019-07-17 09:34:38,0.39,0.9512,875,0.38,0.9268,730,0.4,0.9756,4,0.385,0.939,147,0
SPY190719P298,2019-07-17,2019-07-17 09:34:38,0.39,0.9512,875,0.38,0.9268,1616,0.4,0.9756,4,0.385,0.939,147,0
SPY190719P298,2019-07-17,2019-07-17 09:34:39,0.39,0.9512,875,0.38,0.9268,1830,0.4,0.9756,4,0.385,0.939,147,0
SPY190719P298,2019-07-17,2019-07-17 09:34:40,0.39,0.9512,875,0.38,0.9268,1830,0.4,0.9756,4,0.385,0.939,147,0
SPY190719P298,2019-07-17,2019-07-17 09:34:40,0.39,0.9512,875,0.38,0.9268,1810,0.4,0.9756,4,0.385,0.939,147,0
SPY190719P298,2019-07-17,2019-07-17 09:34:41,0.39,0.9512,875,0.38,0.9268,1810,0.4,0.9756,4,0.385,0.939,147,0
SPY190719P298,2019-07-17,2019-07-17 09:34:51,0.39,0.9512,2704,0.38,0.9268,278,0.39,0.9512,8,0.385,0.939,156,9
SPY190719P298,2019-07-17,2019-07-17 09:34:52,0.39,0.9512,2359,0.38,0.9268,183,0.39,0.9512,8,0.385,0.939,156,0
SPY190719P298,2019-07-17,2019-07-17 09:34:53,0.38,0.9268,760,0.37,0.9024,1817,0.39,0.9512,8,0.375,0.9146,156,0
SPY190719P298,2019-07-17,2019-07-17 09:34:53,0.38,0.9268,760,0.37,0.9024,1796,0.39,0.9512,8,0.375,0.9146,156,0
SPY190719P298,2019-07-17,2019-07-17 09:34:54,0.38,0.9268,760,0.37,0.9024,1817,0.39,0.9512,8,0.375,0.9146,156,0
SPY190719P298,2019-07-17,2019-07-17 09:34:54,0.38,0.9268,760,0.37,0.9024,2491,0.39,0.9512,8,0.375,0.9146,156,0
SPY190719P298,2019-07-17,2019-07-17 09:34:55,0.38,0.9268,760,0.37,0.9024,1817,0.39,0.9512,8,0.375,0.9146,156,0
SPY190719P298,2019-07-17,2019-07-17 09:34:56,0.39,0.9512,1130,0.37,0.9024,1817,0.39,0.9512,8,0.38,0.9268,156,0
SPY190719P298,2019-07-17,2019-07-17 09:34:56,0.39,0.9512,1758,0.38,0.9268,259,0.39,0.9512,8,0.385,0.939,156,0
SPY190719P298,2019-07-17,2019-07-17 09:34:57,0.39,0.9512,1758,0.38,0.9268,259,0.39,0.9512,8,0.385,0.939,156,0
SPY190719P298,2019-07-17,2019-07-17 09:34:57,0.39,0.9512,2924,0.38,0.9268,259,0.39,0.9512,8,0.385,0.939,156,0
SPY190719P298,2019-07-17,2019-07-17 09:34:58,0.39,0.9512,1844,0.38,0.9268,259,0.39,0.9512,8,0.385,0.939,156,0
SPY190719P298,2019-07-17,2019-07-17 09:34:59,0.38,0.9268,5,0.37,0.9024,1006,0.39,0.9512,8,0.375,0.9146,156,0
SPY190719P298,2019-07-17,2019-07-17 09:34:59,0.38,0.9268,904,0.37,0.9024,1138,0.39,0.9512,8,0.375,0.9146,156,0
SPY190719P298,2019-07-17,2019-07-17 09:35:00,0.38,0.9268,904,0.37,0.9024,1138,0.39,0.9512,8,0.375,0.9146,156,0
SPY190719P298,2019-07-17,2019-07-17 09:35:00,0.38,0.9268,1295,0.36,0.878,1137,0.39,0.9512,8,0.37,0.9024,156,0
SPY190719P298,2019-07-17,2019-07-17 09:35:01,0.37,0.9024,5,0.36,0.878,1572,0.39,0.9512,8,0.365,0.8902,156,0
SPY190719P298,2019-07-17,2019-07-17 09:35:02,0.38,0.9268,2308,0.37,0.9024,116,0.39,0.9512,8,0.375,0.9146,156,0
SPY190719P298,2019-07-17,2019-07-17 09:35:02,0.37,0.9024,5,0.36,0.878,1688,0.39,0.9512,8,0.365,0.8902,156,0
SPY190719P298,2019-07-17,2019-07-17 09:35:03,0.38,0.9268,1079,0.37,0.9024,275,0.39,0.9512,8,0.375,0.9146,156,0
SPY190719P298,2019-07-17,2019-07-17 09:35:03,0.38,0.9268,2705,0.37,0.9024,166,0.39,0.9512,8,0.375,0.9146,156,0
SPY190719P298,2019-07-17,2019-07-17 09:35:04,0.38,0.9268,972,0.37,0.9024,605,0.39,0.9512,8,0.375,0.9146,156,0
SPY190719P298,2019-07-17,2019-07-17 09:35:04,0.38,0.9268,979,0.37,0.9024,710,0.39,0.9512,8,0.375,0.9146,156,0
SPY190719P298,2019-07-17,2019-07-17 09:35:05,0.38,0.9268,972,0.37,0.9024,1024,0.37,0.9024,18,0.375,0.9146,179,23
SPY190719P298,2019-07-17,2019-07-17 09:35:06,0.38,0.9268,931,0.37,0.9024,605,0.37,0.9024,18,0.375,0.9146,179,0
SPY190719P298,2019-07-17,2019-07-17 09:35:06,0.38,0.9268,2083,0.37,0.9024,70,0.37,0.9024,18,0.375,0.9146,179,0
SPY190719P298,2019-07-17,2019-07-17 09:35:07,0.37,0.9024,5,0.36,0.878,1548,0.37,0.9024,18,0.365,0.8902,179,0
SPY190719P298,2019-07-17,2019-07-17 09:35:07,0.37,0.9024,747,0.36,0.878,905,0.37,0.9024,18,0.365,0.8902,179,0
SPY190719P298,2019-07-17,2019-07-17 09:35:08,0.37,0.9024,867,0.36,0.878,907,0.37,0.9024,18,0.365,0.8902,179,0
SPY190719P298,2019-07-17,2019-07-17 09:35:08,0.37,0.9024,907,0.36,0.878,980,0.37,0.9024,18,0.365,0.8902,179,0
SPY190719P298,2019-07-17,2019-07-17 09:35:09,0.37,0.9024,867,0.36,0.878,964,0.37,0.9024,18,0.365,0.8902,179,0
SPY190719P298,2019-07-17,2019-07-17 09:35:10,0.37,0.9024,759,0.36,0.878,10,0.37,0.9024,18,0.365,0.8902,179,0
SPY190719P298,2019-07-17,2019-07-17 09:35:10,0.37,0.9024,867,0.36,0.878,964,0.37,0.9024,18,0.365,0.8902,179,0
SPY190719P298,2019-07-17,2019-07-17 09:35:11,0.37,0.9024,1355,0.36,0.878,359,0.37,0.9024,18,0.365,0.8902,179,0
SPY190719P298,2019-07-17,2019-07-17 09:35:11,0.37,0.9024,2399,0.36,0.878,179,0.37,0.9024,18,0.365,0.8902,179,0
SPY190719P298,2019-07-17,2019-07-17 09:35:12,0.37,0.9024,2470,0.36,0.878,179,0.36,0.878,2,0.365,0.8902,181,0
SPY190719P298,2019-07-17,2019-07-17 09:35:12,0.37,0.9024,2470,0.36,0.878,179,0.36,0.878,2,0.365,0.8902,181,2
SPY190719P298,2019-07-17,2019-07-17 09:35:13,0.37,0.9024,2470,0.36,0.878,179,0.36,0.878,2,0.365,0.8902,181,0
SPY190719P298,2019-07-17,2019-07-17 09:35:14,0.37,0.9024,2470,0.36,0.878,197,0.36,0.878,2,0.365,0.8902,181,0
SPY190719P298,2019-07-17,2019-07-17 09:35:15,0.37,0.9024,1924,0.36,0.878,365,0.36,0.878,2,0.365,0.8902,181,0
SPY190719P298,2019-07-17,2019-07-17 09:35:15,0.37,0.9024,1728,0.36,0.878,365,0.36,0.878,2,0.365,0.8902,181,0
SPY190719P298,2019-07-17,2019-07-17 09:35:16,0.37,0.9024,1556,0.36,0.878,419,0.36,0.878,2,0.365,0.8902,181,0
SPY190719P298,2019-07-17,2019-07-17 09:35:16,0.37,0.9024,1924,0.36,0.878,365,0.36,0.878,2,0.365,0.8902,181,0
SPY190719P298,2019-07-17,2019-07-17 09:35:17,0.37,0.9024,1556,0.36,0.878,909,0.36,0.878,2,0.365,0.8902,181,0
SPY190719P298,2019-07-17,2019-07-17 09:35:18,0.38,0.9268,639,0.36,0.878,1367,0.37,0.9024,1,0.37,0.9024,182,1
SPY190719P298,2019-07-17,2019-07-17 09:35:18,0.37,0.9024,480,0.36,0.878,2563,0.36,0.878,2,0.365,0.8902,181,0
SPY190719P298,2019-07-17,2019-07-17 09:35:19,0.38,0.9268,2561,0.37,0.9024,134,0.37,0.9024,1,0.375,0.9146,182,0
SPY190719P298,2019-07-17,2019-07-17 09:35:20,0.37,0.9024,5,0.36,0.878,1575,0.37,0.9024,1,0.365,0.8902,182,0
SPY190719P298,2019-07-17,2019-07-17 09:35:20,0.37,0.9024,5,0.36,0.878,2062,0.37,0.9024,1,0.365,0.8902,182,0
SPY190719P298,2019-07-17,2019-07-17 09:35:21,0.37,0.9024,5,0.36,0.878,2625,0.37,0.9024,1,0.365,0.8902,182,0
SPY190719P298,2019-07-17,2019-07-17 09:35:21,0.37,0.9024,5,0.36,0.878,2884,0.37,0.9024,1,0.365,0.8902,182,0
SPY190719P298,2019-07-17,2019-07-17 09:35:22,0.37,0.9024,85,0.36,0.878,2884,0.37,0.9024,5,0.365,0.8902,187,5
SPY190719P298,2019-07-17,2019-07-17 09:35:23,0.37,0.9024,102,0.36,0.878,2884,0.37,0.9024,5,0.365,0.8902,187,0
SPY190719P298,2019-07-17,2019-07-17 09:35:24,0.37,0.9024,159,0.36,0.878,2884,0.37,0.9024,5,0.365,0.8902,187,0
SPY190719P298,2019-07-17,2019-07-17 09:35:24,0.37,0.9024,102,0.36,0.878,2884,0.37,0.9024,5,0.365,0.8902,187,0
SPY190719P298,2019-07-17,2019-07-17 09:35:25,0.37,0.9024,174,0.36,0.878,2695,0.37,0.9024,5,0.365,0.8902,187,0
SPY190719P298,2019-07-17,2019-07-17 09:35:25,0.37,0.9024,174,0.36,0.878,2710,0.37,0.9024,5,0.365,0.8902,187,0
SPY190719P298,2019-07-17,2019-07-17 09:35:26,0.37,0.9024,174,0.36,0.878,2819,0.37,0.9024,5,0.365,0.8902,187,0
SPY190719P298,2019-07-17,2019-07-17 09:35:27,0.37,0.9024,174,0.36,0.878,2819,0.37,0.9024,5,0.365,0.8902,187,0
SPY190719P298,2019-07-17,2019-07-17 09:35:28,0.37,0.9024,174,0.36,0.878,2624,0.37,0.9024,5,0.365,0.8902,187,0
SPY190719P298,2019-07-17,2019-07-17 09:35:28,0.37,0.9024,174,0.36,0.878,2620,0.37,0.9024,5,0.365,0.8902,187,0
SPY190719P298,2019-07-17,2019-07-17 09:35:29,0.37,0.9024,174,0.36,0.878,2223,0.37,0.9024,5,0.365,0.8902,187,0
SPY190719P298,2019-07-17,2019-07-17 09:35:29,0.37,0.9024,174,0.36,0.878,2620,0.37,0.9024,5,0.365,0.8902,187,0
SPY190719P298,2019-07-17,2019-07-17 09:35:30,0.37,0.9024,174,0.36,0.878,2620,0.37,0.9024,5,0.365,0.8902,187,0
SPY190719P298,2019-07-17,2019-07-17 09:35:31,0.37,0.9024,174,0.36,0.878,2620,0.37,0.9024,5,0.365,0.8902,187,0
SPY190719P298,2019-07-17,2019-07-17 09:35:32,0.38,0.9268,1361,0.36,0.878,1609,0.37,0.9024,5,0.37,0.9024,187,0
SPY190719P298,2019-07-17,2019-07-17 09:35:33,0.38,0.9268,2296,0.37,0.9024,6,0.37,0.9024,5,0.375,0.9146,187,0
SPY190719P298,2019-07-17,2019-07-17 09:35:33,0.38,0.9268,2291,0.36,0.878,2392,0.37,0.9024,5,0.37,0.9024,187,0
SPY190719P298,2019-07-17,2019-07-17 09:35:34,0.38,0.9268,3136,0.37,0.9024,30,0.37,0.9024,5,0.375,0.9146,187,0
SPY190719P298,2019-07-17,2019-07-17 09:35:34,0.38,0.9268,2733,0.37,0.9024,6,0.37,0.9024,5,0.375,0.9146,187,0
SPY190719P298,2019-07-17,2019-07-17 09:35:35,0.38,0.9268,416,0.37,0.9024,1844,0.37,0.9024,5,0.375,0.9146,187,0
SPY190719P298,2019-07-17,2019-07-17 09:35:35,0.38,0.9268,2530,0.37,0.9024,282,0.37,0.9024,5,0.375,0.9146,187,0
SPY190719P298,2019-07-17,2019-07-17 09:35:36,0.38,0.9268,648,0.37,0.9024,2315,0.37,0.9024,5,0.375,0.9146,187,0
SPY190719P298,2019-07-17,2019-07-17 09:35:36,0.38,0.9268,791,0.37,0.9024,459,0.37,0.9024,5,0.375,0.9146,187,0
SPY190719P298,2019-07-17,2019-07-17 09:35:37,0.38,0.9268,2326,0.37,0.9024,1002,0.37,0.9024,5,0.375,0.9146,187,0
SPY190719P298,2019-07-17,2019-07-17 09:35:38,0.38,0.9268,2386,0.37,0.9024,1002,0.37,0.9024,5,0.375,0.9146,187,0
SPY190719P298,2019-07-17,2019-07-17 09:35:39,0.38,0.9268,2237,0.37,0.9024,612,0.37,0.9024,5,0.375,0.9146,187,0
SPY190719P298,2019-07-17,2019-07-17 09:35:39,0.38,0.9268,2386,0.37,0.9024,1002,0.37,0.9024,5,0.375,0.9146,187,0
SPY190719P298,2019-07-17,2019-07-17 09:35:40,0.38,0.9268,2369,0.37,0.9024,459,0.37,0.9024,5,0.375,0.9146,187,0
SPY190719P298,2019-07-17,2019-07-17 09:35:40,0.38,0.9268,2526,0.37,0.9024,100,0.37,0.9024,5,0.375,0.9146,187,0
SPY190719P298,2019-07-17,2019-07-17 09:35:41,0.37,0.9024,170,0.36,0.878,2342,0.37,0.9024,5,0.365,0.8902,187,0
SPY190719P298,2019-07-17,2019-07-17 09:35:42,0.37,0.9024,397,0.36,0.878,2339,0.37,0.9024,14,0.365,0.8902,234,14
SPY190719P298,2019-07-17,2019-07-17 09:35:42,0.37,0.9024,190,0.36,0.878,2342,0.37,0.9024,28,0.365,0.8902,220,33
SPY190719P298,2019-07-17,2019-07-17 09:35:43,0.37,0.9024,396,0.36,0.878,1934,0.37,0.9024,14,0.365,0.8902,234,0
SPY190719P298,2019-07-17,2019-07-17 09:35:43,0.38,0.9268,1364,0.37,0.9024,236,0.37,0.9024,14,0.375,0.9146,234,0
SPY190719P298,2019-07-17,2019-07-17 09:35:44,0.38,0.9268,979,0.37,0.9024,1197,0.37,0.9024,14,0.375,0.9146,234,0
SPY190719P298,2019-07-17,2019-07-17 09:35:44,0.38,0.9268,1175,0.37,0.9024,680,0.37,0.9024,14,0.375,0.9146,234,0
SPY190719P298,2019-07-17,2019-07-17 09:35:45,0.38,0.9268,84,0.37,0.9024,1385,0.37,0.9024,14,0.375,0.9146,234,0
SPY190719P298,2019-07-17,2019-07-17 09:35:46,0.38,0.9268,1,0.37,0.9024,2509,0.37,0.9024,14,0.375,0.9146,234,0
SPY190719P298,2019-07-17,2019-07-17 09:35:46,0.38,0.9268,728,0.37,0.9024,2464,0.37,0.9024,14,0.375,0.9146,234,0
SPY190719P298,2019-07-17,2019-07-17 09:35:47,0.38,0.9268,1,0.37,0.9024,2440,0.37,0.9024,14,0.375,0.9146,234,0
SPY190719P298,2019-07-17,2019-07-17 09:35:48,0.38,0.9268,1,0.37,0.9024,2440,0.37,0.9024,14,0.375,0.9146,234,0
SPY190719P298,2019-07-17,2019-07-17 09:35:48,0.38,0.9268,163,0.37,0.9024,2440,0.37,0.9024,14,0.375,0.9146,234,0
SPY190719P298,2019-07-17,2019-07-17 09:35:49,0.38,0.9268,101,0.37,0.9024,2807,0.37,0.9024,14,0.375,0.9146,234,0
SPY190719P298,2019-07-17,2019-07-17 09:35:49,0.38,0.9268,91,0.37,0.9024,2373,0.37,0.9024,14,0.375,0.9146,234,0
SPY190719P298,2019-07-17,2019-07-17 09:35:50,0.38,0.9268,74,0.37,0.9024,2846,0.37,0.9024,14,0.375,0.9146,234,0
SPY190719P298,2019-07-17,2019-07-17 09:35:51,0.38,0.9268,1,0.37,0.9024,2699,0.37,0.9024,14,0.375,0.9146,234,0
SPY190719P298,2019-07-17,2019-07-17 09:35:51,0.38,0.9268,1,0.37,0.9024,2989,0.37,0.9024,14,0.375,0.9146,234,0
SPY190719P298,2019-07-17,2019-07-17 09:35:52,0.38,0.9268,1,0.37,0.9024,2724,0.37,0.9024,14,0.375,0.9146,234,0
SPY190719P298,2019-07-17,2019-07-17 09:35:52,0.38,0.9268,1,0.37,0.9024,3536,0.37,0.9024,14,0.375,0.9146,234,0
SPY190719P298,2019-07-17,2019-07-17 09:35:53,0.38,0.9268,1,0.37,0.9024,3594,0.37,0.9024,14,0.375,0.9146,234,0
SPY190719P298,2019-07-17,2019-07-17 09:35:54,0.38,0.9268,1,0.37,0.9024,3479,0.37,0.9024,14,0.375,0.9146,234,0
SPY190719P298,2019-07-17,2019-07-17 09:35:55,0.38,0.9268,1,0.37,0.9024,3026,0.37,0.9024,14,0.375,0.9146,234,0
SPY190719P298,2019-07-17,2019-07-17 09:35:55,0.38,0.9268,1,0.37,0.9024,3426,0.37,0.9024,14,0.375,0.9146,234,0
SPY190719P298,2019-07-17,2019-07-17 09:35:56,0.38,0.9268,1,0.37,0.9024,3890,0.38,0.9268,1,0.375,0.9146,235,1
SPY190719P298,2019-07-17,2019-07-17 09:35:57,0.39,0.9512,69,0.39,0.9512,154,0.38,0.9268,1,0.39,0.9512,235,0
SPY190719P298,2019-07-17,2019-07-17 09:35:57,0.4,0.9756,1627,0.39,0.9512,154,0.38,0.9268,1,0.395,0.9634,235,0
SPY190719P298,2019-07-17,2019-07-17 09:35:58,0.4,0.9756,1644,0.39,0.9512,701,0.38,0.9268,1,0.395,0.9634,235,0
SPY190719P298,2019-07-17,2019-07-17 09:35:58,0.4,0.9756,392,0.39,0.9512,1448,0.38,0.9268,1,0.395,0.9634,235,0
SPY190719P298,2019-07-17,2019-07-17 09:35:59,0.41,1.0,1188,0.4,0.9756,509,0.38,0.9268,1,0.405,0.9878,235,0
SPY190719P298,2019-07-17,2019-07-17 09:36:00,0.41,1.0,1188,0.4,0.9756,594,0.38,0.9268,1,0.405,0.9878,235,0
SPY190719P298,2019-07-17,2019-07-17 09:36:01,0.41,1.0,260,0.4,0.9756,1991,0.38,0.9268,1,0.405,0.9878,235,0
SPY190719P298,2019-07-17,2019-07-17 09:36:02,0.42,1.0243,1213,0.41,1.0,106,0.38,0.9268,1,0.415,1.0121,235,0
SPY190719P298,2019-07-17,2019-07-17 09:36:02,0.42,1.0243,1106,0.41,1.0,5,0.38,0.9268,1,0.415,1.0121,235,0
SPY190719P298,2019-07-17,2019-07-17 09:36:03,0.42,1.0243,895,0.41,1.0,1101,0.38,0.9268,1,0.415,1.0121,235,0
SPY190719P298,2019-07-17,2019-07-17 09:36:03,0.42,1.0243,1301,0.41,1.0,217,0.38,0.9268,1,0.415,1.0121,235,0
SPY190719P298,2019-07-17,2019-07-17 09:36:04,0.42,1.0243,565,0.41,1.0,1748,0.38,0.9268,1,0.415,1.0121,235,0
SPY190719P298,2019-07-17,2019-07-17 09:36:05,0.43,1.0487,1062,0.42,1.0243,255,0.38,0.9268,1,0.425,1.0365,235,0
SPY190719P298,2019-07-17,2019-07-17 09:36:05,0.42,1.0243,85,0.41,1.0,1977,0.38,0.9268,1,0.415,1.0121,235,0
SPY190719P298,2019-07-17,2019-07-17 09:36:06,0.43,1.0487,1545,0.42,1.0243,397,0.38,0.9268,1,0.425,1.0365,235,0
SPY190719P298,2019-07-17,2019-07-17 09:36:07,0.43,1.0487,1453,0.42,1.0243,397,0.38,0.9268,1,0.425,1.0365,235,0
SPY190719P298,2019-07-17,2019-07-17 09:36:08,0.43,1.0487,1453,0.42,1.0243,2065,0.38,0.9268,1,0.425,1.0365,235,0
SPY190719P298,2019-07-17,2019-07-17 09:36:08,0.44,1.0731,1842,0.42,1.0243,2288,0.38,0.9268,1,0.43,1.0487,235,0
SPY190719P298,2019-07-17,2019-07-17 09:36:09,0.44,1.0731,1091,0.42,1.0243,2288,0.38,0.9268,1,0.43,1.0487,235,0
SPY190719P298,2019-07-17,2019-07-17 09:36:10,0.44,1.0731,966,0.42,1.0243,2623,0.38,0.9268,1,0.43,1.0487,235,0
SPY190719P298,2019-07-17,2019-07-17 09:36:10,0.43,1.0487,5,0.42,1.0243,2407,0.38,0.9268,1,0.425,1.0365,235,0
SPY190719P298,2019-07-17,2019-07-17 09:36:11,0.44,1.0731,1352,0.42,1.0243,2756,0.38,0.9268,1,0.43,1.0487,235,0
SPY190719P298,2019-07-17,2019-07-17 09:36:11,0.43,1.0487,480,0.42,1.0243,2632,0.38,0.9268,1,0.425,1.0365,235,0
SPY190719P298,2019-07-17,2019-07-17 09:36:12,0.44,1.0731,1007,0.43,1.0487,80,0.38,0.9268,1,0.435,1.0609,235,0
SPY190719P298,2019-07-17,2019-07-17 09:36:12,0.44,1.0731,1007,0.43,1.0487,149,0.38,0.9268,1,0.435,1.0609,235,0
SPY190719P298,2019-07-17,2019-07-17 09:36:13,0.44,1.0731,1007,0.43,1.0487,149,0.38,0.9268,1,0.435,1.0609,235,0
SPY190719P298,2019-07-17,2019-07-17 09:36:14,0.44,1.0731,1532,0.43,1.0487,90,0.38,0.9268,1,0.435,1.0609,235,0
SPY190719P298,2019-07-17,2019-07-17 09:36:14,0.44,1.0731,1122,0.43,1.0487,90,0.38,0.9268,1,0.435,1.0609,235,0
SPY190719P298,2019-07-17,2019-07-17 09:36:15,0.43,1.0487,564,0.42,1.0243,2840,0.38,0.9268,1,0.425,1.0365,235,0
SPY190719P298,2019-07-17,2019-07-17 09:36:16,0.43,1.0487,677,0.42,1.0243,1214,0.38,0.9268,1,0.425,1.0365,235,0
SPY190719P298,2019-07-17,2019-07-17 09:36:16,0.43,1.0487,564,0.42,1.0243,2868,0.38,0.9268,1,0.425,1.0365,235,0
SPY190719P298,2019-07-17,2019-07-17 09:36:17,0.43,1.0487,607,0.42,1.0243,1797,0.38,0.9268,1,0.425,1.0365,235,0
SPY190719P298,2019-07-17,2019-07-17 09:36:17,0.43,1.0487,420,0.42,1.0243,1797,0.38,0.9268,1,0.425,1.0365,235,0
SPY190719P298,2019-07-17,2019-07-17 09:36:18,0.43,1.0487,707,0.42,1.0243,1522,0.38,0.9268,1,0.425,1.0365,235,0
SPY190719P298,2019-07-17,2019-07-17 09:36:19,0.42,1.0243,140,0.41,1.0,1343,0.38,0.9268,1,0.415,1.0121,235,0
SPY190719P298,2019-07-17,2019-07-17 09:36:19,0.43,1.0487,729,0.42,1.0243,66,0.38,0.9268,1,0.425,1.0365,235,0
SPY190719P298,2019-07-17,2019-07-17 09:36:20,0.42,1.0243,10,0.41,1.0,1713,0.38,0.9268,1,0.415,1.0121,235,0
SPY190719P298,2019-07-17,2019-07-17 09:36:20,0.42,1.0243,5,0.41,1.0,2398,0.38,0.9268,1,0.415,1.0121,235,0
SPY190719P298,2019-07-17,2019-07-17 09:36:21,0.42,1.0243,5,0.41,1.0,2221,0.38,0.9268,1,0.415,1.0121,235,0
SPY190719P298,2019-07-17,2019-07-17 09:36:22,0.43,1.0487,1259,0.41,1.0,2420,0.38,0.9268,1,0.42,1.0243,235,0
SPY190719P298,2019-07-17,2019-07-17 09:36:23,0.43,1.0487,982,0.41,1.0,376,0.38,0.9268,1,0.42,1.0243,235,0
SPY190719P298,2019-07-17,2019-07-17 09:36:23,0.43,1.0487,1385,0.42,1.0243,662,0.38,0.9268,1,0.425,1.0365,235,0
SPY190719P298,2019-07-17,2019-07-17 09:36:24,0.43,1.0487,918,0.42,1.0243,257,0.38,0.9268,1,0.425,1.0365,235,0
SPY190719P298,2019-07-17,2019-07-17 09:36:24,0.43,1.0487,950,0.42,1.0243,663,0.38,0.9268,1,0.425,1.0365,235,0
SPY190719P298,2019-07-17,2019-07-17 09:36:25,0.43,1.0487,931,0.42,1.0243,663,0.38,0.9268,1,0.425,1.0365,235,0
SPY190719P298,2019-07-17,2019-07-17 09:36:25,0.43,1.0487,751,0.42,1.0243,663,0.38,0.9268,1,0.425,1.0365,235,0
SPY190719P298,2019-07-17,2019-07-17 09:36:26,0.43,1.0487,5,0.42,1.0243,3123,0.38,0.9268,1,0.425,1.0365,235,0
SPY190719P298,2019-07-17,2019-07-17 09:36:27,0.44,1.0731,724,0.43,1.0487,191,0.38,0.9268,1,0.435,1.0609,235,0
SPY190719P298,2019-07-17,2019-07-17 09:36:27,0.43,1.0487,5,0.43,1.0487,241,0.38,0.9268,1,0.43,1.0487,235,0
SPY190719P298,2019-07-17,2019-07-17 09:36:28,0.44,1.0731,535,0.43,1.0487,1365,0.38,0.9268,1,0.435,1.0609,235,0
SPY190719P298,2019-07-17,2019-07-17 09:36:28,0.44,1.0731,724,0.43,1.0487,1285,0.38,0.9268,1,0.435,1.0609,235,0
SPY190719P298,2019-07-17,2019-07-17 09:36:29,0.44,1.0731,535,0.43,1.0487,1365,0.38,0.9268,1,0.435,1.0609,235,0
SPY190719P298,2019-07-17,2019-07-17 09:36:29,0.44,1.0731,1269,0.43,1.0487,223,0.38,0.9268,1,0.435,1.0609,235,0
SPY190719P298,2019-07-17,2019-07-17 09:36:30,0.44,1.0731,1269,0.43,1.0487,844,0.38,0.9268,1,0.435,1.0609,235,0
SPY190719P298,2019-07-17,2019-07-17 09:36:30,0.44,1.0731,738,0.43,1.0487,560,0.38,0.9268,1,0.435,1.0609,235,0
SPY190719P298,2019-07-17,2019-07-17 09:36:31,0.44,1.0731,738,0.43,1.0487,1348,0.38,0.9268,1,0.435,1.0609,235,0
SPY190719P298,2019-07-17,2019-07-17 09:36:32,0.44,1.0731,103,0.43,1.0487,1433,0.38,0.9268,1,0.435,1.0609,235,0
SPY190719P298,2019-07-17,2019-07-17 09:36:33,0.44,1.0731,531,0.43,1.0487,1433,0.38,0.9268,1,0.435,1.0609,235,0
SPY190719P298,2019-07-17,2019-07-17 09:36:33,0.44,1.0731,531,0.43,1.0487,1452,0.38,0.9268,1,0.435,1.0609,235,0
SPY190719P298,2019-07-17,2019-07-17 09:36:34,0.44,1.0731,531,0.43,1.0487,1452,0.38,0.9268,1,0.435,1.0609,235,0
SPY190719P298,2019-07-17,2019-07-17 09:36:34,0.44,1.0731,531,0.43,1.0487,2056,0.38,0.9268,1,0.435,1.0609,235,0
SPY190719P298,2019-07-17,2019-07-17 09:36:35,0.44,1.0731,556,0.43,1.0487,2073,0.38,0.9268,1,0.435,1.0609,235,0
SPY190719P298,2019-07-17,2019-07-17 09:36:35,0.44,1.0731,672,0.43,1.0487,869,0.38,0.9268,1,0.435,1.0609,235,0
SPY190719P298,2019-07-17,2019-07-17 09:36:36,0.44,1.0731,671,0.43,1.0487,869,0.38,0.9268,1,0.435,1.0609,235,0
SPY190719P298,2019-07-17,2019-07-17 09:36:37,0.44,1.0731,650,0.43,1.0487,2332,0.38,0.9268,1,0.435,1.0609,235,0
SPY190719P298,2019-07-17,2019-07-17 09:36:37,0.44,1.0731,650,0.43,1.0487,869,0.38,0.9268,1,0.435,1.0609,235,0
SPY190719P298,2019-07-17,2019-07-17 09:36:38,0.44,1.0731,590,0.43,1.0487,2354,0.38,0.9268,1,0.435,1.0609,235,0
SPY190719P298,2019-07-17,2019-07-17 09:36:38,0.44,1.0731,650,0.43,1.0487,853,0.38,0.9268,1,0.435,1.0609,235,0
SPY190719P298,2019-07-17,2019-07-17 09:36:39,0.44,1.0731,505,0.43,1.0487,328,0.38,0.9268,1,0.435,1.0609,235,0
SPY190719P298,2019-07-17,2019-07-17 09:36:39,0.44,1.0731,878,0.43,1.0487,338,0.38,0.9268,1,0.435,1.0609,235,0
SPY190719P298,2019-07-17,2019-07-17 09:36:40,0.44,1.0731,798,0.43,1.0487,170,0.38,0.9268,1,0.435,1.0609,235,0
SPY190719P298,2019-07-17,2019-07-17 09:36:40,0.44,1.0731,698,0.43,1.0487,170,0.38,0.9268,1,0.435,1.0609,235,0
SPY190719P298,2019-07-17,2019-07-17 09:36:41,0.43,1.0487,673,0.42,1.0243,866,0.38,0.9268,1,0.425,1.0365,235,0
SPY190719P298,2019-07-17,2019-07-17 09:36:41,0.44,1.0731,624,0.42,1.0243,834,0.38,0.9268,1,0.43,1.0487,235,0
SPY190719P298,2019-07-17,2019-07-17 09:36:42,0.43,1.0487,798,0.42,1.0243,873,0.38,0.9268,1,0.425,1.0365,235,0
SPY190719P298,2019-07-17,2019-07-17 09:36:43,0.43,1.0487,798,0.42,1.0243,857,0.38,0.9268,1,0.425,1.0365,235,0
SPY190719P298,2019-07-17,2019-07-17 09:36:44,0.43,1.0487,798,0.42,1.0243,850,0.38,0.9268,1,0.425,1.0365,235,0
SPY190719P298,2019-07-17,2019-07-17 09:36:44,0.43,1.0487,798,0.42,1.0243,116,0.38,0.9268,1,0.425,1.0365,235,0
SPY190719P298,2019-07-17,2019-07-17 09:36:45,0.42,1.0243,617,0.41,1.0,2563,0.38,0.9268,1,0.415,1.0121,235,0
SPY190719P298,2019-07-17,2019-07-17 09:36:45,0.43,1.0487,1323,0.41,1.0,2096,0.38,0.9268,1,0.42,1.0243,235,0
SPY190719P298,2019-07-17,2019-07-17 09:36:46,0.43,1.0487,1050,0.41,1.0,2396,0.38,0.9268,1,0.42,1.0243,235,0
SPY190719P298,2019-07-17,2019-07-17 09:36:47,0.42,1.0243,77,0.41,1.0,2156,0.38,0.9268,1,0.415,1.0121,235,0
SPY190719P298,2019-07-17,2019-07-17 09:36:47,0.42,1.0243,5,0.41,1.0,1742,0.38,0.9268,1,0.415,1.0121,235,0
SPY190719P298,2019-07-17,2019-07-17 09:36:48,0.43,1.0487,1564,0.42,1.0243,120,0.38,0.9268,1,0.425,1.0365,235,0
SPY190719P298,2019-07-17,2019-07-17 09:36:48,0.42,1.0243,90,0.42,1.0243,50,0.38,0.9268,1,0.42,1.0243,235,0
SPY190719P298,2019-07-17,2019-07-17 09:36:49,0.43,1.0487,1444,0.42,1.0243,301,0.38,0.9268,1,0.425,1.0365,235,0
SPY190719P298,2019-07-17,2019-07-17 09:36:49,0.43,1.0487,1826,0.42,1.0243,60,0.38,0.9268,1,0.425,1.0365,235,0
SPY190719P298,2019-07-17,2019-07-17 09:36:50,0.43,1.0487,1569,0.42,1.0243,147,0.38,0.9268,1,0.425,1.0365,235,0
SPY190719P298,2019-07-17,2019-07-17 09:36:50,0.43,1.0487,1569,0.42,1.0243,104,0.38,0.9268,1,0.425,1.0365,235,0
SPY190719P298,2019-07-17,2019-07-17 09:36:51,0.43,1.0487,1537,0.42,1.0243,50,0.38,0.9268,1,0.425,1.0365,235,0
SPY190719P298,2019-07-17,2019-07-17 09:36:52,0.43,1.0487,1537,0.42,1.0243,147,0.38,0.9268,1,0.425,1.0365,235,0
SPY190719P298,2019-07-17,2019-07-17 09:36:52,0.43,1.0487,1140,0.42,1.0243,290,0.38,0.9268,1,0.425,1.0365,235,0
SPY190719P298,2019-07-17,2019-07-17 09:36:53,0.43,1.0487,978,0.42,1.0243,117,0.38,0.9268,1,0.425,1.0365,235,0
SPY190719P298,2019-07-17,2019-07-17 09:36:53,0.43,1.0487,978,0.42,1.0243,78,0.38,0.9268,1,0.425,1.0365,235,0
SPY190719P298,2019-07-17,2019-07-17 09:36:54,0.43,1.0487,1464,0.42,1.0243,127,0.38,0.9268,1,0.425,1.0365,235,0
SPY190719P298,2019-07-17,2019-07-17 09:36:54,0.43,1.0487,1168,0.42,1.0243,5,0.38,0.9268,1,0.425,1.0365,235,0
SPY190719P298,2019-07-17,2019-07-17 09:36:55,0.43,1.0487,966,0.42,1.0243,238,0.38,0.9268,1,0.425,1.0365,235,0
SPY190719P298,2019-07-17,2019-07-17 09:36:56,0.43,1.0487,895,0.42,1.0243,866,0.38,0.9268,1,0.425,1.0365,235,0
SPY190719P298,2019-07-17,2019-07-17 09:36:57,0.43,1.0487,584,0.42,1.0243,2020,0.38,0.9268,1,0.425,1.0365,235,0
SPY190719P298,2019-07-17,2019-07-17 09:36:57,0.43,1.0487,917,0.42,1.0243,1332,0.38,0.9268,1,0.425,1.0365,235,0
SPY190719P298,2019-07-17,2019-07-17 09:36:58,0.43,1.0487,704,0.42,1.0243,2028,0.38,0.9268,1,0.425,1.0365,235,0
SPY190719P298,2019-07-17,2019-07-17 09:36:58,0.43,1.0487,700,0.42,1.0243,2028,0.38,0.9268,1,0.425,1.0365,235,0
SPY190719P298,2019-07-17,2019-07-17 09:36:59,0.43,1.0487,700,0.42,1.0243,2028,0.38,0.9268,1,0.425,1.0365,235,0
SPY190719P298,2019-07-17,2019-07-17 09:37:00,0.44,1.0731,914,0.43,1.0487,242,0.38,0.9268,1,0.435,1.0609,235,0
SPY190719P298,2019-07-17,2019-07-17 09:37:01,0.44,1.0731,914,0.43,1.0487,242,0.38,0.9268,1,0.435,1.0609,235,0
SPY190719P298,2019-07-17,2019-07-17 09:37:01,0.44,1.0731,858,0.43,1.0487,242,0.38,0.9268,1,0.435,1.0609,235,0
SPY190719P298,2019-07-17,2019-07-17 09:37:02,0.44,1.0731,930,0.43,1.0487,238,0.38,0.9268,1,0.435,1.0609,235,0
SPY190719P298,2019-07-17,2019-07-17 09:37:02,0.44,1.0731,858,0.43,1.0487,239,0.38,0.9268,1,0.435,1.0609,235,0
SPY190719P298,2019-07-17,2019-07-17 09:37:03,0.44,1.0731,1161,0.43,1.0487,238,0.38,0.9268,1,0.435,1.0609,235,0
SPY190719P298,2019-07-17,2019-07-17 09:37:04,0.44,1.0731,932,0.43,1.0487,260,0.38,0.9268,1,0.435,1.0609,235,0
SPY190719P298,2019-07-17,2019-07-17 09:37:05,0.44,1.0731,1255,0.43,1.0487,323,0.38,0.9268,1,0.435,1.0609,235,0
SPY190719P298,2019-07-17,2019-07-17 09:37:06,0.44,1.0731,1016,0.43,1.0487,186,0.38,0.9268,1,0.435,1.0609,235,0
SPY190719P298,2019-07-17,2019-07-17 09:37:06,0.44,1.0731,946,0.43,1.0487,246,0.38,0.9268,1,0.435,1.0609,235,0
SPY190719P298,2019-07-17,2019-07-17 09:37:07,0.44,1.0731,1285,0.43,1.0487,236,0.38,0.9268,1,0.435,1.0609,235,0
SPY190719P298,2019-07-17,2019-07-17 09:37:07,0.44,1.0731,1410,0.43,1.0487,236,0.38,0.9268,1,0.435,1.0609,235,0
SPY190719P298,2019-07-17,2019-07-17 09:37:08,0.44,1.0731,914,0.43,1.0487,229,0.38,0.9268,1,0.435,1.0609,235,0
SPY190719P298,2019-07-17,2019-07-17 09:37:09,0.43,1.0487,646,0.42,1.0243,884,0.38,0.9268,1,0.425,1.0365,235,0
SPY190719P298,2019-07-17,2019-07-17 09:37:10,0.43,1.0487,671,0.42,1.0243,1456,0.38,0.9268,1,0.425,1.0365,235,0
SPY190719P298,2019-07-17,2019-07-17 09:37:11,0.43,1.0487,556,0.42,1.0243,1456,0.38,0.9268,1,0.425,1.0365,235,0
SPY190719P298,2019-07-17,2019-07-17 09:37:11,0.43,1.0487,480,0.42,1.0243,1520,0.38,0.9268,1,0.425,1.0365,235,0
SPY190719P298,2019-07-17,2019-07-17 09:37:12,0.43,1.0487,580,0.42,1.0243,1578,0.38,0.9268,1,0.425,1.0365,235,0
SPY190719P298,2019-07-17,2019-07-17 09:37:12,0.43,1.0487,531,0.42,1.0243,1578,0.38,0.9268,1,0.425,1.0365,235,0
SPY190719P298,2019-07-17,2019-07-17 09:37:13,0.43,1.0487,480,0.42,1.0243,2317,0.38,0.9268,1,0.425,1.0365,235,0
SPY190719P298,2019-07-17,2019-07-17 09:37:14,0.43,1.0487,480,0.42,1.0243,2681,0.38,0.9268,1,0.425,1.0365,235,0
SPY190719P298,2019-07-17,2019-07-17 09:37:14,0.43,1.0487,480,0.42,1.0243,3088,0.38,0.9268,1,0.425,1.0365,235,0
SPY190719P298,2019-07-17,2019-07-17 09:37:15,0.43,1.0487,480,0.42,1.0243,3088,0.38,0.9268,1,0.425,1.0365,235,0
SPY190719P298,2019-07-17,2019-07-17 09:37:16,0.43,1.0487,480,0.42,1.0243,2681,0.38,0.9268,1,0.425,1.0365,235,0
SPY190719P298,2019-07-17,2019-07-17 09:37:17,0.44,1.0731,513,0.43,1.0487,546,0.38,0.9268,1,0.435,1.0609,235,0
SPY190719P298,2019-07-17,2019-07-17 09:37:17,0.43,1.0487,480,0.42,1.0243,2681,0.38,0.9268,1,0.425,1.0365,235,0
SPY190719P298,2019-07-17,2019-07-17 09:37:18,0.44,1.0731,533,0.43,1.0487,1432,0.38,0.9268,1,0.435,1.0609,235,0
SPY190719P298,2019-07-17,2019-07-17 09:37:18,0.44,1.0731,533,0.43,1.0487,1805,0.38,0.9268,1,0.435,1.0609,235,0
SPY190719P298,2019-07-17,2019-07-17 09:37:19,0.44,1.0731,533,0.43,1.0487,1805,0.38,0.9268,1,0.435,1.0609,235,0
SPY190719P298,2019-07-17,2019-07-17 09:37:20,0.44,1.0731,673,0.43,1.0487,1805,0.38,0.9268,1,0.435,1.0609,235,0
SPY190719P298,2019-07-17,2019-07-17 09:37:20,0.44,1.0731,758,0.43,1.0487,440,0.38,0.9268,1,0.435,1.0609,235,0
SPY190719P298,2019-07-17,2019-07-17 09:37:21,0.44,1.0731,758,0.43,1.0487,1049,0.38,0.9268,1,0.435,1.0609,235,0
SPY190719P298,2019-07-17,2019-07-17 09:37:22,0.44,1.0731,563,0.43,1.0487,1300,0.38,0.9268,1,0.435,1.0609,235,0
SPY190719P298,2019-07-17,2019-07-17 09:37:23,0.44,1.0731,563,0.43,1.0487,1710,0.38,0.9268,1,0.435,1.0609,235,0
SPY190719P298,2019-07-17,2019-07-17 09:37:24,0.44,1.0731,854,0.43,1.0487,429,0.38,0.9268,1,0.435,1.0609,235,0
SPY190719P298,2019-07-17,2019-07-17 09:37:25,0.44,1.0731,854,0.43,1.0487,322,0.38,0.9268,1,0.435,1.0609,235,0
SPY190719P298,2019-07-17,2019-07-17 09:37:25,0.44,1.0731,674,0.43,1.0487,429,0.38,0.9268,1,0.435,1.0609,235,0
SPY190719P298,2019-07-17,2019-07-17 09:37:26,0.44,1.0731,1206,0.42,1.0243,994,0.38,0.9268,1,0.43,1.0487,235,0
SPY190719P298,2019-07-17,2019-07-17 09:37:26,0.44,1.0731,1560,0.43,1.0487,126,0.38,0.9268,1,0.435,1.0609,235,0
SPY190719P298,2019-07-17,2019-07-17 09:37:27,0.43,1.0487,5,0.42,1.0243,2164,0.38,0.9268,1,0.425,1.0365,235,0
SPY190719P298,2019-07-17,2019-07-17 09:37:27,0.44,1.0731,1736,0.42,1.0243,2164,0.38,0.9268,1,0.43,1.0487,235,0
SPY190719P298,2019-07-17,2019-07-17 09:37:28,0.44,1.0731,1736,0.43,1.0487,166,0.38,0.9268,1,0.435,1.0609,235,0
SPY190719P298,2019-07-17,2019-07-17 09:37:29,0.44,1.0731,1603,0.43,1.0487,246,0.38,0.9268,1,0.435,1.0609,235,0
SPY190719P298,2019-07-17,2019-07-17 09:37:30,0.44,1.0731,1603,0.43,1.0487,246,0.38,0.9268,1,0.435,1.0609,235,0
SPY190719P298,2019-07-17,2019-07-17 09:37:31,0.44,1.0731,1603,0.42,1.0243,1823,0.38,0.9268,1,0.43,1.0487,235,0
SPY190719P298,2019-07-17,2019-07-17 09:37:31,0.44,1.0731,1603,0.43,1.0487,106,0.38,0.9268,1,0.435,1.0609,235,0
SPY190719P298,2019-07-17,2019-07-17 09:37:32,0.44,1.0731,678,0.43,1.0487,633,0.38,0.9268,1,0.435,1.0609,235,0
SPY190719P298,2019-07-17,2019-07-17 09:37:32,0.44,1.0731,1519,0.43,1.0487,271,0.38,0.9268,1,0.435,1.0609,235,0
SPY190719P298,2019-07-17,2019-07-17 09:37:33,0.44,1.0731,678,0.43,1.0487,1524,0.38,0.9268,1,0.435,1.0609,235,0
SPY190719P298,2019-07-17,2019-07-17 09:37:34,0.44,1.0731,678,0.43,1.0487,2041,0.38,0.9268,1,0.435,1.0609,235,0
SPY190719P298,2019-07-17,2019-07-17 09:37:35,0.44,1.0731,678,0.43,1.0487,2041,0.38,0.9268,1,0.435,1.0609,235,0
SPY190719P298,2019-07-17,2019-07-17 09:37:36,0.44,1.0731,678,0.43,1.0487,2041,0.38,0.9268,1,0.435,1.0609,235,0
SPY190719P298,2019-07-17,2019-07-17 09:37:37,0.44,1.0731,678,0.43,1.0487,2041,0.38,0.9268,1,0.435,1.0609,235,0
SPY190719P298,2019-07-17,2019-07-17 09:37:38,0.44,1.0731,678,0.43,1.0487,1652,0.38,0.9268,1,0.435,1.0609,235,0
SPY190719P298,2019-07-17,2019-07-17 09:37:39,0.44,1.0731,678,0.43,1.0487,2361,0.38,0.9268,1,0.435,1.0609,235,0
SPY190719P298,2019-07-17,2019-07-17 09:37:39,0.44,1.0731,678,0.43,1.0487,1652,0.38,0.9268,1,0.435,1.0609,235,0
SPY190719P298,2019-07-17,2019-07-17 09:37:40,0.44,1.0731,697,0.43,1.0487,841,0.38,0.9268,1,0.435,1.0609,235,0
SPY190719P298,2019-07-17,2019-07-17 09:37:40,0.44,1.0731,678,0.43,1.0487,1652,0.38,0.9268,1,0.435,1.0609,235,0
SPY190719P298,2019-07-17,2019-07-17 09:37:41,0.44,1.0731,676,0.43,1.0487,797,0.38,0.9268,1,0.435,1.0609,235,0
SPY190719P298,2019-07-17,2019-07-17 09:37:42,0.44,1.0731,676,0.43,1.0487,797,0.38,0.9268,1,0.435,1.0609,235,0
SPY190719P298,2019-07-17,2019-07-17 09:37:42,0.44,1.0731,978,0.43,1.0487,797,0.38,0.9268,1,0.435,1.0609,235,0
SPY190719P298,2019-07-17,2019-07-17 09:37:43,0.44,1.0731,676,0.43,1.0487,797,0.38,0.9268,1,0.435,1.0609,235,0
SPY190719P298,2019-07-17,2019-07-17 09:37:43,0.44,1.0731,1069,0.43,1.0487,308,0.38,0.9268,1,0.435,1.0609,235,0
SPY190719P298,2019-07-17,2019-07-17 09:37:44,0.44,1.0731,1624,0.43,1.0487,5,0.38,0.9268,1,0.435,1.0609,235,0
SPY190719P298,2019-07-17,2019-07-17 09:37:44,0.44,1.0731,1069,0.43,1.0487,308,0.38,0.9268,1,0.435,1.0609,235,0
SPY190719P298,2019-07-17,2019-07-17 09:37:45,0.44,1.0731,1482,0.43,1.0487,406,0.38,0.9268,1,0.435,1.0609,235,0
SPY190719P298,2019-07-17,2019-07-17 09:37:46,0.44,1.0731,1222,0.43,1.0487,366,0.38,0.9268,1,0.435,1.0609,235,0
SPY190719P298,2019-07-17,2019-07-17 09:37:46,0.44,1.0731,1292,0.43,1.0487,366,0.38,0.9268,1,0.435,1.0609,235,0
SPY190719P298,2019-07-17,2019-07-17 09:37:47,0.44,1.0731,1969,0.43,1.0487,100,0.38,0.9268,1,0.435,1.0609,235,0
SPY190719P298,2019-07-17,2019-07-17 09:37:48,0.43,1.0487,541,0.42,1.0243,1514,0.38,0.9268,1,0.425,1.0365,235,0
SPY190719P298,2019-07-17,2019-07-17 09:37:48,0.44,1.0731,1740,0.43,1.0487,100,0.38,0.9268,1,0.435,1.0609,235,0
SPY190719P298,2019-07-17,2019-07-17 09:37:49,0.43,1.0487,798,0.42,1.0243,313,0.38,0.9268,1,0.425,1.0365,235,0
SPY190719P298,2019-07-17,2019-07-17 09:37:50,0.43,1.0487,2363,0.42,1.0243,184,0.38,0.9268,1,0.425,1.0365,235,0
SPY190719P298,2019-07-17,2019-07-17 09:37:50,0.43,1.0487,916,0.42,1.0243,268,0.38,0.9268,1,0.425,1.0365,235,0
SPY190719P298,2019-07-17,2019-07-17 09:37:51,0.43,1.0487,1965,0.42,1.0243,62,0.38,0.9268,1,0.425,1.0365,235,0
SPY190719P298,2019-07-17,2019-07-17 09:37:51,0.43,1.0487,2129,0.42,1.0243,268,0.38,0.9268,1,0.425,1.0365,235,0
SPY190719P298,2019-07-17,2019-07-17 09:37:52,0.43,1.0487,1383,0.42,1.0243,164,0.38,0.9268,1,0.425,1.0365,235,0
SPY190719P298,2019-07-17,2019-07-17 09:37:53,0.43,1.0487,1993,0.42,1.0243,234,0.38,0.9268,1,0.425,1.0365,235,0
SPY190719P298,2019-07-17,2019-07-17 09:37:53,0.43,1.0487,2187,0.42,1.0243,234,0.38,0.9268,1,0.425,1.0365,235,0
SPY190719P298,2019-07-17,2019-07-17 09:37:54,0.43,1.0487,2280,0.42,1.0243,234,0.38,0.9268,1,0.425,1.0365,235,0
SPY190719P298,2019-07-17,2019-07-17 09:37:54,0.43,1.0487,2280,0.42,1.0243,3,0.42,1.0243,6,0.425,1.0365,241,6
SPY190719P298,2019-07-17,2019-07-17 09:37:55,0.43,1.0487,2280,0.42,1.0243,3,0.42,1.0243,6,0.425,1.0365,241,0
SPY190719P298,2019-07-17,2019-07-17 09:37:57,0.43,1.0487,1913,0.42,1.0243,3,0.42,1.0243,6,0.425,1.0365,241,0
SPY190719P298,2019-07-17,2019-07-17 09:37:57,0.43,1.0487,1563,0.42,1.0243,137,0.42,1.0243,6,0.425,1.0365,241,0
SPY190719P298,2019-07-17,2019-07-17 09:37:58,0.43,1.0487,1563,0.42,1.0243,156,0.42,1.0243,6,0.425,1.0365,241,0
SPY190719P298,2019-07-17,2019-07-17 09:37:59,0.43,1.0487,2195,0.42,1.0243,156,0.42,1.0243,6,0.425,1.0365,241,0
SPY190719P298,2019-07-17,2019-07-17 09:37:59,0.43,1.0487,2167,0.42,1.0243,156,0.42,1.0243,6,0.425,1.0365,241,0
SPY190719P298,2019-07-17,2019-07-17 09:38:00,0.42,1.0243,1223,0.41,1.0,1,0.42,1.0243,6,0.415,1.0121,241,0
SPY190719P298,2019-07-17,2019-07-17 09:38:00,0.42,1.0243,673,0.42,1.0243,156,0.42,1.0243,6,0.42,1.0243,241,0
SPY190719P298,2019-07-17,2019-07-17 09:38:01,0.42,1.0243,1888,0.41,1.0,1,0.42,1.0243,6,0.415,1.0121,241,0
SPY190719P298,2019-07-17,2019-07-17 09:38:02,0.42,1.0243,1952,0.41,1.0,1,0.42,1.0243,1,0.415,1.0121,245,0
SPY190719P298,2019-07-17,2019-07-17 09:38:02,0.42,1.0243,1952,0.41,1.0,50,0.42,1.0243,1,0.415,1.0121,245,4
SPY190719P298,2019-07-17,2019-07-17 09:38:03,0.42,1.0243,2395,0.41,1.0,1,0.42,1.0243,1,0.415,1.0121,245,0
SPY190719P298,2019-07-17,2019-07-17 09:38:04,0.42,1.0243,2706,0.41,1.0,1,0.42,1.0243,1,0.415,1.0121,245,0
SPY190719P298,2019-07-17,2019-07-17 09:38:04,0.42,1.0243,2398,0.41,1.0,1,0.42,1.0243,1,0.415,1.0121,245,0
SPY190719P298,2019-07-17,2019-07-17 09:38:05,0.41,1.0,893,0.4,0.9756,920,0.42,1.0243,1,0.405,0.9878,245,0
SPY190719P298,2019-07-17,2019-07-17 09:38:06,0.41,1.0,768,0.4,0.9756,926,0.42,1.0243,1,0.405,0.9878,245,0
SPY190719P298,2019-07-17,2019-07-17 09:38:07,0.41,1.0,672,0.4,0.9756,951,0.42,1.0243,1,0.405,0.9878,245,0
SPY190719P298,2019-07-17,2019-07-17 09:38:08,0.41,1.0,903,0.4,0.9756,1441,0.42,1.0243,1,0.405,0.9878,245,0
SPY190719P298,2019-07-17,2019-07-17 09:38:09,0.41,1.0,1057,0.4,0.9756,455,0.42,1.0243,1,0.405,0.9878,245,0
SPY190719P298,2019-07-17,2019-07-17 09:38:09,0.41,1.0,1043,0.4,0.9756,605,0.42,1.0243,1,0.405,0.9878,245,0
SPY190719P298,2019-07-17,2019-07-17 09:38:10,0.41,1.0,937,0.4,0.9756,455,0.42,1.0243,1,0.405,0.9878,245,0
SPY190719P298,2019-07-17,2019-07-17 09:38:11,0.41,1.0,1287,0.4,0.9756,455,0.42,1.0243,1,0.405,0.9878,245,0
SPY190719P298,2019-07-17,2019-07-17 09:38:12,0.41,1.0,1287,0.4,0.9756,503,0.42,1.0243,1,0.405,0.9878,245,0
SPY190719P298,2019-07-17,2019-07-17 09:38:12,0.41,1.0,1287,0.4,0.9756,455,0.42,1.0243,1,0.405,0.9878,245,0
SPY190719P298,2019-07-17,2019-07-17 09:38:13,0.41,1.0,1287,0.4,0.9756,1539,0.42,1.0243,1,0.405,0.9878,245,0
SPY190719P298,2019-07-17,2019-07-17 09:38:13,0.41,1.0,1287,0.4,0.9756,1796,0.42,1.0243,1,0.405,0.9878,245,0
SPY190719P298,2019-07-17,2019-07-17 09:38:14,0.41,1.0,485,0.4,0.9756,1613,0.42,1.0243,1,0.405,0.9878,245,0
SPY190719P298,2019-07-17,2019-07-17 09:38:14,0.41,1.0,522,0.4,0.9756,1259,0.42,1.0243,1,0.405,0.9878,245,0
SPY190719P298,2019-07-17,2019-07-17 09:38:15,0.41,1.0,485,0.4,0.9756,1613,0.42,1.0243,1,0.405,0.9878,245,0
SPY190719P298,2019-07-17,2019-07-17 09:38:16,0.41,1.0,541,0.4,0.9756,1993,0.42,1.0243,1,0.405,0.9878,245,0
SPY190719P298,2019-07-17,2019-07-17 09:38:16,0.41,1.0,541,0.4,0.9756,1536,0.42,1.0243,1,0.405,0.9878,245,0
SPY190719P298,2019-07-17,2019-07-17 09:38:17,0.41,1.0,541,0.4,0.9756,1993,0.42,1.0243,1,0.405,0.9878,245,0
SPY190719P298,2019-07-17,2019-07-17 09:38:17,0.41,1.0,382,0.4,0.9756,1993,0.42,1.0243,1,0.405,0.9878,245,0
SPY190719P298,2019-07-17,2019-07-17 09:38:18,0.41,1.0,382,0.4,0.9756,1993,0.42,1.0243,1,0.405,0.9878,245,0
SPY190719P298,2019-07-17,2019-07-17 09:38:19,0.41,1.0,382,0.4,0.9756,1993,0.42,1.0243,1,0.405,0.9878,245,0
SPY190719P298,2019-07-17,2019-07-17 09:38:19,0.42,1.0243,943,0.41,1.0,419,0.42,1.0243,1,0.415,1.0121,245,0
SPY190719P298,2019-07-17,2019-07-17 09:38:20,0.42,1.0243,1480,0.41,1.0,331,0.42,1.0243,1,0.415,1.0121,245,0
SPY190719P298,2019-07-17,2019-07-17 09:38:20,0.42,1.0243,745,0.41,1.0,251,0.42,1.0243,1,0.415,1.0121,245,0
SPY190719P298,2019-07-17,2019-07-17 09:38:21,0.42,1.0243,1480,0.41,1.0,92,0.42,1.0243,1,0.415,1.0121,245,0
SPY190719P298,2019-07-17,2019-07-17 09:38:22,0.42,1.0243,925,0.41,1.0,490,0.42,1.0243,1,0.415,1.0121,245,0
SPY190719P298,2019-07-17,2019-07-17 09:38:22,0.42,1.0243,1160,0.41,1.0,6,0.42,1.0243,1,0.415,1.0121,245,0
SPY190719P298,2019-07-17,2019-07-17 09:38:23,0.42,1.0243,925,0.41,1.0,632,0.42,1.0243,1,0.415,1.0121,245,0
SPY190719P298,2019-07-17,2019-07-17 09:38:23,0.42,1.0243,768,0.41,1.0,632,0.42,1.0243,1,0.415,1.0121,245,0
SPY190719P298,2019-07-17,2019-07-17 09:38:24,0.42,1.0243,768,0.41,1.0,1149,0.42,1.0243,1,0.415,1.0121,245,0
SPY190719P298,2019-07-17,2019-07-17 09:38:25,0.42,1.0243,768,0.41,1.0,1149,0.42,1.0243,1,0.415,1.0121,245,0
SPY190719P298,2019-07-17,2019-07-17 09:38:26,0.42,1.0243,688,0.41,1.0,1099,0.42,1.0243,1,0.415,1.0121,245,0
SPY190719P298,2019-07-17,2019-07-17 09:38:26,0.42,1.0243,768,0.41,1.0,1099,0.42,1.0243,1,0.415,1.0121,245,0
SPY190719P298,2019-07-17,2019-07-17 09:38:27,0.42,1.0243,768,0.41,1.0,930,0.42,1.0243,1,0.415,1.0121,245,0
SPY190719P298,2019-07-17,2019-07-17 09:38:28,0.42,1.0243,768,0.41,1.0,940,0.42,1.0243,1,0.415,1.0121,245,0
SPY190719P298,2019-07-17,2019-07-17 09:38:28,0.42,1.0243,768,0.41,1.0,442,0.42,1.0243,1,0.415,1.0121,245,0
SPY190719P298,2019-07-17,2019-07-17 09:38:29,0.42,1.0243,1351,0.41,1.0,442,0.42,1.0243,1,0.415,1.0121,245,0
SPY190719P298,2019-07-17,2019-07-17 09:38:29,0.42,1.0243,1675,0.41,1.0,442,0.42,1.0243,1,0.415,1.0121,245,0
SPY190719P298,2019-07-17,2019-07-17 09:38:30,0.41,1.0,673,0.4,0.9756,1038,0.42,1.0243,1,0.405,0.9878,245,0
SPY190719P298,2019-07-17,2019-07-17 09:38:31,0.41,1.0,753,0.4,0.9756,1038,0.42,1.0243,1,0.405,0.9878,245,0
SPY190719P298,2019-07-17,2019-07-17 09:38:32,0.41,1.0,753,0.4,0.9756,915,0.42,1.0243,1,0.405,0.9878,245,0
SPY190719P298,2019-07-17,2019-07-17 09:38:33,0.42,1.0243,808,0.41,1.0,289,0.42,1.0243,1,0.415,1.0121,245,0
SPY190719P298,2019-07-17,2019-07-17 09:38:33,0.42,1.0243,1478,0.41,1.0,278,0.42,1.0243,1,0.415,1.0121,245,0
SPY190719P298,2019-07-17,2019-07-17 09:38:34,0.42,1.0243,1966,0.41,1.0,80,0.42,1.0243,1,0.415,1.0121,245,0
SPY190719P298,2019-07-17,2019-07-17 09:38:34,0.42,1.0243,1201,0.41,1.0,278,0.42,1.0243,1,0.415,1.0121,245,0
SPY190719P298,2019-07-17,2019-07-17 09:38:35,0.42,1.0243,2382,0.41,1.0,130,0.42,1.0243,1,0.415,1.0121,245,0
SPY190719P298,2019-07-17,2019-07-17 09:38:36,0.42,1.0243,2030,0.41,1.0,130,0.42,1.0243,1,0.415,1.0121,245,0
SPY190719P298,2019-07-17,2019-07-17 09:38:36,0.42,1.0243,2446,0.4,0.9756,1685,0.42,1.0243,1,0.41,1.0,245,0
SPY190719P298,2019-07-17,2019-07-17 09:38:37,0.42,1.0243,2446,0.4,0.9756,1685,0.42,1.0243,1,0.41,1.0,245,0
SPY190719P298,2019-07-17,2019-07-17 09:38:38,0.41,1.0,545,0.4,0.9756,2117,0.42,1.0243,1,0.405,0.9878,245,0
SPY190719P298,2019-07-17,2019-07-17 09:38:39,0.42,1.0243,1139,0.41,1.0,236,0.42,1.0243,1,0.415,1.0121,245,0
SPY190719P298,2019-07-17,2019-07-17 09:38:39,0.41,1.0,545,0.4,0.9756,2253,0.42,1.0243,1,0.405,0.9878,245,0
SPY190719P298,2019-07-17,2019-07-17 09:38:40,0.42,1.0243,929,0.41,1.0,298,0.42,1.0243,1,0.415,1.0121,245,0
SPY190719P298,2019-07-17,2019-07-17 09:38:41,0.42,1.0243,2074,0.41,1.0,196,0.42,1.0243,1,0.415,1.0121,245,0
SPY190719P298,2019-07-17,2019-07-17 09:38:41,0.42,1.0243,2074,0.41,1.0,276,0.42,1.0243,1,0.415,1.0121,245,0
SPY190719P298,2019-07-17,2019-07-17 09:38:42,0.41,1.0,650,0.41,1.0,196,0.42,1.0243,1,0.41,1.0,245,0
SPY190719P298,2019-07-17,2019-07-17 09:38:42,0.41,1.0,715,0.4,0.9756,2206,0.42,1.0243,1,0.405,0.9878,245,0
SPY190719P298,2019-07-17,2019-07-17 09:38:43,0.41,1.0,480,0.4,0.9756,2023,0.42,1.0243,1,0.405,0.9878,245,0
SPY190719P298,2019-07-17,2019-07-17 09:38:44,0.41,1.0,480,0.4,0.9756,2023,0.42,1.0243,1,0.405,0.9878,245,0
SPY190719P298,2019-07-17,2019-07-17 09:38:45,0.42,1.0243,964,0.41,1.0,267,0.42,1.0243,1,0.415,1.0121,245,0
SPY190719P298,2019-07-17,2019-07-17 09:38:45,0.41,1.0,480,0.4,0.9756,2023,0.42,1.0243,1,0.405,0.9878,245,0
SPY190719P298,2019-07-17,2019-07-17 09:38:46,0.42,1.0243,964,0.41,1.0,314,0.42,1.0243,1,0.415,1.0121,245,0
SPY190719P298,2019-07-17,2019-07-17 09:38:47,0.42,1.0243,929,0.41,1.0,425,0.42,1.0243,1,0.415,1.0121,245,0
SPY190719P298,2019-07-17,2019-07-17 09:38:48,0.42,1.0243,775,0.41,1.0,847,0.42,1.0243,1,0.415,1.0121,245,0
SPY190719P298,2019-07-17,2019-07-17 09:38:48,0.42,1.0243,929,0.41,1.0,425,0.42,1.0243,1,0.415,1.0121,245,0
SPY190719P298,2019-07-17,2019-07-17 09:38:49,0.42,1.0243,768,0.41,1.0,972,0.42,1.0243,1,0.415,1.0121,245,0
SPY190719P298,2019-07-17,2019-07-17 09:38:49,0.42,1.0243,775,0.41,1.0,1413,0.42,1.0243,1,0.415,1.0121,245,0
SPY190719P298,2019-07-17,2019-07-17 09:38:50,0.42,1.0243,768,0.41,1.0,624,0.42,1.0243,1,0.415,1.0121,245,0
SPY190719P298,2019-07-17,2019-07-17 09:38:50,0.42,1.0243,768,0.41,1.0,960,0.42,1.0243,1,0.415,1.0121,245,0
SPY190719P298,2019-07-17,2019-07-17 09:38:51,0.42,1.0243,768,0.41,1.0,603,0.42,1.0243,1,0.415,1.0121,245,0
SPY190719P298,2019-07-17,2019-07-17 09:38:51,0.42,1.0243,943,0.41,1.0,584,0.42,1.0243,1,0.415,1.0121,245,0
SPY190719P298,2019-07-17,2019-07-17 09:38:52,0.42,1.0243,899,0.41,1.0,257,0.42,1.0243,1,0.415,1.0121,245,0
SPY190719P298,2019-07-17,2019-07-17 09:38:53,0.42,1.0243,768,0.41,1.0,972,0.42,1.0243,1,0.415,1.0121,245,0
SPY190719P298,2019-07-17,2019-07-17 09:38:53,0.42,1.0243,768,0.41,1.0,682,0.42,1.0243,1,0.415,1.0121,245,0
SPY190719P298,2019-07-17,2019-07-17 09:38:54,0.42,1.0243,768,0.41,1.0,1186,0.42,1.0243,1,0.415,1.0121,245,0
SPY190719P298,2019-07-17,2019-07-17 09:38:54,0.42,1.0243,768,0.41,1.0,1493,0.42,1.0243,1,0.415,1.0121,245,0
SPY190719P298,2019-07-17,2019-07-17 09:38:55,0.42,1.0243,944,0.41,1.0,907,0.42,1.0243,1,0.415,1.0121,245,0
SPY190719P298,2019-07-17,2019-07-17 09:38:56,0.42,1.0243,768,0.41,1.0,1076,0.42,1.0243,1,0.415,1.0121,245,0
SPY190719P298,2019-07-17,2019-07-17 09:38:57,0.42,1.0243,768,0.41,1.0,1355,0.42,1.0243,1,0.415,1.0121,246,0
SPY190719P298,2019-07-17,2019-07-17 09:38:57,0.42,1.0243,768,0.41,1.0,1355,0.42,1.0243,1,0.415,1.0121,246,1
SPY190719P298,2019-07-17,2019-07-17 09:38:58,0.42,1.0243,183,0.41,1.0,1698,0.42,1.0243,1,0.415,1.0121,246,0
SPY190719P298,2019-07-17,2019-07-17 09:38:58,0.42,1.0243,768,0.41,1.0,1355,0.42,1.0243,1,0.415,1.0121,246,0
SPY190719P298,2019-07-17,2019-07-17 09:38:59,0.42,1.0243,698,0.41,1.0,1597,0.42,1.0243,1,0.415,1.0121,246,0
SPY190719P298,2019-07-17,2019-07-17 09:38:59,0.42,1.0243,183,0.41,1.0,1597,0.42,1.0243,1,0.415,1.0121,246,0
SPY190719P298,2019-07-17,2019-07-17 09:39:00,0.42,1.0243,698,0.41,1.0,1597,0.42,1.0243,1,0.415,1.0121,246,0
SPY190719P298,2019-07-17,2019-07-17 09:39:01,0.42,1.0243,1581,0.41,1.0,584,0.42,1.0243,1,0.415,1.0121,246,0
SPY190719P298,2019-07-17,2019-07-17 09:39:01,0.42,1.0243,1700,0.41,1.0,584,0.42,1.0243,1,0.415,1.0121,246,0
SPY190719P298,2019-07-17,2019-07-17 09:39:02,0.42,1.0243,986,0.41,1.0,584,0.42,1.0243,1,0.415,1.0121,246,0
SPY190719P298,2019-07-17,2019-07-17 09:39:02,0.42,1.0243,923,0.41,1.0,584,0.42,1.0243,1,0.415,1.0121,246,0
SPY190719P298,2019-07-17,2019-07-17 09:39:03,0.42,1.0243,1420,0.41,1.0,584,0.42,1.0243,1,0.415,1.0121,246,0
SPY190719P298,2019-07-17,2019-07-17 09:39:04,0.42,1.0243,1842,0.41,1.0,343,0.42,1.0243,1,0.415,1.0121,246,0
SPY190719P298,2019-07-17,2019-07-17 09:39:04,0.42,1.0243,2069,0.41,1.0,343,0.42,1.0243,1,0.415,1.0121,246,0
SPY190719P298,2019-07-17,2019-07-17 09:39:05,0.42,1.0243,2069,0.41,1.0,343,0.42,1.0243,1,0.415,1.0121,246,0
SPY190719P298,2019-07-17,2019-07-17 09:39:06,0.42,1.0243,684,0.41,1.0,1347,0.42,1.0243,1,0.415,1.0121,246,0
SPY190719P298,2019-07-17,2019-07-17 09:39:06,0.42,1.0243,684,0.41,1.0,1021,0.42,1.0243,1,0.415,1.0121,246,0
SPY190719P298,2019-07-17,2019-07-17 09:39:07,0.42,1.0243,684,0.41,1.0,1255,0.42,1.0243,1,0.415,1.0121,246,0
SPY190719P298,2019-07-17,2019-07-17 09:39:08,0.42,1.0243,718,0.41,1.0,1268,0.42,1.0243,1,0.415,1.0121,246,0
SPY190719P298,2019-07-17,2019-07-17 09:39:08,0.42,1.0243,718,0.41,1.0,1274,0.42,1.0243,1,0.415,1.0121,246,0
SPY190719P298,2019-07-17,2019-07-17 09:39:09,0.42,1.0243,684,0.41,1.0,1031,0.42,1.0243,1,0.415,1.0121,246,0
SPY190719P298,2019-07-17,2019-07-17 09:39:10,0.42,1.0243,1172,0.41,1.0,778,0.42,1.0243,1,0.415,1.0121,246,0
SPY190719P298,2019-07-17,2019-07-17 09:39:10,0.42,1.0243,684,0.41,1.0,1031,0.42,1.0243,1,0.415,1.0121,246,0
SPY190719P298,2019-07-17,2019-07-17 09:39:11,0.42,1.0243,753,0.41,1.0,832,0.42,1.0243,1,0.415,1.0121,246,0
SPY190719P298,2019-07-17,2019-07-17 09:39:11,0.42,1.0243,753,0.41,1.0,584,0.42,1.0243,1,0.415,1.0121,246,0
SPY190719P298,2019-07-17,2019-07-17 09:39:12,0.42,1.0243,1170,0.41,1.0,584,0.42,1.0243,1,0.415,1.0121,246,0
SPY190719P298,2019-07-17,2019-07-17 09:39:12,0.42,1.0243,560,0.41,1.0,1160,0.42,1.0243,1,0.415,1.0121,246,0
SPY190719P298,2019-07-17,2019-07-17 09:39:13,0.42,1.0243,1269,0.41,1.0,340,0.42,1.0243,1,0.415,1.0121,246,0
SPY190719P298,2019-07-17,2019-07-17 09:39:14,0.42,1.0243,1807,0.41,1.0,123,0.42,1.0243,1,0.415,1.0121,246,0
SPY190719P298,2019-07-17,2019-07-17 09:39:14,0.42,1.0243,1807,0.41,1.0,80,0.42,1.0243,1,0.415,1.0121,246,0
SPY190719P298,2019-07-17,2019-07-17 09:39:15,0.42,1.0243,1688,0.41,1.0,123,0.42,1.0243,1,0.415,1.0121,246,0
SPY190719P298,2019-07-17,2019-07-17 09:39:15,0.41,1.0,16,0.4,0.9756,1233,0.42,1.0243,1,0.405,0.9878,246,0
SPY190719P298,2019-07-17,2019-07-17 09:39:16,0.41,1.0,263,0.4,0.9756,1143,0.42,1.0243,1,0.405,0.9878,246,0
SPY190719P298,2019-07-17,2019-07-17 09:39:17,0.41,1.0,263,0.4,0.9756,1402,0.42,1.0243,1,0.405,0.9878,246,0
SPY190719P298,2019-07-17,2019-07-17 09:39:17,0.41,1.0,263,0.4,0.9756,1508,0.42,1.0243,1,0.405,0.9878,246,0
SPY190719P298,2019-07-17,2019-07-17 09:39:18,0.41,1.0,263,0.4,0.9756,2001,0.42,1.0243,1,0.405,0.9878,246,0
SPY190719P298,2019-07-17,2019-07-17 09:39:18,0.41,1.0,263,0.4,0.9756,1508,0.42,1.0243,1,0.405,0.9878,246,0
SPY190719P298,2019-07-17,2019-07-17 09:39:19,0.41,1.0,263,0.4,0.9756,1528,0.42,1.0243,1,0.405,0.9878,246,0
SPY190719P298,2019-07-17,2019-07-17 09:39:19,0.41,1.0,263,0.4,0.9756,1944,0.42,1.0243,1,0.405,0.9878,246,0
SPY190719P298,2019-07-17,2019-07-17 09:39:20,0.41,1.0,263,0.4,0.9756,1528,0.42,1.0243,1,0.405,0.9878,246,0
SPY190719P298,2019-07-17,2019-07-17 09:39:21,0.41,1.0,263,0.4,0.9756,1528,0.42,1.0243,1,0.405,0.9878,246,0
SPY190719P298,2019-07-17,2019-07-17 09:39:22,0.41,1.0,263,0.4,0.9756,1526,0.42,1.0243,1,0.405,0.9878,246,0
SPY190719P298,2019-07-17,2019-07-17 09:39:22,0.41,1.0,263,0.4,0.9756,958,0.42,1.0243,1,0.405,0.9878,246,0
SPY190719P298,2019-07-17,2019-07-17 09:39:23,0.41,1.0,687,0.4,0.9756,1264,0.41,1.0,5,0.405,0.9878,251,5
SPY190719P298,2019-07-17,2019-07-17 09:39:23,0.41,1.0,687,0.4,0.9756,1264,0.41,1.0,5,0.405,0.9878,251,0
SPY190719P298,2019-07-17,2019-07-17 09:39:24,0.41,1.0,687,0.4,0.9756,1264,0.41,1.0,5,0.405,0.9878,251,0
SPY190719P298,2019-07-17,2019-07-17 09:39:24,0.41,1.0,687,0.4,0.9756,1290,0.41,1.0,5,0.405,0.9878,251,0
SPY190719P298,2019-07-17,2019-07-17 09:39:25,0.41,1.0,716,0.4,0.9756,1290,0.41,1.0,5,0.405,0.9878,251,0
SPY190719P298,2019-07-17,2019-07-17 09:39:26,0.41,1.0,716,0.4,0.9756,1290,0.41,1.0,5,0.405,0.9878,251,0
SPY190719P298,2019-07-17,2019-07-17 09:39:27,0.41,1.0,716,0.4,0.9756,1951,0.41,1.0,5,0.405,0.9878,251,0
SPY190719P298,2019-07-17,2019-07-17 09:39:27,0.41,1.0,716,0.4,0.9756,1487,0.41,1.0,5,0.405,0.9878,251,0
SPY190719P298,2019-07-17,2019-07-17 09:39:28,0.41,1.0,716,0.4,0.9756,2198,0.41,1.0,5,0.405,0.9878,251,0
SPY190719P298,2019-07-17,2019-07-17 09:39:29,0.41,1.0,716,0.4,0.9756,2198,0.41,1.0,5,0.405,0.9878,251,0
SPY190719P298,2019-07-17,2019-07-17 09:39:30,0.41,1.0,716,0.4,0.9756,2185,0.41,1.0,5,0.405,0.9878,251,0
SPY190719P298,2019-07-17,2019-07-17 09:39:30,0.41,1.0,716,0.4,0.9756,2186,0.41,1.0,5,0.405,0.9878,251,0
SPY190719P298,2019-07-17,2019-07-17 09:39:31,0.41,1.0,716,0.4,0.9756,1719,0.41,1.0,5,0.405,0.9878,251,0
SPY190719P298,2019-07-17,2019-07-17 09:39:31,0.41,1.0,716,0.4,0.9756,1803,0.41,1.0,5,0.405,0.9878,251,0
SPY190719P298,2019-07-17,2019-07-17 09:39:32,0.41,1.0,242,0.4,0.9756,2208,0.41,1.0,5,0.405,0.9878,251,0
SPY190719P298,2019-07-17,2019-07-17 09:39:33,0.41,1.0,242,0.4,0.9756,2208,0.41,1.0,5,0.405,0.9878,251,0
SPY190719P298,2019-07-17,2019-07-17 09:39:34,0.41,1.0,677,0.4,0.9756,1814,0.41,1.0,1,0.405,0.9878,252,0
SPY190719P298,2019-07-17,2019-07-17 09:39:34,0.41,1.0,677,0.4,0.9756,2208,0.41,1.0,1,0.405,0.9878,252,1
SPY190719P298,2019-07-17,2019-07-17 09:39:35,0.41,1.0,677,0.4,0.9756,2169,0.41,1.0,1,0.405,0.9878,252,0
SPY190719P298,2019-07-17,2019-07-17 09:39:36,0.41,1.0,717,0.4,0.9756,387,0.41,1.0,1,0.405,0.9878,252,0
SPY190719P298,2019-07-17,2019-07-17 09:39:36,0.41,1.0,1630,0.4,0.9756,387,0.41,1.0,1,0.405,0.9878,252,0
SPY190719P298,2019-07-17,2019-07-17 09:39:37,0.41,1.0,1693,0.4,0.9756,246,0.41,1.0,1,0.405,0.9878,252,0
SPY190719P298,2019-07-17,2019-07-17 09:39:38,0.4,0.9756,5,0.39,0.9512,2092,0.41,1.0,1,0.395,0.9634,252,0
SPY190719P298,2019-07-17,2019-07-17 09:39:38,0.4,0.9756,5,0.39,0.9512,3356,0.41,1.0,1,0.395,0.9634,252,0
SPY190719P298,2019-07-17,2019-07-17 09:39:39,0.4,0.9756,5,0.39,0.9512,3356,0.41,1.0,1,0.395,0.9634,252,0
SPY190719P298,2019-07-17,2019-07-17 09:39:39,0.4,0.9756,5,0.39,0.9512,2246,0.41,1.0,1,0.395,0.9634,252,0
SPY190719P298,2019-07-17,2019-07-17 09:39:40,0.4,0.9756,5,0.39,0.9512,2045,0.41,1.0,1,0.395,0.9634,252,0
SPY190719P298,2019-07-17,2019-07-17 09:39:40,0.4,0.9756,5,0.39,0.9512,2626,0.41,1.0,1,0.395,0.9634,252,0
SPY190719P298,2019-07-17,2019-07-17 09:39:41,0.4,0.9756,276,0.39,0.9512,1327,0.41,1.0,1,0.395,0.9634,252,0
SPY190719P298,2019-07-17,2019-07-17 09:39:41,0.4,0.9756,276,0.39,0.9512,940,0.41,1.0,1,0.395,0.9634,252,0
SPY190719P298,2019-07-17,2019-07-17 09:39:42,0.4,0.9756,288,0.39,0.9512,886,0.41,1.0,1,0.395,0.9634,252,0
SPY190719P298,2019-07-17,2019-07-17 09:39:43,0.4,0.9756,1195,0.39,0.9512,321,0.41,1.0,1,0.395,0.9634,252,0
SPY190719P298,2019-07-17,2019-07-17 09:39:43,0.4,0.9756,359,0.39,0.9512,327,0.41,1.0,1,0.395,0.9634,252,0
SPY190719P298,2019-07-17,2019-07-17 09:39:44,0.4,0.9756,1257,0.39,0.9512,321,0.41,1.0,1,0.395,0.9634,252,0
SPY190719P298,2019-07-17,2019-07-17 09:39:44,0.4,0.9756,1315,0.39,0.9512,321,0.41,1.0,1,0.395,0.9634,252,0
SPY190719P298,2019-07-17,2019-07-17 09:39:45,0.4,0.9756,2440,0.39,0.9512,321,0.41,1.0,1,0.395,0.9634,252,0
SPY190719P298,2019-07-17,2019-07-17 09:39:46,0.4,0.9756,2029,0.39,0.9512,192,0.41,1.0,1,0.395,0.9634,252,0
SPY190719P298,2019-07-17,2019-07-17 09:39:46,0.4,0.9756,2029,0.39,0.9512,230,0.41,1.0,1,0.395,0.9634,252,0
SPY190719P298,2019-07-17,2019-07-17 09:39:47,0.4,0.9756,2029,0.39,0.9512,240,0.41,1.0,1,0.395,0.9634,252,0
SPY190719P298,2019-07-17,2019-07-17 09:39:47,0.4,0.9756,2029,0.39,0.9512,230,0.41,1.0,1,0.395,0.9634,252,0
SPY190719P298,2019-07-17,2019-07-17 09:39:48,0.4,0.9756,1590,0.39,0.9512,264,0.41,1.0,1,0.395,0.9634,252,0
SPY190719P298,2019-07-17,2019-07-17 09:39:48,0.4,0.9756,1121,0.38,0.9268,830,0.41,1.0,1,0.39,0.9512,252,0
SPY190719P298,2019-07-17,2019-07-17 09:39:49,0.39,0.9512,281,0.38,0.9268,1968,0.41,1.0,1,0.385,0.939,252,0
SPY190719P298,2019-07-17,2019-07-17 09:39:50,0.39,0.9512,281,0.38,0.9268,1968,0.41,1.0,1,0.385,0.939,252,0
SPY190719P298,2019-07-17,2019-07-17 09:39:50,0.39,0.9512,361,0.38,0.9268,2041,0.41,1.0,1,0.385,0.939,252,0
SPY190719P298,2019-07-17,2019-07-17 09:39:51,0.39,0.9512,361,0.38,0.9268,2105,0.41,1.0,1,0.385,0.939,252,0
SPY190719P298,2019-07-17,2019-07-17 09:39:51,0.4,0.9756,69,0.38,0.9268,2678,0.41,1.0,1,0.39,0.9512,252,0
SPY190719P298,2019-07-17,2019-07-17 09:39:52,0.4,0.9756,1744,0.39,0.9512,355,0.41,1.0,1,0.395,0.9634,252,0
SPY190719P298,2019-07-17,2019-07-17 09:39:53,0.4,0.9756,1744,0.39,0.9512,355,0.41,1.0,1,0.395,0.9634,252,0
SPY190719P298,2019-07-17,2019-07-17 09:39:53,0.4,0.9756,1925,0.39,0.9512,355,0.41,1.0,1,0.395,0.9634,252,0
SPY190719P298,2019-07-17,2019-07-17 09:39:54,0.4,0.9756,1925,0.39,0.9512,355,0.41,1.0,1,0.395,0.9634,252,0
SPY190719P298,2019-07-17,2019-07-17 09:39:55,0.4,0.9756,1925,0.39,0.9512,325,0.41,1.0,1,0.395,0.9634,252,0
SPY190719P298,2019-07-17,2019-07-17 09:39:56,0.4,0.9756,1738,0.39,0.9512,370,0.41,1.0,1,0.395,0.9634,252,0
SPY190719P298,2019-07-17,2019-07-17 09:39:56,0.4,0.9756,1857,0.39,0.9512,370,0.41,1.0,1,0.395,0.9634,252,0
SPY190719P298,2019-07-17,2019-07-17 09:39:57,0.4,0.9756,889,0.39,0.9512,318,0.41,1.0,1,0.395,0.9634,252,0
SPY190719P298,2019-07-17,2019-07-17 09:39:57,0.4,0.9756,100,0.39,0.9512,1032,0.41,1.0,1,0.395,0.9634,252,0
SPY190719P298,2019-07-17,2019-07-17 09:39:58,0.41,1.0,906,0.39,0.9512,2967,0.41,1.0,1,0.4,0.9756,252,0
SPY190719P298,2019-07-17,2019-07-17 09:39:58,0.4,0.9756,142,0.39,0.9512,2551,0.41,1.0,1,0.395,0.9634,252,0
SPY190719P298,2019-07-17,2019-07-17 09:39:59,0.41,1.0,69,0.39,0.9512,2967,0.41,1.0,1,0.4,0.9756,252,0
SPY190719P298,2019-07-17,2019-07-17 09:40:00,0.42,1.0243,2299,0.41,1.0,5,0.41,1.0,1,0.415,1.0121,252,0
SPY190719P298,2019-07-17,2019-07-17 09:40:00,0.42,1.0243,2455,0.41,1.0,5,0.41,1.0,1,0.415,1.0121,252,0
SPY190719P298,2019-07-17,2019-07-17 09:40:01,0.42,1.0243,2581,0.4,0.9756,378,0.41,1.0,1,0.41,1.0,252,0
SPY190719P298,2019-07-17,2019-07-17 09:40:01,0.42,1.0243,2299,0.41,1.0,257,0.41,1.0,1,0.415,1.0121,252,0
SPY190719P298,2019-07-17,2019-07-17 09:40:02,0.41,1.0,90,0.4,0.9756,1302,0.41,1.0,1,0.405,0.9878,252,0
SPY190719P298,2019-07-17,2019-07-17 09:40:02,0.42,1.0243,2581,0.4,0.9756,1185,0.41,1.0,1,0.41,1.0,252,0
SPY190719P298,2019-07-17,2019-07-17 09:40:03,0.41,1.0,90,0.4,0.9756,1302,0.41,1.0,1,0.405,0.9878,252,0
SPY190719P298,2019-07-17,2019-07-17 09:40:03,0.41,1.0,3207,0.39,0.9512,1711,0.41,1.0,1,0.4,0.9756,252,0
SPY190719P298,2019-07-17,2019-07-17 09:40:04,0.41,1.0,3327,0.39,0.9512,1565,0.41,1.0,1,0.4,0.9756,252,0
SPY190719P298,2019-07-17,2019-07-17 09:40:05,0.41,1.0,3297,0.39,0.9512,1565,0.41,1.0,1,0.4,0.9756,252,0
SPY190719P298,2019-07-17,2019-07-17 09:40:05,0.41,1.0,3327,0.39,0.9512,1565,0.41,1.0,1,0.4,0.9756,252,0
SPY190719P298,2019-07-17,2019-07-17 09:40:06,0.4,0.9756,1025,0.39,0.9512,790,0.41,1.0,1,0.395,0.9634,252,0
SPY190719P298,2019-07-17,2019-07-17 09:40:06,0.41,1.0,3297,0.39,0.9512,1495,0.41,1.0,1,0.4,0.9756,252,0
SPY190719P298,2019-07-17,2019-07-17 09:40:07,0.4,0.9756,2943,0.38,0.9268,2421,0.41,1.0,1,0.39,0.9512,252,0
SPY190719P298,2019-07-17,2019-07-17 09:40:08,0.39,0.9512,5,0.38,0.9268,2313,0.41,1.0,1,0.385,0.939,252,0
SPY190719P298,2019-07-17,2019-07-17 09:40:08,0.39,0.9512,5,0.38,0.9268,2421,0.41,1.0,1,0.385,0.939,252,0
SPY190719P298,2019-07-17,2019-07-17 09:40:09,0.39,0.9512,100,0.38,0.9268,2342,0.41,1.0,1,0.385,0.939,252,0
SPY190719P298,2019-07-17,2019-07-17 09:40:09,0.39,0.9512,100,0.38,0.9268,1906,0.41,1.0,1,0.385,0.939,252,0
SPY190719P298,2019-07-17,2019-07-17 09:40:10,0.4,0.9756,1789,0.39,0.9512,262,0.41,1.0,1,0.395,0.9634,252,0
SPY190719P298,2019-07-17,2019-07-17 09:40:10,0.4,0.9756,2135,0.38,0.9268,1497,0.41,1.0,1,0.39,0.9512,252,0
SPY190719P298,2019-07-17,2019-07-17 09:40:11,0.4,0.9756,1789,0.39,0.9512,262,0.41,1.0,1,0.395,0.9634,252,0
SPY190719P298,2019-07-17,2019-07-17 09:40:12,0.4,0.9756,1789,0.39,0.9512,262,0.41,1.0,1,0.395,0.9634,252,0
SPY190719P298,2019-07-17,2019-07-17 09:40:12,0.4,0.9756,1789,0.39,0.9512,283,0.41,1.0,1,0.395,0.9634,252,0
SPY190719P298,2019-07-17,2019-07-17 09:40:13,0.4,0.9756,1789,0.39,0.9512,283,0.39,0.9512,1,0.395,0.9634,253,1
SPY190719P298,2019-07-17,2019-07-17 09:40:13,0.4,0.9756,2177,0.39,0.9512,283,0.39,0.9512,1,0.395,0.9634,253,0
SPY190719P298,2019-07-17,2019-07-17 09:40:14,0.4,0.9756,1910,0.39,0.9512,152,0.39,0.9512,1,0.395,0.9634,253,0
SPY190719P298,2019-07-17,2019-07-17 09:40:15,0.4,0.9756,2177,0.39,0.9512,257,0.39,0.9512,8,0.395,0.9634,261,0
SPY190719P298,2019-07-17,2019-07-17 09:40:15,0.4,0.9756,2177,0.39,0.9512,265,0.39,0.9512,8,0.395,0.9634,261,8
SPY190719P298,2019-07-17,2019-07-17 09:40:16,0.4,0.9756,2177,0.39,0.9512,248,0.39,0.9512,8,0.395,0.9634,261,0
SPY190719P298,2019-07-17,2019-07-17 09:40:16,0.4,0.9756,2177,0.39,0.9512,254,0.39,0.9512,8,0.395,0.9634,261,0
SPY190719P298,2019-07-17,2019-07-17 09:40:17,0.4,0.9756,2177,0.39,0.9512,248,0.39,0.9512,8,0.395,0.9634,261,0
SPY190719P298,2019-07-17,2019-07-17 09:40:17,0.4,0.9756,2177,0.39,0.9512,247,0.39,0.9512,1,0.395,0.9634,262,1
SPY190719P298,2019-07-17,2019-07-17 09:40:18,0.4,0.9756,2177,0.39,0.9512,243,0.39,0.9512,1,0.395,0.9634,262,0
SPY190719P298,2019-07-17,2019-07-17 09:40:19,0.4,0.9756,3411,0.39,0.9512,15,0.39,0.9512,1,0.395,0.9634,262,0
SPY190719P298,2019-07-17,2019-07-17 09:40:19,0.4,0.9756,3954,0.39,0.9512,15,0.39,0.9512,1,0.395,0.9634,262,0
SPY190719P298,2019-07-17,2019-07-17 09:40:20,0.4,0.9756,3953,0.39,0.9512,15,0.39,0.9512,1,0.395,0.9634,262,0
SPY190719P298,2019-07-17,2019-07-17 09:40:20,0.4,0.9756,4006,0.39,0.9512,15,0.39,0.9512,1,0.395,0.9634,262,0
SPY190719P298,2019-07-17,2019-07-17 09:40:21,0.4,0.9756,4014,0.39,0.9512,15,0.39,0.9512,1,0.395,0.9634,262,0
SPY190719P298,2019-07-17,2019-07-17 09:40:22,0.4,0.9756,4195,0.39,0.9512,15,0.39,0.9512,1,0.395,0.9634,262,0
SPY190719P298,2019-07-17,2019-07-17 09:40:23,0.4,0.9756,3780,0.39,0.9512,15,0.39,0.9512,5,0.395,0.9634,267,0
SPY190719P298,2019-07-17,2019-07-17 09:40:23,0.4,0.9756,4195,0.39,0.9512,15,0.39,0.9512,5,0.395,0.9634,267,5
SPY190719P298,2019-07-17,2019-07-17 09:40:24,0.4,0.9756,4198,0.39,0.9512,15,0.39,0.9512,5,0.395,0.9634,267,0
SPY190719P298,2019-07-17,2019-07-17 09:40:25,0.39,0.9512,1747,0.38,0.9268,253,0.39,0.9512,15,0.385,0.939,282,0
SPY190719P298,2019-07-17,2019-07-17 09:40:25,0.39,0.9512,1029,0.38,0.9268,253,0.39,0.9512,15,0.385,0.939,282,15
SPY190719P298,2019-07-17,2019-07-17 09:40:26,0.39,0.9512,1747,0.38,0.9268,253,0.39,0.9512,15,0.385,0.939,282,0
SPY190719P298,2019-07-17,2019-07-17 09:40:26,0.39,0.9512,2134,0.38,0.9268,253,0.39,0.9512,15,0.385,0.939,282,0
SPY190719P298,2019-07-17,2019-07-17 09:40:27,0.39,0.9512,2134,0.38,0.9268,253,0.39,0.9512,15,0.385,0.939,282,0
SPY190719P298,2019-07-17,2019-07-17 09:40:28,0.39,0.9512,2134,0.38,0.9268,253,0.39,0.9512,15,0.385,0.939,282,0
SPY190719P298,2019-07-17,2019-07-17 09:40:29,0.39,0.9512,2556,0.38,0.9268,253,0.39,0.9512,15,0.385,0.939,282,0
SPY190719P298,2019-07-17,2019-07-17 09:40:30,0.39,0.9512,2556,0.38,0.9268,173,0.39,0.9512,15,0.385,0.939,282,0
SPY190719P298,2019-07-17,2019-07-17 09:40:31,0.39,0.9512,2972,0.38,0.9268,173,0.39,0.9512,15,0.385,0.939,282,0
SPY190719P298,2019-07-17,2019-07-17 09:40:32,0.39,0.9512,3195,0.38,0.9268,173,0.39,0.9512,15,0.385,0.939,282,0
SPY190719P298,2019-07-17,2019-07-17 09:40:33,0.39,0.9512,3266,0.38,0.9268,173,0.39,0.9512,15,0.385,0.939,282,0
SPY190719P298,2019-07-17,2019-07-17 09:40:34,0.38,0.9268,342,0.37,0.9024,1606,0.39,0.9512,15,0.375,0.9146,282,0
