symbol,Date,quote_time,ask_price,norm_ask_price,ask_size,bid_price,norm_bid_price,bid_size,last_trade_price,norm_last_trade_price,last_trade_size,mark_price,norm_mark_price,volume,Volume
SPY190522P283,2019-05-20,2019-05-20 09:32:13,1.55,1.0,184,1.51,0.9741,241,1.52,0.9806,49,1.53,0.987,194,194
SPY190522P283,2019-05-20,2019-05-20 09:32:14,1.53,0.987,48,1.51,0.9741,34,1.52,0.9806,49,1.52,0.9806,194,0
SPY190522P283,2019-05-20,2019-05-20 09:32:15,1.52,0.9806,47,1.5,0.9677,447,1.52,0.9806,49,1.51,0.9741,194,0
SPY190522P283,2019-05-20,2019-05-20 09:32:16,1.53,0.987,50,1.51,0.9741,98,1.52,0.9806,49,1.52,0.9806,194,0
SPY190522P283,2019-05-20,2019-05-20 09:32:17,1.54,0.9935,101,1.5,0.9677,622,1.52,0.9806,49,1.52,0.9806,194,0
SPY190522P283,2019-05-20,2019-05-20 09:32:18,1.54,0.9935,248,1.5,0.9677,358,1.52,0.9806,49,1.52,0.9806,194,0
SPY190522P283,2019-05-20,2019-05-20 09:32:19,1.54,0.9935,202,1.5,0.9677,551,1.52,0.9806,49,1.52,0.9806,194,0
SPY190522P283,2019-05-20,2019-05-20 09:32:20,1.54,0.9935,688,1.51,0.9741,98,1.52,0.9806,49,1.525,0.9838,194,0
SPY190522P283,2019-05-20,2019-05-20 09:32:21,1.54,0.9935,6,1.51,0.9741,202,1.52,0.9806,49,1.525,0.9838,194,0
SPY190522P283,2019-05-20,2019-05-20 09:32:22,1.54,0.9935,100,1.5,0.9677,56,1.52,0.9806,49,1.52,0.9806,194,0
SPY190522P283,2019-05-20,2019-05-20 09:32:23,1.54,0.9935,248,1.5,0.9677,101,1.52,0.9806,49,1.52,0.9806,194,0
SPY190522P283,2019-05-20,2019-05-20 09:32:24,1.54,0.9935,203,1.52,0.9806,20,1.52,0.9806,49,1.53,0.987,194,0
SPY190522P283,2019-05-20,2019-05-20 09:32:25,1.54,0.9935,503,1.52,0.9806,18,1.52,0.9806,1,1.53,0.987,196,2
SPY190522P283,2019-05-20,2019-05-20 09:32:26,1.54,0.9935,151,1.52,0.9806,40,1.52,0.9806,1,1.53,0.987,196,0
SPY190522P283,2019-05-20,2019-05-20 09:32:27,1.54,0.9935,101,1.52,0.9806,51,1.54,0.9935,3,1.53,0.987,199,3
SPY190522P283,2019-05-20,2019-05-20 09:32:28,1.54,0.9935,152,1.52,0.9806,51,1.54,0.9935,3,1.53,0.987,199,0
SPY190522P283,2019-05-20,2019-05-20 09:32:28,1.54,0.9935,150,1.52,0.9806,51,1.54,0.9935,3,1.53,0.987,199,0
SPY190522P283,2019-05-20,2019-05-20 09:32:29,1.54,0.9935,189,1.52,0.9806,51,1.54,0.9935,3,1.53,0.987,199,0
SPY190522P283,2019-05-20,2019-05-20 09:32:31,1.54,0.9935,124,1.52,0.9806,18,1.54,0.9935,3,1.53,0.987,199,0
SPY190522P283,2019-05-20,2019-05-20 09:32:31,1.54,0.9935,187,1.52,0.9806,18,1.54,0.9935,3,1.53,0.987,199,0
SPY190522P283,2019-05-20,2019-05-20 09:32:32,1.53,0.987,503,1.49,0.9612,475,1.52,0.9806,18,1.51,0.9741,217,18
SPY190522P283,2019-05-20,2019-05-20 09:32:34,1.53,0.987,396,1.49,0.9612,475,1.52,0.9806,18,1.51,0.9741,217,0
SPY190522P283,2019-05-20,2019-05-20 09:32:35,1.52,0.9806,227,1.48,0.9548,255,1.52,0.9806,18,1.5,0.9677,217,0
SPY190522P283,2019-05-20,2019-05-20 09:32:36,1.52,0.9806,622,1.48,0.9548,60,1.48,0.9548,125,1.5,0.9677,467,250
SPY190522P283,2019-05-20,2019-05-20 09:32:37,1.52,0.9806,600,1.48,0.9548,553,1.48,0.9548,125,1.5,0.9677,467,0
SPY190522P283,2019-05-20,2019-05-20 09:32:38,1.51,0.9741,103,1.48,0.9548,158,1.48,0.9548,125,1.495,0.9645,467,0
SPY190522P283,2019-05-20,2019-05-20 09:32:40,1.52,0.9806,86,1.49,0.9612,469,1.48,0.9548,125,1.505,0.9709,467,0
SPY190522P283,2019-05-20,2019-05-20 09:32:41,1.52,0.9806,150,1.49,0.9612,386,1.48,0.9548,125,1.505,0.9709,467,0
SPY190522P283,2019-05-20,2019-05-20 09:32:42,1.53,0.987,81,1.5,0.9677,483,1.48,0.9548,125,1.515,0.9774,467,0
SPY190522P283,2019-05-20,2019-05-20 09:32:43,1.53,0.987,81,1.51,0.9741,50,1.52,0.9806,30,1.52,0.9806,497,30
SPY190522P283,2019-05-20,2019-05-20 09:32:44,1.53,0.987,175,1.5,0.9677,260,1.52,0.9806,30,1.515,0.9774,497,0
SPY190522P283,2019-05-20,2019-05-20 09:32:45,1.53,0.987,121,1.51,0.9741,80,1.52,0.9806,30,1.52,0.9806,497,0
SPY190522P283,2019-05-20,2019-05-20 09:32:46,1.53,0.987,121,1.51,0.9741,80,1.52,0.9806,30,1.52,0.9806,497,0
SPY190522P283,2019-05-20,2019-05-20 09:32:47,1.53,0.987,6,1.52,0.9806,50,1.52,0.9806,30,1.525,0.9838,497,0
SPY190522P283,2019-05-20,2019-05-20 09:32:48,1.53,0.987,56,1.51,0.9741,125,1.52,0.9806,30,1.52,0.9806,497,0
SPY190522P283,2019-05-20,2019-05-20 09:32:49,1.53,0.987,16,1.51,0.9741,125,1.51,0.9741,2,1.52,0.9806,499,2
SPY190522P283,2019-05-20,2019-05-20 09:32:50,1.53,0.987,150,1.5,0.9677,100,1.51,0.9741,1,1.515,0.9774,500,1
SPY190522P283,2019-05-20,2019-05-20 09:32:51,1.53,0.987,151,1.5,0.9677,131,1.51,0.9741,1,1.515,0.9774,500,0
SPY190522P283,2019-05-20,2019-05-20 09:32:52,1.53,0.987,227,1.49,0.9612,367,1.51,0.9741,1,1.51,0.9741,500,0
SPY190522P283,2019-05-20,2019-05-20 09:32:53,1.53,0.987,551,1.49,0.9612,344,1.51,0.9741,1,1.51,0.9741,500,0
SPY190522P283,2019-05-20,2019-05-20 09:32:54,1.51,0.9741,469,1.47,0.9483,503,1.49,0.9612,6,1.49,0.9612,511,11
SPY190522P283,2019-05-20,2019-05-20 09:32:55,1.51,0.9741,167,1.48,0.9548,147,1.49,0.9612,6,1.495,0.9645,511,0
SPY190522P283,2019-05-20,2019-05-20 09:32:56,1.51,0.9741,150,1.48,0.9548,335,1.49,0.9612,6,1.495,0.9645,511,0
SPY190522P283,2019-05-20,2019-05-20 09:32:57,1.52,0.9806,239,1.48,0.9548,92,1.49,0.9612,6,1.5,0.9677,511,0
SPY190522P283,2019-05-20,2019-05-20 09:32:58,1.52,0.9806,61,1.49,0.9612,50,1.49,0.9612,6,1.505,0.9709,511,0
SPY190522P283,2019-05-20,2019-05-20 09:32:59,1.52,0.9806,203,1.49,0.9612,50,1.49,0.9612,6,1.505,0.9709,511,0
SPY190522P283,2019-05-20,2019-05-20 09:33:00,1.52,0.9806,264,1.48,0.9548,167,1.49,0.9612,6,1.5,0.9677,511,0
SPY190522P283,2019-05-20,2019-05-20 09:33:01,1.51,0.9741,100,1.46,0.9419,55,1.49,0.9612,6,1.485,0.958,511,0
SPY190522P283,2019-05-20,2019-05-20 09:33:02,1.51,0.9741,100,1.48,0.9548,100,1.49,0.9612,6,1.495,0.9645,511,0
SPY190522P283,2019-05-20,2019-05-20 09:33:03,1.51,0.9741,100,1.48,0.9548,436,1.49,0.9612,6,1.495,0.9645,511,0
SPY190522P283,2019-05-20,2019-05-20 09:33:04,1.52,0.9806,103,1.49,0.9612,165,1.49,0.9612,6,1.505,0.9709,511,0
SPY190522P283,2019-05-20,2019-05-20 09:33:05,1.52,0.9806,151,1.49,0.9612,503,1.49,0.9612,6,1.505,0.9709,511,0
SPY190522P283,2019-05-20,2019-05-20 09:33:06,1.52,0.9806,150,1.49,0.9612,503,1.49,0.9612,6,1.505,0.9709,511,0
SPY190522P283,2019-05-20,2019-05-20 09:33:07,1.52,0.9806,101,1.49,0.9612,503,1.49,0.9612,6,1.505,0.9709,511,0
SPY190522P283,2019-05-20,2019-05-20 09:33:08,1.52,0.9806,150,1.49,0.9612,101,1.49,0.9612,6,1.505,0.9709,511,0
SPY190522P283,2019-05-20,2019-05-20 09:33:09,1.52,0.9806,50,1.5,0.9677,432,1.51,0.9741,40,1.51,0.9741,551,40
SPY190522P283,2019-05-20,2019-05-20 09:33:10,1.53,0.987,110,1.5,0.9677,360,1.51,0.9741,40,1.515,0.9774,551,0
SPY190522P283,2019-05-20,2019-05-20 09:33:11,1.53,0.987,154,1.5,0.9677,101,1.51,0.9741,40,1.515,0.9774,551,0
SPY190522P283,2019-05-20,2019-05-20 09:33:12,1.53,0.987,154,1.5,0.9677,498,1.51,0.9741,40,1.515,0.9774,551,0
SPY190522P283,2019-05-20,2019-05-20 09:33:14,1.53,0.987,150,1.5,0.9677,194,1.51,0.9741,40,1.515,0.9774,551,0
SPY190522P283,2019-05-20,2019-05-20 09:33:15,1.52,0.9806,228,1.49,0.9612,15,1.51,0.9741,40,1.505,0.9709,551,0
SPY190522P283,2019-05-20,2019-05-20 09:33:16,1.52,0.9806,37,1.49,0.9612,224,1.51,0.9741,40,1.505,0.9709,551,0
SPY190522P283,2019-05-20,2019-05-20 09:33:17,1.52,0.9806,50,1.5,0.9677,503,1.51,0.9741,40,1.51,0.9741,551,0
SPY190522P283,2019-05-20,2019-05-20 09:33:18,1.52,0.9806,12,1.5,0.9677,503,1.51,0.9741,40,1.51,0.9741,551,0
SPY190522P283,2019-05-20,2019-05-20 09:33:19,1.52,0.9806,211,1.49,0.9612,97,1.51,0.9741,40,1.505,0.9709,551,0
SPY190522P283,2019-05-20,2019-05-20 09:33:20,1.52,0.9806,167,1.49,0.9612,576,1.51,0.9741,40,1.505,0.9709,551,0
SPY190522P283,2019-05-20,2019-05-20 09:33:20,1.52,0.9806,167,1.49,0.9612,827,1.51,0.9741,40,1.505,0.9709,551,0
SPY190522P283,2019-05-20,2019-05-20 09:33:21,1.52,0.9806,211,1.49,0.9612,72,1.51,0.9741,40,1.505,0.9709,551,0
SPY190522P283,2019-05-20,2019-05-20 09:33:22,1.52,0.9806,185,1.49,0.9612,50,1.51,0.9741,40,1.505,0.9709,551,0
SPY190522P283,2019-05-20,2019-05-20 09:33:23,1.52,0.9806,700,1.48,0.9548,386,1.51,0.9741,40,1.5,0.9677,551,0
SPY190522P283,2019-05-20,2019-05-20 09:33:24,1.52,0.9806,764,1.47,0.9483,13,1.51,0.9741,40,1.495,0.9645,551,0
SPY190522P283,2019-05-20,2019-05-20 09:33:25,1.5,0.9677,229,1.47,0.9483,100,1.51,0.9741,40,1.485,0.958,551,0
SPY190522P283,2019-05-20,2019-05-20 09:33:26,1.49,0.9612,271,1.45,0.9354,679,1.51,0.9741,40,1.47,0.9483,551,0
SPY190522P283,2019-05-20,2019-05-20 09:33:28,1.49,0.9612,50,1.47,0.9483,110,1.51,0.9741,40,1.48,0.9548,551,0
SPY190522P283,2019-05-20,2019-05-20 09:33:28,1.49,0.9612,50,1.47,0.9483,76,1.51,0.9741,40,1.48,0.9548,551,0
SPY190522P283,2019-05-20,2019-05-20 09:33:30,1.49,0.9612,165,1.46,0.9419,454,1.51,0.9741,40,1.475,0.9516,551,0
SPY190522P283,2019-05-20,2019-05-20 09:33:31,1.5,0.9677,50,1.47,0.9483,100,1.51,0.9741,40,1.485,0.958,551,0
SPY190522P283,2019-05-20,2019-05-20 09:33:32,1.51,0.9741,215,1.48,0.9548,100,1.51,0.9741,40,1.495,0.9645,551,0
SPY190522P283,2019-05-20,2019-05-20 09:33:33,1.51,0.9741,222,1.46,0.9419,69,1.51,0.9741,40,1.485,0.958,551,0
SPY190522P283,2019-05-20,2019-05-20 09:33:34,1.5,0.9677,797,1.46,0.9419,248,1.51,0.9741,40,1.48,0.9548,551,0
SPY190522P283,2019-05-20,2019-05-20 09:33:35,1.48,0.9548,1,1.45,0.9354,503,1.48,0.9548,1,1.465,0.9451,552,1
SPY190522P283,2019-05-20,2019-05-20 09:33:36,1.48,0.9548,470,1.44,0.929,406,1.48,0.9548,1,1.46,0.9419,552,0
SPY190522P283,2019-05-20,2019-05-20 09:33:38,1.47,0.9483,153,1.44,0.929,736,1.48,0.9548,1,1.455,0.9387,552,0
SPY190522P283,2019-05-20,2019-05-20 09:33:39,1.47,0.9483,79,1.45,0.9354,101,1.47,0.9483,1,1.46,0.9419,553,1
SPY190522P283,2019-05-20,2019-05-20 09:33:40,1.5,0.9677,6,1.46,0.9419,282,1.46,0.9419,15,1.48,0.9548,568,15
SPY190522P283,2019-05-20,2019-05-20 09:33:41,1.5,0.9677,104,1.48,0.9548,100,1.46,0.9419,15,1.49,0.9612,568,0
SPY190522P283,2019-05-20,2019-05-20 09:33:42,1.5,0.9677,154,1.47,0.9483,92,1.46,0.9419,15,1.485,0.958,568,0
SPY190522P283,2019-05-20,2019-05-20 09:33:43,1.5,0.9677,135,1.47,0.9483,469,1.46,0.9419,15,1.485,0.958,568,0
SPY190522P283,2019-05-20,2019-05-20 09:33:44,1.49,0.9612,100,1.46,0.9419,360,1.46,0.9419,15,1.475,0.9516,568,0
SPY190522P283,2019-05-20,2019-05-20 09:33:45,1.49,0.9612,90,1.47,0.9483,100,1.47,0.9483,30,1.48,0.9548,598,30
SPY190522P283,2019-05-20,2019-05-20 09:33:46,1.48,0.9548,129,1.46,0.9419,1,1.47,0.9483,30,1.47,0.9483,598,0
SPY190522P283,2019-05-20,2019-05-20 09:33:47,1.48,0.9548,79,1.46,0.9419,50,1.47,0.9483,30,1.47,0.9483,598,0
SPY190522P283,2019-05-20,2019-05-20 09:33:48,1.48,0.9548,136,1.46,0.9419,1,1.47,0.9483,30,1.47,0.9483,598,0
SPY190522P283,2019-05-20,2019-05-20 09:33:49,1.48,0.9548,29,1.46,0.9419,1,1.47,0.9483,30,1.47,0.9483,598,0
SPY190522P283,2019-05-20,2019-05-20 09:33:50,1.49,0.9612,147,1.46,0.9419,371,1.47,0.9483,30,1.475,0.9516,598,0
SPY190522P283,2019-05-20,2019-05-20 09:33:51,1.49,0.9612,147,1.46,0.9419,386,1.47,0.9483,30,1.475,0.9516,598,0
SPY190522P283,2019-05-20,2019-05-20 09:33:52,1.48,0.9548,100,1.46,0.9419,1,1.46,0.9419,1,1.47,0.9483,599,1
SPY190522P283,2019-05-20,2019-05-20 09:33:54,1.48,0.9548,100,1.46,0.9419,1,1.46,0.9419,1,1.47,0.9483,600,1
SPY190522P283,2019-05-20,2019-05-20 09:33:55,1.46,0.9419,1,1.45,0.9354,533,1.46,0.9419,1,1.455,0.9387,600,0
SPY190522P283,2019-05-20,2019-05-20 09:33:56,1.49,0.9612,247,1.45,0.9354,145,1.45,0.9354,1,1.47,0.9483,601,1
SPY190522P283,2019-05-20,2019-05-20 09:33:57,1.48,0.9548,150,1.45,0.9354,713,1.45,0.9354,1,1.465,0.9451,601,0
SPY190522P283,2019-05-20,2019-05-20 09:33:58,1.48,0.9548,104,1.46,0.9419,90,1.45,0.9354,1,1.47,0.9483,601,0
SPY190522P283,2019-05-20,2019-05-20 09:33:59,1.49,0.9612,95,1.47,0.9483,116,1.45,0.9354,1,1.48,0.9548,601,0
SPY190522P283,2019-05-20,2019-05-20 09:34:00,1.48,0.9548,57,1.45,0.9354,679,1.45,0.9354,1,1.465,0.9451,601,0
SPY190522P283,2019-05-20,2019-05-20 09:34:00,1.49,0.9612,372,1.46,0.9419,50,1.45,0.9354,1,1.475,0.9516,601,0
SPY190522P283,2019-05-20,2019-05-20 09:34:01,1.48,0.9548,108,1.45,0.9354,662,1.45,0.9354,1,1.465,0.9451,601,0
SPY190522P283,2019-05-20,2019-05-20 09:34:02,1.49,0.9612,94,1.46,0.9419,60,1.46,0.9419,1,1.475,0.9516,602,1
SPY190522P283,2019-05-20,2019-05-20 09:34:03,1.49,0.9612,84,1.46,0.9419,577,1.46,0.9419,1,1.475,0.9516,602,0
SPY190522P283,2019-05-20,2019-05-20 09:34:04,1.49,0.9612,58,1.46,0.9419,50,1.46,0.9419,1,1.475,0.9516,602,0
SPY190522P283,2019-05-20,2019-05-20 09:34:06,1.48,0.9548,76,1.45,0.9354,499,1.46,0.9419,1,1.465,0.9451,602,0
SPY190522P283,2019-05-20,2019-05-20 09:34:07,1.48,0.9548,154,1.46,0.9419,1,1.46,0.9419,6,1.47,0.9483,608,6
SPY190522P283,2019-05-20,2019-05-20 09:34:08,1.48,0.9548,153,1.45,0.9354,721,1.46,0.9419,6,1.465,0.9451,608,0
SPY190522P283,2019-05-20,2019-05-20 09:34:09,1.48,0.9548,105,1.45,0.9354,574,1.46,0.9419,6,1.465,0.9451,608,0
SPY190522P283,2019-05-20,2019-05-20 09:34:10,1.48,0.9548,104,1.46,0.9419,100,1.46,0.9419,6,1.47,0.9483,608,0
SPY190522P283,2019-05-20,2019-05-20 09:34:11,1.48,0.9548,56,1.46,0.9419,50,1.46,0.9419,6,1.47,0.9483,608,0
SPY190522P283,2019-05-20,2019-05-20 09:34:12,1.49,0.9612,245,1.46,0.9419,100,1.46,0.9419,6,1.475,0.9516,608,0
SPY190522P283,2019-05-20,2019-05-20 09:34:13,1.5,0.9677,151,1.47,0.9483,503,1.46,0.9419,6,1.485,0.958,608,0
SPY190522P283,2019-05-20,2019-05-20 09:34:14,1.51,0.9741,54,1.47,0.9483,353,1.46,0.9419,6,1.49,0.9612,608,0
SPY190522P283,2019-05-20,2019-05-20 09:34:15,1.5,0.9677,71,1.48,0.9548,100,1.46,0.9419,6,1.49,0.9612,608,0
SPY190522P283,2019-05-20,2019-05-20 09:34:17,1.5,0.9677,66,1.47,0.9483,841,1.46,0.9419,6,1.485,0.958,608,0
SPY190522P283,2019-05-20,2019-05-20 09:34:18,1.49,0.9612,95,1.46,0.9419,150,1.46,0.9419,6,1.475,0.9516,608,0
SPY190522P283,2019-05-20,2019-05-20 09:34:19,1.49,0.9612,139,1.46,0.9419,670,1.46,0.9419,6,1.475,0.9516,608,0
SPY190522P283,2019-05-20,2019-05-20 09:34:20,1.49,0.9612,265,1.46,0.9419,30,1.46,0.9419,6,1.475,0.9516,608,0
SPY190522P283,2019-05-20,2019-05-20 09:34:21,1.48,0.9548,100,1.45,0.9354,194,1.46,0.9419,6,1.465,0.9451,608,0
SPY190522P283,2019-05-20,2019-05-20 09:34:23,1.49,0.9612,6,1.46,0.9419,46,1.46,0.9419,6,1.475,0.9516,608,0
SPY190522P283,2019-05-20,2019-05-20 09:34:24,1.48,0.9548,100,1.46,0.9419,30,1.46,0.9419,6,1.47,0.9483,608,0
SPY190522P283,2019-05-20,2019-05-20 09:34:25,1.48,0.9548,68,1.46,0.9419,100,1.46,0.9419,6,1.47,0.9483,608,0
SPY190522P283,2019-05-20,2019-05-20 09:34:26,1.48,0.9548,32,1.46,0.9419,110,1.46,0.9419,6,1.47,0.9483,608,0
SPY190522P283,2019-05-20,2019-05-20 09:34:27,1.49,0.9612,533,1.45,0.9354,649,1.46,0.9419,6,1.47,0.9483,608,0
SPY190522P283,2019-05-20,2019-05-20 09:34:28,1.49,0.9612,31,1.46,0.9419,116,1.46,0.9419,6,1.475,0.9516,608,0
SPY190522P283,2019-05-20,2019-05-20 09:34:29,1.5,0.9677,92,1.48,0.9548,100,1.46,0.9419,6,1.49,0.9612,608,0
SPY190522P283,2019-05-20,2019-05-20 09:34:30,1.5,0.9677,75,1.48,0.9548,101,1.46,0.9419,6,1.49,0.9612,608,0
SPY190522P283,2019-05-20,2019-05-20 09:34:32,1.51,0.9741,441,1.47,0.9483,796,1.46,0.9419,6,1.49,0.9612,608,0
SPY190522P283,2019-05-20,2019-05-20 09:34:33,1.51,0.9741,765,1.48,0.9548,100,1.46,0.9419,6,1.495,0.9645,608,0
SPY190522P283,2019-05-20,2019-05-20 09:34:34,1.5,0.9677,185,1.47,0.9483,100,1.46,0.9419,6,1.485,0.958,608,0
SPY190522P283,2019-05-20,2019-05-20 09:34:35,1.49,0.9612,95,1.47,0.9483,50,1.46,0.9419,6,1.48,0.9548,608,0
SPY190522P283,2019-05-20,2019-05-20 09:34:37,1.49,0.9612,104,1.47,0.9483,100,1.46,0.9419,6,1.48,0.9548,608,0
SPY190522P283,2019-05-20,2019-05-20 09:34:38,1.49,0.9612,111,1.47,0.9483,100,1.46,0.9419,6,1.48,0.9548,608,0
SPY190522P283,2019-05-20,2019-05-20 09:34:39,1.49,0.9612,50,1.47,0.9483,100,1.46,0.9419,6,1.48,0.9548,608,0
SPY190522P283,2019-05-20,2019-05-20 09:34:40,1.49,0.9612,50,1.46,0.9419,276,1.48,0.9548,1,1.475,0.9516,609,1
SPY190522P283,2019-05-20,2019-05-20 09:34:41,1.48,0.9548,153,1.45,0.9354,100,1.48,0.9548,1,1.465,0.9451,609,0
SPY190522P283,2019-05-20,2019-05-20 09:34:43,1.49,0.9612,95,1.47,0.9483,100,1.48,0.9548,1,1.48,0.9548,609,0
SPY190522P283,2019-05-20,2019-05-20 09:34:44,1.48,0.9548,102,1.46,0.9419,100,1.48,0.9548,1,1.47,0.9483,609,0
SPY190522P283,2019-05-20,2019-05-20 09:34:46,1.49,0.9612,119,1.46,0.9419,566,1.48,0.9548,1,1.475,0.9516,609,0
SPY190522P283,2019-05-20,2019-05-20 09:34:47,1.49,0.9612,23,1.47,0.9483,101,1.48,0.9548,1,1.48,0.9548,609,0
SPY190522P283,2019-05-20,2019-05-20 09:34:48,1.49,0.9612,10,1.48,0.9548,101,1.48,0.9548,1,1.485,0.958,609,0
SPY190522P283,2019-05-20,2019-05-20 09:34:50,1.51,0.9741,167,1.49,0.9612,1,1.49,0.9612,10,1.5,0.9677,619,10
SPY190522P283,2019-05-20,2019-05-20 09:34:51,1.53,0.987,98,1.5,0.9677,436,1.49,0.9612,10,1.515,0.9774,619,0
SPY190522P283,2019-05-20,2019-05-20 09:34:52,1.53,0.987,6,1.51,0.9741,106,1.52,0.9806,5,1.52,0.9806,624,5
SPY190522P283,2019-05-20,2019-05-20 09:34:53,1.53,0.987,6,1.51,0.9741,674,1.52,0.9806,5,1.52,0.9806,624,0
SPY190522P283,2019-05-20,2019-05-20 09:34:55,1.52,0.9806,58,1.49,0.9612,101,1.51,0.9741,2,1.505,0.9709,626,2
SPY190522P283,2019-05-20,2019-05-20 09:34:56,1.53,0.987,681,1.49,0.9612,538,1.51,0.9741,2,1.51,0.9741,626,0
SPY190522P283,2019-05-20,2019-05-20 09:34:57,1.52,0.9806,63,1.5,0.9677,57,1.51,0.9741,2,1.51,0.9741,626,0
SPY190522P283,2019-05-20,2019-05-20 09:34:58,1.53,0.987,6,1.5,0.9677,707,1.51,0.9741,2,1.515,0.9774,626,0
SPY190522P283,2019-05-20,2019-05-20 09:34:59,1.53,0.987,174,1.5,0.9677,442,1.51,0.9741,2,1.515,0.9774,626,0
SPY190522P283,2019-05-20,2019-05-20 09:35:00,1.53,0.987,6,1.5,0.9677,639,1.51,0.9741,2,1.515,0.9774,626,0
SPY190522P283,2019-05-20,2019-05-20 09:35:01,1.53,0.987,155,1.51,0.9741,1,1.51,0.9741,3,1.52,0.9806,629,3
SPY190522P283,2019-05-20,2019-05-20 09:35:02,1.53,0.987,170,1.5,0.9677,538,1.51,0.9741,1,1.515,0.9774,630,1
SPY190522P283,2019-05-20,2019-05-20 09:35:04,1.52,0.9806,117,1.49,0.9612,301,1.51,0.9741,1,1.505,0.9709,631,1
SPY190522P283,2019-05-20,2019-05-20 09:35:05,1.52,0.9806,75,1.49,0.9612,147,1.51,0.9741,1,1.505,0.9709,631,0
SPY190522P283,2019-05-20,2019-05-20 09:35:06,1.52,0.9806,75,1.49,0.9612,536,1.51,0.9741,1,1.505,0.9709,631,0
SPY190522P283,2019-05-20,2019-05-20 09:35:07,1.53,0.987,460,1.49,0.9612,165,1.51,0.9741,1,1.51,0.9741,631,0
SPY190522P283,2019-05-20,2019-05-20 09:35:08,1.53,0.987,194,1.49,0.9612,373,1.51,0.9741,1,1.51,0.9741,631,0
SPY190522P283,2019-05-20,2019-05-20 09:35:09,1.52,0.9806,1,1.5,0.9677,106,1.52,0.9806,10,1.51,0.9741,641,10
SPY190522P283,2019-05-20,2019-05-20 09:35:10,1.53,0.987,649,1.49,0.9612,153,1.52,0.9806,10,1.51,0.9741,641,0
SPY190522P283,2019-05-20,2019-05-20 09:35:11,1.53,0.987,268,1.5,0.9677,100,1.52,0.9806,10,1.515,0.9774,641,0
SPY190522P283,2019-05-20,2019-05-20 09:35:12,1.54,0.9935,544,1.5,0.9677,503,1.52,0.9806,10,1.52,0.9806,641,0
SPY190522P283,2019-05-20,2019-05-20 09:35:13,1.56,1.0064,244,1.52,0.9806,97,1.52,0.9806,10,1.54,0.9935,641,0
SPY190522P283,2019-05-20,2019-05-20 09:35:14,1.57,1.0129,259,1.53,0.987,241,1.52,0.9806,10,1.55,1.0,641,0
SPY190522P283,2019-05-20,2019-05-20 09:35:15,1.56,1.0064,7,1.53,0.987,191,1.52,0.9806,10,1.545,0.9967,641,0
SPY190522P283,2019-05-20,2019-05-20 09:35:16,1.56,1.0064,10,1.53,0.987,6,1.52,0.9806,10,1.545,0.9967,641,0
SPY190522P283,2019-05-20,2019-05-20 09:35:17,1.55,1.0,121,1.53,0.987,20,1.52,0.9806,10,1.54,0.9935,641,0
SPY190522P283,2019-05-20,2019-05-20 09:35:18,1.55,1.0,192,1.53,0.987,25,1.52,0.9806,10,1.54,0.9935,641,0
SPY190522P283,2019-05-20,2019-05-20 09:35:19,1.55,1.0,71,1.52,0.9806,51,1.52,0.9806,10,1.535,0.9903,641,0
SPY190522P283,2019-05-20,2019-05-20 09:35:21,1.55,1.0,50,1.52,0.9806,503,1.52,0.9806,10,1.535,0.9903,641,0
SPY190522P283,2019-05-20,2019-05-20 09:35:22,1.54,0.9935,248,1.51,0.9741,186,1.52,0.9806,10,1.525,0.9838,641,0
SPY190522P283,2019-05-20,2019-05-20 09:35:23,1.54,0.9935,28,1.52,0.9806,100,1.52,0.9806,2,1.53,0.987,643,2
SPY190522P283,2019-05-20,2019-05-20 09:35:24,1.55,1.0,358,1.51,0.9741,831,1.52,0.9806,2,1.53,0.987,643,0
SPY190522P283,2019-05-20,2019-05-20 09:35:25,1.55,1.0,403,1.51,0.9741,561,1.52,0.9806,2,1.53,0.987,643,0
SPY190522P283,2019-05-20,2019-05-20 09:35:26,1.56,1.0064,50,1.54,0.9935,3,1.52,0.9806,2,1.55,1.0,643,0
SPY190522P283,2019-05-20,2019-05-20 09:35:27,1.56,1.0064,100,1.54,0.9935,3,1.52,0.9806,2,1.55,1.0,643,0
SPY190522P283,2019-05-20,2019-05-20 09:35:28,1.58,1.0193,486,1.54,0.9935,167,1.52,0.9806,2,1.56,1.0064,643,0
SPY190522P283,2019-05-20,2019-05-20 09:35:29,1.58,1.0193,202,1.54,0.9935,403,1.52,0.9806,2,1.56,1.0064,643,0
SPY190522P283,2019-05-20,2019-05-20 09:35:31,1.58,1.0193,103,1.55,1.0,436,1.52,0.9806,2,1.565,1.0096,643,0
SPY190522P283,2019-05-20,2019-05-20 09:35:32,1.58,1.0193,75,1.55,1.0,162,1.57,1.0129,1,1.565,1.0096,644,1
SPY190522P283,2019-05-20,2019-05-20 09:35:34,1.58,1.0193,66,1.55,1.0,167,1.57,1.0129,1,1.565,1.0096,644,0
SPY190522P283,2019-05-20,2019-05-20 09:35:35,1.58,1.0193,326,1.55,1.0,25,1.57,1.0129,1,1.565,1.0096,644,0
SPY190522P283,2019-05-20,2019-05-20 09:35:36,1.58,1.0193,547,1.55,1.0,53,1.57,1.0129,1,1.565,1.0096,644,0
SPY190522P283,2019-05-20,2019-05-20 09:35:37,1.58,1.0193,92,1.55,1.0,322,1.57,1.0129,1,1.565,1.0096,644,0
SPY190522P283,2019-05-20,2019-05-20 09:35:38,1.61,1.0387,105,1.57,1.0129,76,1.57,1.0129,1,1.59,1.0258,644,0
SPY190522P283,2019-05-20,2019-05-20 09:35:39,1.61,1.0387,150,1.58,1.0193,100,1.57,1.0129,1,1.595,1.029,644,0
SPY190522P283,2019-05-20,2019-05-20 09:35:40,1.62,1.0451,128,1.58,1.0193,243,1.57,1.0129,1,1.6,1.0322,644,0
SPY190522P283,2019-05-20,2019-05-20 09:35:42,1.61,1.0387,572,1.57,1.0129,56,1.57,1.0129,1,1.59,1.0258,644,0
SPY190522P283,2019-05-20,2019-05-20 09:35:43,1.59,1.0258,75,1.57,1.0129,3,1.59,1.0258,2,1.58,1.0193,646,2
SPY190522P283,2019-05-20,2019-05-20 09:35:44,1.59,1.0258,102,1.57,1.0129,3,1.59,1.0258,2,1.58,1.0193,646,0
SPY190522P283,2019-05-20,2019-05-20 09:35:45,1.61,1.0387,167,1.57,1.0129,561,1.59,1.0258,2,1.59,1.0258,646,0
SPY190522P283,2019-05-20,2019-05-20 09:35:46,1.61,1.0387,102,1.57,1.0129,259,1.59,1.0258,2,1.59,1.0258,646,0
SPY190522P283,2019-05-20,2019-05-20 09:35:47,1.6,1.0322,80,1.58,1.0193,1,1.59,1.0258,2,1.59,1.0258,646,0
SPY190522P283,2019-05-20,2019-05-20 09:35:48,1.61,1.0387,101,1.58,1.0193,100,1.6,1.0322,1,1.595,1.029,647,1
SPY190522P283,2019-05-20,2019-05-20 09:35:49,1.61,1.0387,127,1.58,1.0193,607,1.6,1.0322,1,1.595,1.029,647,0
SPY190522P283,2019-05-20,2019-05-20 09:35:50,1.61,1.0387,101,1.59,1.0258,83,1.6,1.0322,1,1.6,1.0322,647,0
SPY190522P283,2019-05-20,2019-05-20 09:35:51,1.62,1.0451,50,1.6,1.0322,91,1.6,1.0322,1,1.61,1.0387,647,0
SPY190522P283,2019-05-20,2019-05-20 09:35:53,1.64,1.058,112,1.6,1.0322,50,1.6,1.0322,1,1.62,1.0451,647,0
SPY190522P283,2019-05-20,2019-05-20 09:35:54,1.63,1.0516,100,1.6,1.0322,441,1.63,1.0516,1,1.615,1.0419,648,1
SPY190522P283,2019-05-20,2019-05-20 09:35:55,1.64,1.058,103,1.61,1.0387,150,1.63,1.0516,1,1.625,1.0483,648,0
SPY190522P283,2019-05-20,2019-05-20 09:35:56,1.65,1.0645,6,1.61,1.0387,632,1.63,1.0516,1,1.63,1.0516,648,0
SPY190522P283,2019-05-20,2019-05-20 09:35:57,1.65,1.0645,6,1.63,1.0516,31,1.63,1.0516,1,1.64,1.058,648,0
SPY190522P283,2019-05-20,2019-05-20 09:35:58,1.65,1.0645,6,1.63,1.0516,165,1.63,1.0516,1,1.64,1.058,648,0
SPY190522P283,2019-05-20,2019-05-20 09:35:59,1.65,1.0645,1,1.63,1.0516,432,1.63,1.0516,1,1.64,1.058,648,0
SPY190522P283,2019-05-20,2019-05-20 09:36:00,1.67,1.0774,10,1.65,1.0645,100,1.65,1.0645,1,1.66,1.0709,649,1
SPY190522P283,2019-05-20,2019-05-20 09:36:01,1.67,1.0774,17,1.65,1.0645,100,1.65,1.0645,1,1.66,1.0709,649,0
SPY190522P283,2019-05-20,2019-05-20 09:36:02,1.67,1.0774,10,1.65,1.0645,2,1.67,1.0774,1,1.66,1.0709,660,11
SPY190522P283,2019-05-20,2019-05-20 09:36:03,1.69,1.0903,100,1.66,1.0709,50,1.67,1.0774,1,1.675,1.0806,660,0
SPY190522P283,2019-05-20,2019-05-20 09:36:04,1.7,1.0967,128,1.66,1.0709,141,1.66,1.0709,10,1.68,1.0838,670,10
SPY190522P283,2019-05-20,2019-05-20 09:36:05,1.7,1.0967,272,1.67,1.0774,100,1.66,1.0709,10,1.685,1.087,670,0
SPY190522P283,2019-05-20,2019-05-20 09:36:06,1.7,1.0967,204,1.68,1.0838,2,1.66,1.0709,10,1.69,1.0903,670,0
SPY190522P283,2019-05-20,2019-05-20 09:36:08,1.7,1.0967,38,1.68,1.0838,26,1.69,1.0903,8,1.69,1.0903,678,8
SPY190522P283,2019-05-20,2019-05-20 09:36:09,1.7,1.0967,197,1.68,1.0838,2,1.69,1.0903,8,1.69,1.0903,678,0
SPY190522P283,2019-05-20,2019-05-20 09:36:10,1.7,1.0967,133,1.68,1.0838,2,1.69,1.0903,8,1.69,1.0903,678,0
SPY190522P283,2019-05-20,2019-05-20 09:36:11,1.7,1.0967,204,1.68,1.0838,7,1.69,1.0903,8,1.69,1.0903,678,0
SPY190522P283,2019-05-20,2019-05-20 09:36:11,1.7,1.0967,33,1.68,1.0838,100,1.69,1.0903,8,1.69,1.0903,678,0
SPY190522P283,2019-05-20,2019-05-20 09:36:12,1.7,1.0967,10,1.69,1.0903,11,1.69,1.0903,3,1.695,1.0935,681,3
SPY190522P283,2019-05-20,2019-05-20 09:36:13,1.7,1.0967,10,1.69,1.0903,11,1.69,1.0903,3,1.695,1.0935,681,0
SPY190522P283,2019-05-20,2019-05-20 09:36:14,1.7,1.0967,10,1.69,1.0903,61,1.69,1.0903,3,1.695,1.0935,681,0
SPY190522P283,2019-05-20,2019-05-20 09:36:15,1.7,1.0967,10,1.69,1.0903,101,1.7,1.0967,9,1.695,1.0935,696,15
SPY190522P283,2019-05-20,2019-05-20 09:36:17,1.72,1.1096,38,1.7,1.0967,9,1.7,1.0967,1,1.71,1.1032,696,0
SPY190522P283,2019-05-20,2019-05-20 09:36:17,1.72,1.1096,85,1.7,1.0967,100,1.7,1.0967,1,1.71,1.1032,696,0
SPY190522P283,2019-05-20,2019-05-20 09:36:18,1.73,1.1161,247,1.7,1.0967,544,1.7,1.0967,1,1.715,1.1064,696,0
SPY190522P283,2019-05-20,2019-05-20 09:36:19,1.73,1.1161,230,1.71,1.1032,2,1.7,1.0967,1,1.72,1.1096,696,0
SPY190522P283,2019-05-20,2019-05-20 09:36:20,1.73,1.1161,245,1.71,1.1032,2,1.7,1.0967,1,1.72,1.1096,696,0
SPY190522P283,2019-05-20,2019-05-20 09:36:21,1.73,1.1161,11,1.71,1.1032,2,1.7,1.0967,1,1.72,1.1096,696,0
SPY190522P283,2019-05-20,2019-05-20 09:36:22,1.73,1.1161,86,1.71,1.1032,69,1.7,1.0967,1,1.72,1.1096,696,0
SPY190522P283,2019-05-20,2019-05-20 09:36:23,1.73,1.1161,189,1.7,1.0967,9,1.72,1.1096,2,1.715,1.1064,700,4
SPY190522P283,2019-05-20,2019-05-20 09:36:24,1.73,1.1161,233,1.7,1.0967,9,1.72,1.1096,2,1.715,1.1064,700,0
SPY190522P283,2019-05-20,2019-05-20 09:36:25,1.71,1.1032,178,1.69,1.0903,11,1.72,1.1096,2,1.7,1.0967,700,0
SPY190522P283,2019-05-20,2019-05-20 09:36:26,1.7,1.0967,71,1.67,1.0774,55,1.69,1.0903,9,1.685,1.087,711,11
SPY190522P283,2019-05-20,2019-05-20 09:36:27,1.7,1.0967,20,1.68,1.0838,50,1.69,1.0903,9,1.69,1.0903,711,0
SPY190522P283,2019-05-20,2019-05-20 09:36:28,1.7,1.0967,20,1.68,1.0838,50,1.69,1.0903,9,1.69,1.0903,711,0
SPY190522P283,2019-05-20,2019-05-20 09:36:29,1.73,1.1161,216,1.69,1.0903,165,1.7,1.0967,8,1.71,1.1032,720,9
SPY190522P283,2019-05-20,2019-05-20 09:36:30,1.72,1.1096,20,1.69,1.0903,353,1.7,1.0967,8,1.705,1.1,720,0
SPY190522P283,2019-05-20,2019-05-20 09:36:31,1.73,1.1161,358,1.7,1.0967,165,1.7,1.0967,8,1.715,1.1064,720,0
SPY190522P283,2019-05-20,2019-05-20 09:36:33,1.73,1.1161,340,1.7,1.0967,100,1.7,1.0967,8,1.715,1.1064,720,0
SPY190522P283,2019-05-20,2019-05-20 09:36:34,1.73,1.1161,358,1.69,1.0903,614,1.7,1.0967,8,1.71,1.1032,720,0
SPY190522P283,2019-05-20,2019-05-20 09:36:35,1.73,1.1161,145,1.7,1.0967,165,1.7,1.0967,8,1.715,1.1064,720,0
SPY190522P283,2019-05-20,2019-05-20 09:36:36,1.74,1.1225,117,1.69,1.0903,536,1.7,1.0967,8,1.715,1.1064,720,0
SPY190522P283,2019-05-20,2019-05-20 09:36:37,1.73,1.1161,60,1.7,1.0967,110,1.7,1.0967,8,1.715,1.1064,720,0
SPY190522P283,2019-05-20,2019-05-20 09:36:39,1.75,1.129,415,1.71,1.1032,165,1.7,1.0967,8,1.73,1.1161,720,0
SPY190522P283,2019-05-20,2019-05-20 09:36:40,1.75,1.129,331,1.71,1.1032,386,1.7,1.0967,8,1.73,1.1161,720,0
SPY190522P283,2019-05-20,2019-05-20 09:36:41,1.75,1.129,580,1.73,1.1161,2,1.74,1.1225,1,1.74,1.1225,723,3
SPY190522P283,2019-05-20,2019-05-20 09:36:42,1.75,1.129,604,1.73,1.1161,2,1.74,1.1225,1,1.74,1.1225,723,0
SPY190522P283,2019-05-20,2019-05-20 09:36:43,1.74,1.1225,4,1.73,1.1161,2,1.74,1.1225,1,1.735,1.1193,723,0
SPY190522P283,2019-05-20,2019-05-20 09:36:44,1.74,1.1225,40,1.73,1.1161,2,1.73,1.1161,1,1.735,1.1193,724,1
SPY190522P283,2019-05-20,2019-05-20 09:36:45,1.74,1.1225,260,1.73,1.1161,2,1.74,1.1225,1,1.735,1.1193,725,1
SPY190522P283,2019-05-20,2019-05-20 09:36:46,1.74,1.1225,360,1.71,1.1032,201,1.74,1.1225,1,1.725,1.1129,725,0
SPY190522P283,2019-05-20,2019-05-20 09:36:47,1.73,1.1161,50,1.71,1.1032,100,1.74,1.1225,1,1.72,1.1096,725,0
SPY190522P283,2019-05-20,2019-05-20 09:36:48,1.74,1.1225,298,1.7,1.0967,395,1.74,1.1225,1,1.72,1.1096,725,0
SPY190522P283,2019-05-20,2019-05-20 09:36:49,1.72,1.1096,50,1.7,1.0967,50,1.74,1.1225,1,1.71,1.1032,725,0
SPY190522P283,2019-05-20,2019-05-20 09:36:50,1.72,1.1096,1,1.7,1.0967,100,1.71,1.1032,1,1.71,1.1032,727,2
SPY190522P283,2019-05-20,2019-05-20 09:36:51,1.72,1.1096,20,1.7,1.0967,39,1.71,1.1032,1,1.71,1.1032,727,0
SPY190522P283,2019-05-20,2019-05-20 09:36:52,1.73,1.1161,330,1.7,1.0967,248,1.71,1.1032,1,1.715,1.1064,727,0
SPY190522P283,2019-05-20,2019-05-20 09:36:53,1.74,1.1225,10,1.7,1.0967,165,1.71,1.1032,1,1.72,1.1096,727,0
SPY190522P283,2019-05-20,2019-05-20 09:36:54,1.74,1.1225,68,1.7,1.0967,248,1.71,1.1032,1,1.72,1.1096,727,0
SPY190522P283,2019-05-20,2019-05-20 09:36:55,1.74,1.1225,4,1.72,1.1096,6,1.71,1.1032,1,1.73,1.1161,727,0
SPY190522P283,2019-05-20,2019-05-20 09:36:56,1.74,1.1225,4,1.72,1.1096,461,1.71,1.1032,1,1.73,1.1161,727,0
SPY190522P283,2019-05-20,2019-05-20 09:36:57,1.74,1.1225,4,1.72,1.1096,474,1.71,1.1032,1,1.73,1.1161,727,0
SPY190522P283,2019-05-20,2019-05-20 09:36:58,1.74,1.1225,4,1.72,1.1096,474,1.71,1.1032,1,1.73,1.1161,727,0
SPY190522P283,2019-05-20,2019-05-20 09:36:59,1.74,1.1225,4,1.72,1.1096,167,1.71,1.1032,1,1.73,1.1161,727,0
SPY190522P283,2019-05-20,2019-05-20 09:37:00,1.74,1.1225,4,1.72,1.1096,167,1.71,1.1032,1,1.73,1.1161,727,0
SPY190522P283,2019-05-20,2019-05-20 09:37:01,1.74,1.1225,2,1.72,1.1096,486,1.74,1.1225,2,1.73,1.1161,729,2
SPY190522P283,2019-05-20,2019-05-20 09:37:03,1.74,1.1225,2,1.72,1.1096,401,1.74,1.1225,2,1.73,1.1161,729,0
SPY190522P283,2019-05-20,2019-05-20 09:37:04,1.75,1.129,3,1.74,1.1225,1,1.74,1.1225,1,1.745,1.1258,737,8
SPY190522P283,2019-05-20,2019-05-20 09:37:05,1.75,1.129,8,1.74,1.1225,97,1.74,1.1225,1,1.745,1.1258,737,0
SPY190522P283,2019-05-20,2019-05-20 09:37:06,1.75,1.129,8,1.74,1.1225,97,1.74,1.1225,1,1.745,1.1258,737,0
SPY190522P283,2019-05-20,2019-05-20 09:37:07,1.75,1.129,50,1.74,1.1225,97,1.74,1.1225,1,1.745,1.1258,737,0
SPY190522P283,2019-05-20,2019-05-20 09:37:08,1.74,1.1225,183,1.71,1.1032,128,1.74,1.1225,2,1.725,1.1129,837,100
SPY190522P283,2019-05-20,2019-05-20 09:37:09,1.75,1.129,481,1.71,1.1032,581,1.74,1.1225,2,1.73,1.1161,837,0
SPY190522P283,2019-05-20,2019-05-20 09:37:10,1.74,1.1225,174,1.71,1.1032,167,1.74,1.1225,2,1.725,1.1129,837,0
SPY190522P283,2019-05-20,2019-05-20 09:37:11,1.75,1.129,389,1.72,1.1096,100,1.74,1.1225,2,1.735,1.1193,837,0
SPY190522P283,2019-05-20,2019-05-20 09:37:12,1.75,1.129,100,1.72,1.1096,361,1.74,1.1225,2,1.735,1.1193,837,0
SPY190522P283,2019-05-20,2019-05-20 09:37:13,1.75,1.129,150,1.72,1.1096,449,1.74,1.1225,2,1.735,1.1193,837,0
SPY190522P283,2019-05-20,2019-05-20 09:37:14,1.75,1.129,150,1.72,1.1096,110,1.75,1.129,3,1.735,1.1193,840,3
SPY190522P283,2019-05-20,2019-05-20 09:37:15,1.74,1.1225,148,1.71,1.1032,471,1.75,1.129,3,1.725,1.1129,840,0
SPY190522P283,2019-05-20,2019-05-20 09:37:16,1.75,1.129,486,1.71,1.1032,721,1.75,1.129,3,1.73,1.1161,840,0
SPY190522P283,2019-05-20,2019-05-20 09:37:16,1.74,1.1225,20,1.71,1.1032,543,1.75,1.129,3,1.725,1.1129,840,0
SPY190522P283,2019-05-20,2019-05-20 09:37:17,1.75,1.129,106,1.71,1.1032,721,1.75,1.129,3,1.73,1.1161,840,0
SPY190522P283,2019-05-20,2019-05-20 09:37:18,1.75,1.129,486,1.71,1.1032,780,1.75,1.129,3,1.73,1.1161,840,0
SPY190522P283,2019-05-20,2019-05-20 09:37:19,1.74,1.1225,100,1.71,1.1032,780,1.75,1.129,3,1.725,1.1129,840,0
SPY190522P283,2019-05-20,2019-05-20 09:37:21,1.74,1.1225,184,1.71,1.1032,50,1.75,1.129,3,1.725,1.1129,840,0
SPY190522P283,2019-05-20,2019-05-20 09:37:21,1.74,1.1225,478,1.7,1.0967,456,1.75,1.129,3,1.72,1.1096,840,0
SPY190522P283,2019-05-20,2019-05-20 09:37:23,1.73,1.1161,188,1.7,1.0967,96,1.75,1.129,3,1.715,1.1064,840,0
SPY190522P283,2019-05-20,2019-05-20 09:37:24,1.72,1.1096,100,1.69,1.0903,25,1.72,1.1096,1,1.705,1.1,841,1
SPY190522P283,2019-05-20,2019-05-20 09:37:25,1.72,1.1096,2,1.69,1.0903,330,1.72,1.1096,1,1.705,1.1,841,0
SPY190522P283,2019-05-20,2019-05-20 09:37:26,1.72,1.1096,3,1.71,1.1032,150,1.72,1.1096,1,1.715,1.1064,841,0
SPY190522P283,2019-05-20,2019-05-20 09:37:28,1.72,1.1096,20,1.69,1.0903,60,1.72,1.1096,1,1.705,1.1,841,0
SPY190522P283,2019-05-20,2019-05-20 09:37:29,1.72,1.1096,3,1.71,1.1032,131,1.72,1.1096,1,1.715,1.1064,842,1
SPY190522P283,2019-05-20,2019-05-20 09:37:30,1.72,1.1096,3,1.72,1.1096,486,1.72,1.1096,3,1.72,1.1096,845,3
SPY190522P283,2019-05-20,2019-05-20 09:37:32,1.75,1.129,53,1.72,1.1096,486,1.72,1.1096,3,1.735,1.1193,845,0
SPY190522P283,2019-05-20,2019-05-20 09:37:33,1.74,1.1225,8,1.72,1.1096,153,1.72,1.1096,3,1.73,1.1161,845,0
SPY190522P283,2019-05-20,2019-05-20 09:37:34,1.74,1.1225,11,1.72,1.1096,50,1.72,1.1096,3,1.73,1.1161,845,0
SPY190522P283,2019-05-20,2019-05-20 09:37:36,1.74,1.1225,38,1.72,1.1096,150,1.72,1.1096,3,1.73,1.1161,845,0
SPY190522P283,2019-05-20,2019-05-20 09:37:37,1.74,1.1225,2,1.73,1.1161,50,1.72,1.1096,3,1.735,1.1193,845,0
SPY190522P283,2019-05-20,2019-05-20 09:37:38,1.74,1.1225,2,1.73,1.1161,7,1.74,1.1225,1,1.735,1.1193,846,1
SPY190522P283,2019-05-20,2019-05-20 09:37:39,1.74,1.1225,2,1.73,1.1161,50,1.74,1.1225,1,1.735,1.1193,847,1
SPY190522P283,2019-05-20,2019-05-20 09:37:40,1.74,1.1225,1,1.73,1.1161,95,1.74,1.1225,2,1.735,1.1193,849,2
SPY190522P283,2019-05-20,2019-05-20 09:37:41,1.74,1.1225,1,1.73,1.1161,98,1.74,1.1225,2,1.735,1.1193,849,0
SPY190522P283,2019-05-20,2019-05-20 09:37:43,1.75,1.129,50,1.74,1.1225,1,1.74,1.1225,2,1.745,1.1258,849,0
SPY190522P283,2019-05-20,2019-05-20 09:37:44,1.77,1.1419,70,1.75,1.129,1,1.75,1.129,2,1.76,1.1354,851,2
SPY190522P283,2019-05-20,2019-05-20 09:37:45,1.78,1.1483,124,1.75,1.129,95,1.75,1.129,2,1.765,1.1387,851,0
SPY190522P283,2019-05-20,2019-05-20 09:37:46,1.78,1.1483,46,1.75,1.129,501,1.75,1.129,2,1.765,1.1387,851,0
SPY190522P283,2019-05-20,2019-05-20 09:37:47,1.78,1.1483,75,1.77,1.1419,1,1.75,1.129,2,1.775,1.1451,851,0
SPY190522P283,2019-05-20,2019-05-20 09:37:49,1.78,1.1483,20,1.77,1.1419,1,1.75,1.129,2,1.775,1.1451,851,0
SPY190522P283,2019-05-20,2019-05-20 09:37:50,1.78,1.1483,24,1.77,1.1419,1,1.75,1.129,2,1.775,1.1451,851,0
SPY190522P283,2019-05-20,2019-05-20 09:37:51,1.78,1.1483,31,1.77,1.1419,1,1.75,1.129,2,1.775,1.1451,851,0
SPY190522P283,2019-05-20,2019-05-20 09:37:52,1.81,1.1677,150,1.78,1.1483,100,1.78,1.1483,1,1.795,1.158,871,20
SPY190522P283,2019-05-20,2019-05-20 09:37:54,1.81,1.1677,150,1.78,1.1483,101,1.78,1.1483,1,1.795,1.158,871,0
SPY190522P283,2019-05-20,2019-05-20 09:37:55,1.8,1.1612,115,1.78,1.1483,11,1.78,1.1483,1,1.79,1.1548,871,0
SPY190522P283,2019-05-20,2019-05-20 09:37:56,1.8,1.1612,96,1.78,1.1483,11,1.78,1.1483,1,1.79,1.1548,871,0
SPY190522P283,2019-05-20,2019-05-20 09:37:57,1.8,1.1612,141,1.78,1.1483,11,1.8,1.1612,1,1.79,1.1548,872,1
SPY190522P283,2019-05-20,2019-05-20 09:37:58,1.8,1.1612,6,1.79,1.1548,1,1.79,1.1548,1,1.795,1.158,873,1
SPY190522P283,2019-05-20,2019-05-20 09:37:59,1.8,1.1612,254,1.77,1.1419,51,1.78,1.1483,11,1.785,1.1516,884,11
SPY190522P283,2019-05-20,2019-05-20 09:38:00,1.79,1.1548,248,1.75,1.129,450,1.78,1.1483,11,1.77,1.1419,884,0
SPY190522P283,2019-05-20,2019-05-20 09:38:01,1.78,1.1483,1,1.75,1.129,223,1.78,1.1483,1,1.765,1.1387,885,1
SPY190522P283,2019-05-20,2019-05-20 09:38:02,1.81,1.1677,219,1.77,1.1419,210,1.78,1.1483,1,1.79,1.1548,885,0
SPY190522P283,2019-05-20,2019-05-20 09:38:04,1.82,1.1741,20,1.8,1.1612,165,1.78,1.1483,1,1.81,1.1677,885,0
SPY190522P283,2019-05-20,2019-05-20 09:38:05,1.82,1.1741,20,1.8,1.1612,340,1.78,1.1483,1,1.81,1.1677,885,0
SPY190522P283,2019-05-20,2019-05-20 09:38:06,1.82,1.1741,20,1.81,1.1677,544,1.82,1.1741,2,1.815,1.1709,887,2
SPY190522P283,2019-05-20,2019-05-20 09:38:07,1.82,1.1741,20,1.81,1.1677,544,1.82,1.1741,2,1.815,1.1709,887,0
SPY190522P283,2019-05-20,2019-05-20 09:38:08,1.85,1.1935,77,1.82,1.1741,101,1.82,1.1741,20,1.835,1.1838,907,20
SPY190522P283,2019-05-20,2019-05-20 09:38:09,1.85,1.1935,150,1.82,1.1741,100,1.82,1.1741,20,1.835,1.1838,907,0
SPY190522P283,2019-05-20,2019-05-20 09:38:10,1.86,1.2,397,1.82,1.1741,248,1.82,1.1741,20,1.84,1.187,907,0
SPY190522P283,2019-05-20,2019-05-20 09:38:12,1.9,1.2258,100,1.85,1.1935,350,1.86,1.2,2,1.875,1.2096,909,2
SPY190522P283,2019-05-20,2019-05-20 09:38:13,1.9,1.2258,146,1.86,1.2,401,1.86,1.2,2,1.88,1.2129,909,0
SPY190522P283,2019-05-20,2019-05-20 09:38:14,1.9,1.2258,349,1.86,1.2,150,1.86,1.2,2,1.88,1.2129,909,0
SPY190522P283,2019-05-20,2019-05-20 09:38:15,1.89,1.2193,51,1.86,1.2,351,1.86,1.2,2,1.875,1.2096,909,0
SPY190522P283,2019-05-20,2019-05-20 09:38:16,1.89,1.2193,8,1.87,1.2064,1,1.89,1.2193,5,1.88,1.2129,915,6
SPY190522P283,2019-05-20,2019-05-20 09:38:17,1.89,1.2193,188,1.85,1.1935,165,1.88,1.2129,3,1.87,1.2064,938,23
SPY190522P283,2019-05-20,2019-05-20 09:38:18,1.87,1.2064,4,1.85,1.1935,27,1.87,1.2064,5,1.86,1.2,954,16
SPY190522P283,2019-05-20,2019-05-20 09:38:19,1.89,1.2193,260,1.86,1.2,96,1.87,1.2064,20,1.875,1.2096,978,24
SPY190522P283,2019-05-20,2019-05-20 09:38:21,1.9,1.2258,36,1.87,1.2064,4,1.87,1.2064,20,1.885,1.2161,978,0
SPY190522P283,2019-05-20,2019-05-20 09:38:22,1.91,1.2322,60,1.88,1.2129,100,1.9,1.2258,34,1.895,1.2225,1058,80
SPY190522P283,2019-05-20,2019-05-20 09:38:23,1.91,1.2322,23,1.88,1.2129,165,1.9,1.2258,34,1.895,1.2225,1058,0
SPY190522P283,2019-05-20,2019-05-20 09:38:24,1.91,1.2322,38,1.88,1.2129,55,1.9,1.2258,34,1.895,1.2225,1058,0
SPY190522P283,2019-05-20,2019-05-20 09:38:25,1.91,1.2322,60,1.88,1.2129,110,1.9,1.2258,34,1.895,1.2225,1058,0
SPY190522P283,2019-05-20,2019-05-20 09:38:26,1.91,1.2322,99,1.88,1.2129,110,1.9,1.2258,34,1.895,1.2225,1058,0
SPY190522P283,2019-05-20,2019-05-20 09:38:28,1.91,1.2322,51,1.88,1.2129,544,1.9,1.2258,34,1.895,1.2225,1058,0
SPY190522P283,2019-05-20,2019-05-20 09:38:29,1.91,1.2322,20,1.88,1.2129,544,1.9,1.2258,34,1.895,1.2225,1058,0
SPY190522P283,2019-05-20,2019-05-20 09:38:30,1.91,1.2322,20,1.9,1.2258,2,1.9,1.2258,1,1.905,1.229,1062,4
SPY190522P283,2019-05-20,2019-05-20 09:38:31,1.92,1.2387,1,1.9,1.2258,100,1.91,1.2322,1,1.91,1.2322,1086,24
SPY190522P283,2019-05-20,2019-05-20 09:38:33,1.92,1.2387,1,1.91,1.2322,4,1.91,1.2322,1,1.915,1.2354,1086,0
SPY190522P283,2019-05-20,2019-05-20 09:38:34,1.92,1.2387,1,1.91,1.2322,4,1.91,1.2322,1,1.915,1.2354,1086,0
SPY190522P283,2019-05-20,2019-05-20 09:38:35,1.92,1.2387,1,1.9,1.2258,588,1.91,1.2322,1,1.91,1.2322,1086,0
SPY190522P283,2019-05-20,2019-05-20 09:38:37,1.96,1.2645,476,1.91,1.2322,21,1.91,1.2322,3,1.935,1.2483,1099,13
SPY190522P283,2019-05-20,2019-05-20 09:38:38,1.95,1.258,577,1.91,1.2322,401,1.91,1.2322,3,1.93,1.2451,1099,0
SPY190522P283,2019-05-20,2019-05-20 09:38:39,1.94,1.2516,347,1.9,1.2258,590,1.91,1.2322,3,1.92,1.2387,1099,0
SPY190522P283,2019-05-20,2019-05-20 09:38:40,1.96,1.2645,181,1.93,1.2451,1,1.93,1.2451,1,1.945,1.2548,1104,5
SPY190522P283,2019-05-20,2019-05-20 09:38:41,1.95,1.258,97,1.91,1.2322,609,1.93,1.2451,1,1.93,1.2451,1104,0
SPY190522P283,2019-05-20,2019-05-20 09:38:43,1.95,1.258,145,1.91,1.2322,600,1.93,1.2451,1,1.93,1.2451,1104,0
SPY190522P283,2019-05-20,2019-05-20 09:38:44,1.93,1.2451,2,1.91,1.2322,100,1.93,1.2451,1,1.92,1.2387,1104,0
SPY190522P283,2019-05-20,2019-05-20 09:38:45,1.93,1.2451,10,1.91,1.2322,100,1.93,1.2451,1,1.92,1.2387,1104,0
SPY190522P283,2019-05-20,2019-05-20 09:38:46,1.93,1.2451,10,1.91,1.2322,100,1.93,1.2451,1,1.92,1.2387,1105,1
SPY190522P283,2019-05-20,2019-05-20 09:38:48,1.93,1.2451,141,1.9,1.2258,5,1.93,1.2451,1,1.915,1.2354,1105,0
SPY190522P283,2019-05-20,2019-05-20 09:38:49,1.91,1.2322,14,1.9,1.2258,5,1.91,1.2322,5,1.905,1.229,1110,5
SPY190522P283,2019-05-20,2019-05-20 09:38:51,1.9,1.2258,362,1.85,1.1935,399,1.88,1.2129,1,1.875,1.2096,1118,8
SPY190522P283,2019-05-20,2019-05-20 09:38:52,1.92,1.2387,299,1.88,1.2129,305,1.88,1.2129,1,1.9,1.2258,1121,3
SPY190522P283,2019-05-20,2019-05-20 09:38:53,1.89,1.2193,150,1.85,1.1935,451,1.88,1.2129,1,1.87,1.2064,1121,0
SPY190522P283,2019-05-20,2019-05-20 09:38:54,1.89,1.2193,333,1.84,1.187,6,1.88,1.2129,1,1.865,1.2032,1121,0
SPY190522P283,2019-05-20,2019-05-20 09:38:55,1.86,1.2,471,1.84,1.187,2,1.88,1.2129,1,1.85,1.1935,1121,0
SPY190522P283,2019-05-20,2019-05-20 09:38:56,1.83,1.1806,96,1.8,1.1612,20,1.84,1.187,2,1.815,1.1709,1123,2
SPY190522P283,2019-05-20,2019-05-20 09:38:57,1.83,1.1806,8,1.8,1.1612,20,1.82,1.1741,1,1.815,1.1709,1125,2
SPY190522P283,2019-05-20,2019-05-20 09:38:58,1.82,1.1741,194,1.8,1.1612,1,1.82,1.1741,1,1.81,1.1677,1125,0
SPY190522P283,2019-05-20,2019-05-20 09:39:00,1.82,1.1741,6,1.79,1.1548,151,1.8,1.1612,19,1.805,1.1645,1145,20
SPY190522P283,2019-05-20,2019-05-20 09:39:00,1.81,1.1677,100,1.79,1.1548,323,1.8,1.1612,19,1.8,1.1612,1145,0
SPY190522P283,2019-05-20,2019-05-20 09:39:02,1.82,1.1741,50,1.79,1.1548,84,1.8,1.1612,19,1.805,1.1645,1145,0
SPY190522P283,2019-05-20,2019-05-20 09:39:03,1.8,1.1612,1,1.79,1.1548,25,1.8,1.1612,1,1.795,1.158,1146,1
SPY190522P283,2019-05-20,2019-05-20 09:39:05,1.81,1.1677,79,1.79,1.1548,25,1.8,1.1612,1,1.8,1.1612,1146,0
SPY190522P283,2019-05-20,2019-05-20 09:39:06,1.83,1.1806,2,1.81,1.1677,75,1.8,1.1612,1,1.82,1.1741,1150,4
SPY190522P283,2019-05-20,2019-05-20 09:39:08,1.86,1.2,89,1.82,1.1741,350,1.83,1.1806,2,1.84,1.187,1152,2
SPY190522P283,2019-05-20,2019-05-20 09:39:09,1.85,1.1935,11,1.82,1.1741,969,1.83,1.1806,2,1.835,1.1838,1152,0
SPY190522P283,2019-05-20,2019-05-20 09:39:10,1.85,1.1935,7,1.83,1.1806,50,1.83,1.1806,2,1.84,1.187,1152,0
SPY190522P283,2019-05-20,2019-05-20 09:39:12,1.85,1.1935,5,1.83,1.1806,100,1.83,1.1806,2,1.84,1.187,1152,0
SPY190522P283,2019-05-20,2019-05-20 09:39:13,1.87,1.2064,199,1.84,1.187,50,1.87,1.2064,1,1.855,1.1967,1160,8
SPY190522P283,2019-05-20,2019-05-20 09:39:14,1.85,1.1935,160,1.81,1.1677,50,1.87,1.2064,1,1.83,1.1806,1160,0
SPY190522P283,2019-05-20,2019-05-20 09:39:16,1.85,1.1935,50,1.82,1.1741,50,1.85,1.1935,6,1.835,1.1838,1166,6
SPY190522P283,2019-05-20,2019-05-20 09:39:18,1.84,1.187,138,1.81,1.1677,351,1.85,1.1935,6,1.825,1.1774,1166,0
SPY190522P283,2019-05-20,2019-05-20 09:39:19,1.84,1.187,251,1.81,1.1677,101,1.85,1.1935,6,1.825,1.1774,1166,0
SPY190522P283,2019-05-20,2019-05-20 09:39:21,1.83,1.1806,149,1.8,1.1612,441,1.85,1.1935,6,1.815,1.1709,1166,0
SPY190522P283,2019-05-20,2019-05-20 09:39:22,1.83,1.1806,100,1.8,1.1612,105,1.85,1.1935,6,1.815,1.1709,1166,0
SPY190522P283,2019-05-20,2019-05-20 09:39:24,1.84,1.187,278,1.81,1.1677,140,1.85,1.1935,6,1.825,1.1774,1166,0
SPY190522P283,2019-05-20,2019-05-20 09:39:25,1.83,1.1806,100,1.82,1.1741,11,1.85,1.1935,6,1.825,1.1774,1166,0
SPY190522P283,2019-05-20,2019-05-20 09:39:28,1.85,1.1935,50,1.82,1.1741,120,1.85,1.1935,6,1.835,1.1838,1166,0
SPY190522P283,2019-05-20,2019-05-20 09:39:29,1.86,1.2,71,1.83,1.1806,25,1.85,1.1935,6,1.845,1.1903,1166,0
SPY190522P283,2019-05-20,2019-05-20 09:39:31,1.86,1.2,7,1.84,1.187,100,1.85,1.1935,20,1.85,1.1935,1186,20
SPY190522P283,2019-05-20,2019-05-20 09:39:32,1.86,1.2,8,1.84,1.187,101,1.85,1.1935,20,1.85,1.1935,1186,0
SPY190522P283,2019-05-20,2019-05-20 09:39:33,1.86,1.2,241,1.83,1.1806,265,1.85,1.1935,20,1.845,1.1903,1186,0
SPY190522P283,2019-05-20,2019-05-20 09:39:34,1.86,1.2,90,1.83,1.1806,93,1.85,1.1935,20,1.845,1.1903,1186,0
SPY190522P283,2019-05-20,2019-05-20 09:39:36,1.85,1.1935,105,1.83,1.1806,3,1.85,1.1935,20,1.84,1.187,1186,0
SPY190522P283,2019-05-20,2019-05-20 09:39:37,1.85,1.1935,6,1.83,1.1806,3,1.85,1.1935,20,1.84,1.187,1186,0
SPY190522P283,2019-05-20,2019-05-20 09:39:39,1.84,1.187,100,1.83,1.1806,3,1.85,1.1935,20,1.835,1.1838,1186,0
SPY190522P283,2019-05-20,2019-05-20 09:39:40,1.83,1.1806,2,1.82,1.1741,11,1.83,1.1806,3,1.825,1.1774,1189,3
SPY190522P283,2019-05-20,2019-05-20 09:39:41,1.83,1.1806,305,1.82,1.1741,11,1.83,1.1806,3,1.825,1.1774,1189,0
SPY190522P283,2019-05-20,2019-05-20 09:39:43,1.79,1.1548,480,1.75,1.129,529,1.79,1.1548,1,1.77,1.1419,1227,38
SPY190522P283,2019-05-20,2019-05-20 09:39:44,1.79,1.1548,508,1.75,1.129,109,1.79,1.1548,1,1.77,1.1419,1227,0
SPY190522P283,2019-05-20,2019-05-20 09:39:46,1.78,1.1483,350,1.74,1.1225,51,1.79,1.1548,1,1.76,1.1354,1227,0
SPY190522P283,2019-05-20,2019-05-20 09:39:48,1.76,1.1354,160,1.72,1.1096,152,1.73,1.1161,7,1.74,1.1225,1237,10
SPY190522P283,2019-05-20,2019-05-20 09:39:49,1.78,1.1483,300,1.75,1.129,97,1.73,1.1161,7,1.765,1.1387,1237,0
SPY190522P283,2019-05-20,2019-05-20 09:39:51,1.77,1.1419,65,1.74,1.1225,64,1.74,1.1225,1,1.755,1.1322,1238,1
SPY190522P283,2019-05-20,2019-05-20 09:39:52,1.83,1.1806,1,1.77,1.1419,350,1.78,1.1483,1,1.8,1.1612,1241,3
SPY190522P283,2019-05-20,2019-05-20 09:39:53,1.82,1.1741,305,1.79,1.1548,90,1.78,1.1483,1,1.805,1.1645,1241,0
SPY190522P283,2019-05-20,2019-05-20 09:39:55,1.81,1.1677,195,1.78,1.1483,188,1.78,1.1483,1,1.795,1.158,1241,0
SPY190522P283,2019-05-20,2019-05-20 09:39:56,1.81,1.1677,282,1.79,1.1548,300,1.78,1.1483,1,1.8,1.1612,1241,0
SPY190522P283,2019-05-20,2019-05-20 09:39:58,1.85,1.1935,78,1.83,1.1806,1,1.83,1.1806,1,1.84,1.187,1242,1
SPY190522P283,2019-05-20,2019-05-20 09:39:59,1.86,1.2,340,1.83,1.1806,36,1.83,1.1806,1,1.845,1.1903,1242,0
SPY190522P283,2019-05-20,2019-05-20 09:40:00,1.85,1.1935,71,1.83,1.1806,51,1.83,1.1806,1,1.84,1.187,1242,0
SPY190522P283,2019-05-20,2019-05-20 09:40:02,1.83,1.1806,96,1.8,1.1612,50,1.83,1.1806,5,1.815,1.1709,1248,6
SPY190522P283,2019-05-20,2019-05-20 09:40:03,1.82,1.1741,1,1.8,1.1612,115,1.83,1.1806,5,1.81,1.1677,1248,0
SPY190522P283,2019-05-20,2019-05-20 09:40:04,1.83,1.1806,100,1.8,1.1612,50,1.83,1.1806,5,1.815,1.1709,1248,0
SPY190522P283,2019-05-20,2019-05-20 09:40:05,1.81,1.1677,150,1.78,1.1483,100,1.83,1.1806,5,1.795,1.158,1248,0
SPY190522P283,2019-05-20,2019-05-20 09:40:06,1.83,1.1806,100,1.8,1.1612,100,1.83,1.1806,5,1.815,1.1709,1248,0
SPY190522P283,2019-05-20,2019-05-20 09:40:07,1.83,1.1806,141,1.8,1.1612,101,1.83,1.1806,5,1.815,1.1709,1248,0
SPY190522P283,2019-05-20,2019-05-20 09:40:08,1.83,1.1806,320,1.8,1.1612,89,1.83,1.1806,5,1.815,1.1709,1248,0
SPY190522P283,2019-05-20,2019-05-20 09:40:09,1.82,1.1741,192,1.79,1.1548,122,1.83,1.1806,5,1.805,1.1645,1248,0
SPY190522P283,2019-05-20,2019-05-20 09:40:10,1.82,1.1741,290,1.79,1.1548,122,1.83,1.1806,5,1.805,1.1645,1248,0
SPY190522P283,2019-05-20,2019-05-20 09:40:11,1.82,1.1741,42,1.79,1.1548,210,1.83,1.1806,5,1.805,1.1645,1248,0
SPY190522P283,2019-05-20,2019-05-20 09:40:12,1.83,1.1806,327,1.79,1.1548,100,1.83,1.1806,5,1.81,1.1677,1248,0
SPY190522P283,2019-05-20,2019-05-20 09:40:13,1.82,1.1741,480,1.79,1.1548,54,1.83,1.1806,5,1.805,1.1645,1248,0
SPY190522P283,2019-05-20,2019-05-20 09:40:14,1.82,1.1741,377,1.79,1.1548,51,1.83,1.1806,5,1.805,1.1645,1248,0
SPY190522P283,2019-05-20,2019-05-20 09:40:15,1.83,1.1806,71,1.79,1.1548,128,1.83,1.1806,5,1.81,1.1677,1248,0
SPY190522P283,2019-05-20,2019-05-20 09:40:16,1.82,1.1741,320,1.79,1.1548,219,1.83,1.1806,5,1.805,1.1645,1248,0
SPY190522P283,2019-05-20,2019-05-20 09:40:17,1.82,1.1741,466,1.79,1.1548,29,1.83,1.1806,5,1.805,1.1645,1248,0
SPY190522P283,2019-05-20,2019-05-20 09:40:18,1.81,1.1677,60,1.79,1.1548,84,1.83,1.1806,5,1.8,1.1612,1248,0
SPY190522P283,2019-05-20,2019-05-20 09:40:19,1.81,1.1677,423,1.79,1.1548,84,1.83,1.1806,5,1.8,1.1612,1248,0
SPY190522P283,2019-05-20,2019-05-20 09:40:20,1.8,1.1612,107,1.76,1.1354,66,1.83,1.1806,5,1.78,1.1483,1248,0
SPY190522P283,2019-05-20,2019-05-20 09:40:21,1.79,1.1548,150,1.75,1.129,70,1.83,1.1806,5,1.77,1.1419,1248,0
SPY190522P283,2019-05-20,2019-05-20 09:40:22,1.77,1.1419,89,1.74,1.1225,100,1.77,1.1419,10,1.755,1.1322,1258,10
SPY190522P283,2019-05-20,2019-05-20 09:40:23,1.79,1.1548,71,1.76,1.1354,141,1.77,1.1419,10,1.775,1.1451,1258,0
SPY190522P283,2019-05-20,2019-05-20 09:40:24,1.78,1.1483,630,1.74,1.1225,50,1.78,1.1483,2,1.76,1.1354,1358,100
SPY190522P283,2019-05-20,2019-05-20 09:40:25,1.77,1.1419,461,1.74,1.1225,51,1.78,1.1483,2,1.755,1.1322,1358,0
SPY190522P283,2019-05-20,2019-05-20 09:40:26,1.78,1.1483,201,1.75,1.129,433,1.78,1.1483,3,1.765,1.1387,1368,10
SPY190522P283,2019-05-20,2019-05-20 09:40:28,1.79,1.1548,109,1.76,1.1354,100,1.76,1.1354,24,1.775,1.1451,1408,40
SPY190522P283,2019-05-20,2019-05-20 09:40:29,1.79,1.1548,65,1.76,1.1354,174,1.76,1.1354,24,1.775,1.1451,1408,0
SPY190522P283,2019-05-20,2019-05-20 09:40:30,1.8,1.1612,72,1.76,1.1354,71,1.76,1.1354,24,1.78,1.1483,1408,0
SPY190522P283,2019-05-20,2019-05-20 09:40:31,1.79,1.1548,472,1.76,1.1354,1,1.76,1.1354,24,1.775,1.1451,1408,0
SPY190522P283,2019-05-20,2019-05-20 09:40:32,1.78,1.1483,300,1.75,1.129,393,1.76,1.1354,24,1.765,1.1387,1408,0
SPY190522P283,2019-05-20,2019-05-20 09:40:33,1.78,1.1483,300,1.74,1.1225,100,1.76,1.1354,24,1.76,1.1354,1408,0
SPY190522P283,2019-05-20,2019-05-20 09:40:34,1.78,1.1483,499,1.74,1.1225,209,1.77,1.1419,1,1.76,1.1354,1415,2
SPY190522P283,2019-05-20,2019-05-20 09:40:34,1.76,1.1354,1,1.74,1.1225,50,1.76,1.1354,5,1.75,1.129,1413,5
SPY190522P283,2019-05-20,2019-05-20 09:40:36,1.79,1.1548,521,1.75,1.129,418,1.77,1.1419,1,1.77,1.1419,1415,0
SPY190522P283,2019-05-20,2019-05-20 09:40:37,1.77,1.1419,186,1.74,1.1225,100,1.77,1.1419,1,1.755,1.1322,1415,0
SPY190522P283,2019-05-20,2019-05-20 09:40:38,1.77,1.1419,51,1.74,1.1225,6,1.77,1.1419,1,1.755,1.1322,1415,0
SPY190522P283,2019-05-20,2019-05-20 09:40:39,1.78,1.1483,100,1.75,1.129,100,1.77,1.1419,1,1.765,1.1387,1415,0
SPY190522P283,2019-05-20,2019-05-20 09:40:40,1.78,1.1483,3,1.75,1.129,450,1.77,1.1419,1,1.765,1.1387,1415,0
SPY190522P283,2019-05-20,2019-05-20 09:40:41,1.79,1.1548,50,1.77,1.1419,92,1.77,1.1419,1,1.78,1.1483,1415,0
SPY190522P283,2019-05-20,2019-05-20 09:40:42,1.79,1.1548,107,1.76,1.1354,274,1.77,1.1419,1,1.775,1.1451,1415,0
SPY190522P283,2019-05-20,2019-05-20 09:40:43,1.79,1.1548,99,1.77,1.1419,50,1.77,1.1419,1,1.78,1.1483,1415,0
SPY190522P283,2019-05-20,2019-05-20 09:40:44,1.79,1.1548,38,1.76,1.1354,234,1.77,1.1419,1,1.775,1.1451,1415,0
SPY190522P283,2019-05-20,2019-05-20 09:40:45,1.79,1.1548,503,1.75,1.129,300,1.77,1.1419,1,1.77,1.1419,1415,0
SPY190522P283,2019-05-20,2019-05-20 09:40:46,1.79,1.1548,50,1.76,1.1354,462,1.77,1.1419,1,1.775,1.1451,1415,0
SPY190522P283,2019-05-20,2019-05-20 09:40:47,1.79,1.1548,41,1.77,1.1419,60,1.77,1.1419,1,1.78,1.1483,1415,0
SPY190522P283,2019-05-20,2019-05-20 09:40:48,1.79,1.1548,7,1.77,1.1419,101,1.77,1.1419,1,1.78,1.1483,1415,0
SPY190522P283,2019-05-20,2019-05-20 09:40:49,1.79,1.1548,52,1.77,1.1419,50,1.77,1.1419,1,1.78,1.1483,1415,0
SPY190522P283,2019-05-20,2019-05-20 09:40:50,1.79,1.1548,104,1.77,1.1419,50,1.77,1.1419,1,1.78,1.1483,1415,0
SPY190522P283,2019-05-20,2019-05-20 09:40:51,1.79,1.1548,1,1.77,1.1419,92,1.77,1.1419,1,1.78,1.1483,1415,0
SPY190522P283,2019-05-20,2019-05-20 09:40:52,1.79,1.1548,7,1.77,1.1419,84,1.77,1.1419,1,1.78,1.1483,1415,0
SPY190522P283,2019-05-20,2019-05-20 09:40:53,1.79,1.1548,11,1.77,1.1419,49,1.77,1.1419,1,1.78,1.1483,1415,0
SPY190522P283,2019-05-20,2019-05-20 09:40:54,1.82,1.1741,51,1.8,1.1612,208,1.79,1.1548,1,1.81,1.1677,1416,1
SPY190522P283,2019-05-20,2019-05-20 09:40:55,1.83,1.1806,150,1.8,1.1612,50,1.83,1.1806,2,1.815,1.1709,1418,2
SPY190522P283,2019-05-20,2019-05-20 09:40:56,1.82,1.1741,100,1.8,1.1612,86,1.83,1.1806,2,1.81,1.1677,1418,0
SPY190522P283,2019-05-20,2019-05-20 09:40:57,1.83,1.1806,39,1.79,1.1548,151,1.83,1.1806,2,1.81,1.1677,1418,0
SPY190522P283,2019-05-20,2019-05-20 09:40:58,1.8,1.1612,7,1.77,1.1419,31,1.83,1.1806,2,1.785,1.1516,1418,0
SPY190522P283,2019-05-20,2019-05-20 09:40:59,1.79,1.1548,450,1.75,1.129,151,1.83,1.1806,2,1.77,1.1419,1418,0
SPY190522P283,2019-05-20,2019-05-20 09:41:00,1.78,1.1483,150,1.75,1.129,100,1.83,1.1806,2,1.765,1.1387,1418,0
SPY190522P283,2019-05-20,2019-05-20 09:41:01,1.78,1.1483,149,1.75,1.129,123,1.83,1.1806,2,1.765,1.1387,1418,0
SPY190522P283,2019-05-20,2019-05-20 09:41:02,1.78,1.1483,480,1.74,1.1225,327,1.83,1.1806,2,1.76,1.1354,1418,0
SPY190522P283,2019-05-20,2019-05-20 09:41:03,1.76,1.1354,1,1.75,1.129,84,1.83,1.1806,2,1.755,1.1322,1418,0
SPY190522P283,2019-05-20,2019-05-20 09:41:04,1.76,1.1354,1,1.75,1.129,83,1.83,1.1806,2,1.755,1.1322,1418,0
SPY190522P283,2019-05-20,2019-05-20 09:41:05,1.76,1.1354,1,1.75,1.129,50,1.83,1.1806,2,1.755,1.1322,1418,0
SPY190522P283,2019-05-20,2019-05-20 09:41:06,1.76,1.1354,1,1.75,1.129,100,1.83,1.1806,2,1.755,1.1322,1418,0
SPY190522P283,2019-05-20,2019-05-20 09:41:07,1.76,1.1354,1,1.74,1.1225,100,1.83,1.1806,2,1.75,1.129,1418,0
SPY190522P283,2019-05-20,2019-05-20 09:41:08,1.78,1.1483,590,1.75,1.129,65,1.76,1.1354,1,1.765,1.1387,1419,1
SPY190522P283,2019-05-20,2019-05-20 09:41:09,1.78,1.1483,590,1.75,1.129,50,1.76,1.1354,1,1.765,1.1387,1419,0
SPY190522P283,2019-05-20,2019-05-20 09:41:10,1.77,1.1419,160,1.74,1.1225,50,1.76,1.1354,1,1.755,1.1322,1419,0
SPY190522P283,2019-05-20,2019-05-20 09:41:11,1.76,1.1354,500,1.74,1.1225,8,1.76,1.1354,1,1.75,1.129,1419,0
SPY190522P283,2019-05-20,2019-05-20 09:41:12,1.76,1.1354,667,1.71,1.1032,121,1.74,1.1225,8,1.735,1.1193,1427,8
SPY190522P283,2019-05-20,2019-05-20 09:41:13,1.75,1.129,390,1.71,1.1032,473,1.74,1.1225,8,1.73,1.1161,1427,0
SPY190522P283,2019-05-20,2019-05-20 09:41:14,1.75,1.129,461,1.72,1.1096,51,1.74,1.1225,8,1.735,1.1193,1427,0
SPY190522P283,2019-05-20,2019-05-20 09:41:15,1.75,1.129,461,1.72,1.1096,341,1.74,1.1225,8,1.735,1.1193,1427,0
SPY190522P283,2019-05-20,2019-05-20 09:41:17,1.75,1.129,461,1.72,1.1096,319,1.74,1.1225,8,1.735,1.1193,1427,0
SPY190522P283,2019-05-20,2019-05-20 09:41:18,1.75,1.129,125,1.72,1.1096,214,1.74,1.1225,8,1.735,1.1193,1427,0
SPY190522P283,2019-05-20,2019-05-20 09:41:19,1.75,1.129,461,1.71,1.1032,467,1.74,1.1225,8,1.73,1.1161,1427,0
SPY190522P283,2019-05-20,2019-05-20 09:41:19,1.75,1.129,160,1.72,1.1096,423,1.74,1.1225,8,1.735,1.1193,1427,0
SPY190522P283,2019-05-20,2019-05-20 09:41:20,1.73,1.1161,233,1.69,1.0903,132,1.74,1.1225,8,1.71,1.1032,1427,0
SPY190522P283,2019-05-20,2019-05-20 09:41:21,1.73,1.1161,71,1.7,1.0967,75,1.74,1.1225,8,1.715,1.1064,1427,0
SPY190522P283,2019-05-20,2019-05-20 09:41:22,1.73,1.1161,96,1.7,1.0967,340,1.73,1.1161,1,1.715,1.1064,1428,1
SPY190522P283,2019-05-20,2019-05-20 09:41:23,1.72,1.1096,241,1.69,1.0903,95,1.73,1.1161,1,1.705,1.1,1428,0
SPY190522P283,2019-05-20,2019-05-20 09:41:24,1.72,1.1096,480,1.68,1.0838,465,1.73,1.1161,1,1.7,1.0967,1428,0
SPY190522P283,2019-05-20,2019-05-20 09:41:25,1.71,1.1032,50,1.68,1.0838,101,1.73,1.1161,1,1.695,1.0935,1428,0
SPY190522P283,2019-05-20,2019-05-20 09:41:26,1.71,1.1032,75,1.68,1.0838,119,1.73,1.1161,1,1.695,1.0935,1428,0
SPY190522P283,2019-05-20,2019-05-20 09:41:27,1.72,1.1096,538,1.68,1.0838,490,1.73,1.1161,1,1.7,1.0967,1428,0
SPY190522P283,2019-05-20,2019-05-20 09:41:28,1.72,1.1096,50,1.7,1.0967,150,1.73,1.1161,1,1.71,1.1032,1428,0
SPY190522P283,2019-05-20,2019-05-20 09:41:29,1.73,1.1161,91,1.7,1.0967,273,1.73,1.1161,1,1.715,1.1064,1428,0
SPY190522P283,2019-05-20,2019-05-20 09:41:30,1.73,1.1161,125,1.7,1.0967,459,1.73,1.1161,1,1.715,1.1064,1428,0
SPY190522P283,2019-05-20,2019-05-20 09:41:31,1.73,1.1161,63,1.7,1.0967,229,1.73,1.1161,1,1.715,1.1064,1428,0
SPY190522P283,2019-05-20,2019-05-20 09:41:32,1.74,1.1225,225,1.71,1.1032,384,1.73,1.1161,1,1.725,1.1129,1428,0
SPY190522P283,2019-05-20,2019-05-20 09:41:33,1.74,1.1225,142,1.71,1.1032,43,1.73,1.1161,1,1.725,1.1129,1428,0
SPY190522P283,2019-05-20,2019-05-20 09:41:34,1.74,1.1225,2,1.71,1.1032,90,1.74,1.1225,15,1.725,1.1129,1443,15
SPY190522P283,2019-05-20,2019-05-20 09:41:35,1.74,1.1225,538,1.71,1.1032,38,1.74,1.1225,15,1.725,1.1129,1443,0
SPY190522P283,2019-05-20,2019-05-20 09:41:36,1.73,1.1161,37,1.71,1.1032,100,1.74,1.1225,15,1.72,1.1096,1443,0
SPY190522P283,2019-05-20,2019-05-20 09:41:37,1.74,1.1225,465,1.71,1.1032,100,1.74,1.1225,15,1.725,1.1129,1443,0
SPY190522P283,2019-05-20,2019-05-20 09:41:38,1.73,1.1161,150,1.69,1.0903,336,1.74,1.1225,15,1.71,1.1032,1443,0
SPY190522P283,2019-05-20,2019-05-20 09:41:39,1.73,1.1161,538,1.69,1.0903,480,1.7,1.0967,30,1.71,1.1032,1473,30
SPY190522P283,2019-05-20,2019-05-20 09:41:40,1.73,1.1161,538,1.69,1.0903,499,1.7,1.0967,30,1.71,1.1032,1473,0
SPY190522P283,2019-05-20,2019-05-20 09:41:41,1.73,1.1161,538,1.69,1.0903,499,1.7,1.0967,30,1.71,1.1032,1473,0
SPY190522P283,2019-05-20,2019-05-20 09:41:42,1.73,1.1161,674,1.69,1.0903,319,1.7,1.0967,30,1.71,1.1032,1473,0
SPY190522P283,2019-05-20,2019-05-20 09:41:43,1.72,1.1096,160,1.69,1.0903,50,1.7,1.0967,30,1.705,1.1,1473,0
SPY190522P283,2019-05-20,2019-05-20 09:41:44,1.7,1.0967,102,1.68,1.0838,100,1.7,1.0967,30,1.69,1.0903,1473,0
SPY190522P283,2019-05-20,2019-05-20 09:41:45,1.7,1.0967,2,1.66,1.0709,226,1.69,1.0903,5,1.68,1.0838,1478,5
SPY190522P283,2019-05-20,2019-05-20 09:41:46,1.7,1.0967,480,1.67,1.0774,50,1.69,1.0903,5,1.685,1.087,1478,0
SPY190522P283,2019-05-20,2019-05-20 09:41:47,1.69,1.0903,51,1.66,1.0709,244,1.69,1.0903,5,1.675,1.0806,1478,0
SPY190522P283,2019-05-20,2019-05-20 09:41:48,1.7,1.0967,102,1.68,1.0838,15,1.69,1.0903,5,1.69,1.0903,1478,0
SPY190522P283,2019-05-20,2019-05-20 09:41:49,1.7,1.0967,618,1.68,1.0838,16,1.68,1.0838,5,1.69,1.0903,1483,5
SPY190522P283,2019-05-20,2019-05-20 09:41:50,1.7,1.0967,664,1.67,1.0774,121,1.68,1.0838,5,1.685,1.087,1483,0
SPY190522P283,2019-05-20,2019-05-20 09:41:51,1.69,1.0903,160,1.67,1.0774,16,1.68,1.0838,5,1.68,1.0838,1483,0
SPY190522P283,2019-05-20,2019-05-20 09:41:52,1.66,1.0709,109,1.64,1.058,15,1.69,1.0903,1,1.65,1.0645,1484,1
SPY190522P283,2019-05-20,2019-05-20 09:41:53,1.69,1.0903,84,1.65,1.0645,156,1.69,1.0903,1,1.67,1.0774,1484,0
SPY190522P283,2019-05-20,2019-05-20 09:41:54,1.69,1.0903,100,1.66,1.0709,87,1.69,1.0903,1,1.675,1.0806,1484,0
SPY190522P283,2019-05-20,2019-05-20 09:41:55,1.68,1.0838,1,1.66,1.0709,340,1.68,1.0838,50,1.67,1.0774,1534,50
SPY190522P283,2019-05-20,2019-05-20 09:41:56,1.7,1.0967,150,1.68,1.0838,16,1.68,1.0838,50,1.69,1.0903,1534,0
SPY190522P283,2019-05-20,2019-05-20 09:41:57,1.7,1.0967,402,1.66,1.0709,226,1.68,1.0838,50,1.68,1.0838,1534,0
SPY190522P283,2019-05-20,2019-05-20 09:41:58,1.69,1.0903,1,1.66,1.0709,86,1.68,1.0838,50,1.675,1.0806,1534,0
SPY190522P283,2019-05-20,2019-05-20 09:41:59,1.69,1.0903,100,1.67,1.0774,16,1.69,1.0903,1,1.68,1.0838,1535,1
SPY190522P283,2019-05-20,2019-05-20 09:42:00,1.69,1.0903,136,1.67,1.0774,16,1.69,1.0903,1,1.68,1.0838,1535,0
SPY190522P283,2019-05-20,2019-05-20 09:42:01,1.69,1.0903,387,1.66,1.0709,325,1.69,1.0903,1,1.675,1.0806,1535,0
SPY190522P283,2019-05-20,2019-05-20 09:42:02,1.73,1.1161,75,1.69,1.0903,81,1.69,1.0903,1,1.71,1.1032,1535,0
SPY190522P283,2019-05-20,2019-05-20 09:42:03,1.72,1.1096,180,1.67,1.0774,157,1.69,1.0903,4,1.695,1.0935,1539,4
SPY190522P283,2019-05-20,2019-05-20 09:42:04,1.69,1.0903,107,1.66,1.0709,65,1.69,1.0903,4,1.675,1.0806,1539,0
SPY190522P283,2019-05-20,2019-05-20 09:42:05,1.69,1.0903,101,1.66,1.0709,97,1.69,1.0903,4,1.675,1.0806,1539,0
SPY190522P283,2019-05-20,2019-05-20 09:42:06,1.7,1.0967,160,1.66,1.0709,64,1.69,1.0903,4,1.68,1.0838,1539,0
SPY190522P283,2019-05-20,2019-05-20 09:42:07,1.7,1.0967,146,1.67,1.0774,60,1.69,1.0903,4,1.685,1.087,1539,0
SPY190522P283,2019-05-20,2019-05-20 09:42:09,1.68,1.0838,3,1.65,1.0645,65,1.69,1.0903,4,1.665,1.0741,1539,0
SPY190522P283,2019-05-20,2019-05-20 09:42:10,1.68,1.0838,154,1.66,1.0709,11,1.69,1.0903,4,1.67,1.0774,1539,0
SPY190522P283,2019-05-20,2019-05-20 09:42:12,1.68,1.0838,6,1.67,1.0774,60,1.69,1.0903,4,1.675,1.0806,1539,0
SPY190522P283,2019-05-20,2019-05-20 09:42:13,1.71,1.1032,353,1.67,1.0774,66,1.68,1.0838,3,1.69,1.0903,1542,3
SPY190522P283,2019-05-20,2019-05-20 09:42:14,1.7,1.0967,10,1.67,1.0774,11,1.68,1.0838,3,1.685,1.087,1542,0
SPY190522P283,2019-05-20,2019-05-20 09:42:15,1.7,1.0967,446,1.67,1.0774,60,1.68,1.0838,3,1.685,1.087,1542,0
SPY190522P283,2019-05-20,2019-05-20 09:42:16,1.69,1.0903,50,1.67,1.0774,60,1.68,1.0838,3,1.68,1.0838,1542,0
SPY190522P283,2019-05-20,2019-05-20 09:42:17,1.7,1.0967,461,1.67,1.0774,76,1.68,1.0838,3,1.685,1.087,1542,0
SPY190522P283,2019-05-20,2019-05-20 09:42:18,1.69,1.0903,354,1.66,1.0709,65,1.68,1.0838,3,1.675,1.0806,1542,0
SPY190522P283,2019-05-20,2019-05-20 09:42:19,1.69,1.0903,354,1.65,1.0645,340,1.68,1.0838,3,1.67,1.0774,1542,0
SPY190522P283,2019-05-20,2019-05-20 09:42:20,1.69,1.0903,50,1.67,1.0774,114,1.67,1.0774,2,1.68,1.0838,1544,2
SPY190522P283,2019-05-20,2019-05-20 09:42:21,1.69,1.0903,50,1.67,1.0774,319,1.67,1.0774,2,1.68,1.0838,1544,0
SPY190522P283,2019-05-20,2019-05-20 09:42:22,1.69,1.0903,50,1.67,1.0774,319,1.67,1.0774,2,1.68,1.0838,1544,0
SPY190522P283,2019-05-20,2019-05-20 09:42:24,1.69,1.0903,98,1.67,1.0774,360,1.67,1.0774,2,1.68,1.0838,1544,0
SPY190522P283,2019-05-20,2019-05-20 09:42:25,1.67,1.0774,9,1.64,1.058,59,1.67,1.0774,2,1.655,1.0677,1544,0
SPY190522P283,2019-05-20,2019-05-20 09:42:26,1.68,1.0838,92,1.66,1.0709,82,1.67,1.0774,2,1.67,1.0774,1544,0
SPY190522P283,2019-05-20,2019-05-20 09:42:27,1.67,1.0774,75,1.61,1.0387,600,1.67,1.0774,2,1.64,1.058,1544,0
SPY190522P283,2019-05-20,2019-05-20 09:42:28,1.66,1.0709,26,1.63,1.0516,65,1.67,1.0774,2,1.645,1.0612,1544,0
SPY190522P283,2019-05-20,2019-05-20 09:42:29,1.66,1.0709,150,1.64,1.058,50,1.67,1.0774,2,1.65,1.0645,1544,0
SPY190522P283,2019-05-20,2019-05-20 09:42:30,1.66,1.0709,64,1.64,1.058,100,1.67,1.0774,2,1.65,1.0645,1544,0
SPY190522P283,2019-05-20,2019-05-20 09:42:31,1.66,1.0709,151,1.63,1.0516,55,1.67,1.0774,2,1.645,1.0612,1544,0
SPY190522P283,2019-05-20,2019-05-20 09:42:32,1.65,1.0645,50,1.63,1.0516,77,1.67,1.0774,2,1.64,1.058,1544,0
SPY190522P283,2019-05-20,2019-05-20 09:42:33,1.66,1.0709,566,1.63,1.0516,319,1.67,1.0774,2,1.645,1.0612,1544,0
SPY190522P283,2019-05-20,2019-05-20 09:42:34,1.65,1.0645,63,1.63,1.0516,61,1.67,1.0774,2,1.64,1.058,1544,0
SPY190522P283,2019-05-20,2019-05-20 09:42:35,1.65,1.0645,300,1.61,1.0387,92,1.63,1.0516,1,1.63,1.0516,1547,3
SPY190522P283,2019-05-20,2019-05-20 09:42:36,1.64,1.058,150,1.61,1.0387,65,1.63,1.0516,1,1.625,1.0483,1547,0
SPY190522P283,2019-05-20,2019-05-20 09:42:38,1.65,1.0645,105,1.62,1.0451,20,1.63,1.0516,1,1.635,1.0548,1547,0
SPY190522P283,2019-05-20,2019-05-20 09:42:39,1.64,1.058,54,1.62,1.0451,20,1.63,1.0516,1,1.63,1.0516,1547,0
SPY190522P283,2019-05-20,2019-05-20 09:42:40,1.62,1.0451,352,1.58,1.0193,91,1.62,1.0451,17,1.6,1.0322,1568,21
SPY190522P283,2019-05-20,2019-05-20 09:42:42,1.6,1.0322,241,1.57,1.0129,8,1.62,1.0451,17,1.585,1.0225,1568,0
SPY190522P283,2019-05-20,2019-05-20 09:42:43,1.6,1.0322,480,1.57,1.0129,52,1.62,1.0451,17,1.585,1.0225,1568,0
SPY190522P283,2019-05-20,2019-05-20 09:42:44,1.6,1.0322,462,1.57,1.0129,240,1.57,1.0129,3,1.585,1.0225,1571,3
SPY190522P283,2019-05-20,2019-05-20 09:42:45,1.6,1.0322,538,1.58,1.0193,11,1.57,1.0129,3,1.59,1.0258,1571,0
SPY190522P283,2019-05-20,2019-05-20 09:42:47,1.6,1.0322,411,1.57,1.0129,109,1.57,1.0129,3,1.585,1.0225,1571,0
SPY190522P283,2019-05-20,2019-05-20 09:42:48,1.59,1.0258,403,1.55,1.0,16,1.57,1.0129,3,1.57,1.0129,1571,0
SPY190522P283,2019-05-20,2019-05-20 09:42:49,1.58,1.0193,215,1.55,1.0,11,1.57,1.0129,3,1.565,1.0096,1571,0
SPY190522P283,2019-05-20,2019-05-20 09:42:50,1.58,1.0193,552,1.54,0.9935,532,1.57,1.0129,3,1.56,1.0064,1571,0
SPY190522P283,2019-05-20,2019-05-20 09:42:51,1.58,1.0193,658,1.54,0.9935,565,1.55,1.0,1,1.56,1.0064,1573,2
SPY190522P283,2019-05-20,2019-05-20 09:42:53,1.6,1.0322,146,1.56,1.0064,637,1.55,1.0,1,1.58,1.0193,1573,0
SPY190522P283,2019-05-20,2019-05-20 09:42:54,1.6,1.0322,6,1.59,1.0258,23,1.57,1.0129,3,1.595,1.029,1583,10
SPY190522P283,2019-05-20,2019-05-20 09:42:54,1.61,1.0387,381,1.58,1.0193,41,1.57,1.0129,3,1.595,1.029,1583,0
SPY190522P283,2019-05-20,2019-05-20 09:42:56,1.61,1.0387,100,1.58,1.0193,384,1.59,1.0258,10,1.595,1.029,1593,10
SPY190522P283,2019-05-20,2019-05-20 09:42:57,1.62,1.0451,120,1.59,1.0258,215,1.59,1.0258,10,1.605,1.0354,1593,0
SPY190522P283,2019-05-20,2019-05-20 09:42:58,1.61,1.0387,88,1.58,1.0193,66,1.59,1.0258,10,1.595,1.029,1593,0
SPY190522P283,2019-05-20,2019-05-20 09:43:00,1.63,1.0516,106,1.6,1.0322,65,1.59,1.0258,10,1.615,1.0419,1593,0
SPY190522P283,2019-05-20,2019-05-20 09:43:00,1.63,1.0516,498,1.6,1.0322,58,1.59,1.0258,10,1.615,1.0419,1593,0
SPY190522P283,2019-05-20,2019-05-20 09:43:01,1.61,1.0387,100,1.59,1.0258,108,1.59,1.0258,10,1.6,1.0322,1593,0
SPY190522P283,2019-05-20,2019-05-20 09:43:03,1.6,1.0322,538,1.57,1.0129,50,1.59,1.0258,10,1.585,1.0225,1593,0
SPY190522P283,2019-05-20,2019-05-20 09:43:04,1.57,1.0129,155,1.54,0.9935,123,1.57,1.0129,50,1.555,1.0032,1643,50
SPY190522P283,2019-05-20,2019-05-20 09:43:05,1.57,1.0129,104,1.55,1.0,65,1.57,1.0129,50,1.56,1.0064,1643,0
SPY190522P283,2019-05-20,2019-05-20 09:43:06,1.58,1.0193,387,1.55,1.0,100,1.57,1.0129,50,1.565,1.0096,1643,0
SPY190522P283,2019-05-20,2019-05-20 09:43:07,1.59,1.0258,160,1.58,1.0193,22,1.57,1.0129,50,1.585,1.0225,1643,0
SPY190522P283,2019-05-20,2019-05-20 09:43:09,1.6,1.0322,404,1.57,1.0129,21,1.6,1.0322,2,1.585,1.0225,1645,2
SPY190522P283,2019-05-20,2019-05-20 09:43:10,1.6,1.0322,50,1.58,1.0193,108,1.6,1.0322,2,1.59,1.0258,1645,0
SPY190522P283,2019-05-20,2019-05-20 09:43:12,1.61,1.0387,151,1.59,1.0258,55,1.6,1.0322,2,1.6,1.0322,1645,0
SPY190522P283,2019-05-20,2019-05-20 09:43:13,1.59,1.0258,354,1.56,1.0064,17,1.6,1.0322,2,1.575,1.0161,1645,0
SPY190522P283,2019-05-20,2019-05-20 09:43:15,1.58,1.0193,55,1.57,1.0129,9,1.6,1.0322,2,1.575,1.0161,1645,0
SPY190522P283,2019-05-20,2019-05-20 09:43:16,1.59,1.0258,109,1.57,1.0129,18,1.6,1.0322,2,1.58,1.0193,1645,0
SPY190522P283,2019-05-20,2019-05-20 09:43:17,1.6,1.0322,72,1.59,1.0258,17,1.58,1.0193,1,1.595,1.029,1646,1
SPY190522P283,2019-05-20,2019-05-20 09:43:18,1.61,1.0387,31,1.59,1.0258,17,1.58,1.0193,1,1.6,1.0322,1646,0
SPY190522P283,2019-05-20,2019-05-20 09:43:20,1.61,1.0387,241,1.58,1.0193,84,1.58,1.0193,1,1.595,1.029,1646,0
SPY190522P283,2019-05-20,2019-05-20 09:43:21,1.61,1.0387,538,1.58,1.0193,23,1.58,1.0193,1,1.595,1.029,1646,0
SPY190522P283,2019-05-20,2019-05-20 09:43:22,1.62,1.0451,416,1.58,1.0193,105,1.58,1.0193,1,1.6,1.0322,1646,0
SPY190522P283,2019-05-20,2019-05-20 09:43:23,1.6,1.0322,16,1.59,1.0258,1,1.59,1.0258,2,1.595,1.029,1648,2
SPY190522P283,2019-05-20,2019-05-20 09:43:24,1.61,1.0387,6,1.59,1.0258,10,1.59,1.0258,2,1.6,1.0322,1648,0
SPY190522P283,2019-05-20,2019-05-20 09:43:25,1.61,1.0387,62,1.59,1.0258,340,1.59,1.0258,2,1.6,1.0322,1648,0
SPY190522P283,2019-05-20,2019-05-20 09:43:27,1.61,1.0387,56,1.59,1.0258,340,1.59,1.0258,2,1.6,1.0322,1648,0
SPY190522P283,2019-05-20,2019-05-20 09:43:28,1.62,1.0451,107,1.6,1.0322,16,1.59,1.0258,2,1.61,1.0387,1648,0
SPY190522P283,2019-05-20,2019-05-20 09:43:30,1.61,1.0387,186,1.58,1.0193,397,1.59,1.0258,2,1.595,1.029,1648,0
SPY190522P283,2019-05-20,2019-05-20 09:43:31,1.61,1.0387,145,1.59,1.0258,61,1.59,1.0258,2,1.6,1.0322,1648,0
SPY190522P283,2019-05-20,2019-05-20 09:43:32,1.63,1.0516,112,1.6,1.0322,590,1.59,1.0258,2,1.615,1.0419,1648,0
SPY190522P283,2019-05-20,2019-05-20 09:43:34,1.62,1.0451,51,1.6,1.0322,230,1.59,1.0258,2,1.61,1.0387,1648,0
SPY190522P283,2019-05-20,2019-05-20 09:43:35,1.62,1.0451,26,1.6,1.0322,285,1.59,1.0258,2,1.61,1.0387,1648,0
SPY190522P283,2019-05-20,2019-05-20 09:43:36,1.63,1.0516,24,1.61,1.0387,116,1.59,1.0258,2,1.62,1.0451,1648,0
SPY190522P283,2019-05-20,2019-05-20 09:43:38,1.65,1.0645,135,1.63,1.0516,29,1.62,1.0451,20,1.64,1.058,1668,20
SPY190522P283,2019-05-20,2019-05-20 09:43:39,1.65,1.0645,55,1.63,1.0516,48,1.62,1.0451,20,1.64,1.058,1668,0
SPY190522P283,2019-05-20,2019-05-20 09:43:40,1.65,1.0645,55,1.63,1.0516,456,1.62,1.0451,20,1.64,1.058,1668,0
SPY190522P283,2019-05-20,2019-05-20 09:43:42,1.68,1.0838,79,1.65,1.0645,23,1.65,1.0645,40,1.665,1.0741,1708,40
SPY190522P283,2019-05-20,2019-05-20 09:43:43,1.67,1.0774,23,1.64,1.058,375,1.65,1.0645,40,1.655,1.0677,1708,0
SPY190522P283,2019-05-20,2019-05-20 09:43:44,1.67,1.0774,111,1.64,1.058,538,1.65,1.0645,40,1.655,1.0677,1708,0
SPY190522P283,2019-05-20,2019-05-20 09:43:45,1.67,1.0774,151,1.65,1.0645,23,1.65,1.0645,40,1.66,1.0709,1708,0
SPY190522P283,2019-05-20,2019-05-20 09:43:46,1.67,1.0774,73,1.64,1.058,364,1.65,1.0645,40,1.655,1.0677,1708,0
SPY190522P283,2019-05-20,2019-05-20 09:43:48,1.67,1.0774,160,1.64,1.058,408,1.65,1.0645,40,1.655,1.0677,1708,0
SPY190522P283,2019-05-20,2019-05-20 09:43:49,1.66,1.0709,416,1.64,1.058,28,1.65,1.0645,40,1.65,1.0645,1708,0
SPY190522P283,2019-05-20,2019-05-20 09:43:51,1.67,1.0774,538,1.64,1.058,158,1.65,1.0645,40,1.655,1.0677,1708,0
SPY190522P283,2019-05-20,2019-05-20 09:43:52,1.66,1.0709,106,1.64,1.058,116,1.65,1.0645,40,1.65,1.0645,1708,0
SPY190522P283,2019-05-20,2019-05-20 09:43:53,1.65,1.0645,158,1.63,1.0516,62,1.64,1.058,5,1.64,1.058,1713,5
SPY190522P283,2019-05-20,2019-05-20 09:43:54,1.68,1.0838,162,1.64,1.058,308,1.64,1.058,5,1.66,1.0709,1713,0
SPY190522P283,2019-05-20,2019-05-20 09:43:55,1.68,1.0838,614,1.65,1.0645,22,1.64,1.058,5,1.665,1.0741,1713,0
SPY190522P283,2019-05-20,2019-05-20 09:43:57,1.66,1.0709,138,1.63,1.0516,10,1.64,1.058,5,1.645,1.0612,1713,0
SPY190522P283,2019-05-20,2019-05-20 09:43:58,1.65,1.0645,241,1.62,1.0451,106,1.64,1.058,5,1.635,1.0548,1713,0
SPY190522P283,2019-05-20,2019-05-20 09:44:00,1.66,1.0709,16,1.62,1.0451,75,1.64,1.058,5,1.64,1.058,1713,0
SPY190522P283,2019-05-20,2019-05-20 09:44:00,1.67,1.0774,334,1.64,1.058,63,1.64,1.058,5,1.655,1.0677,1713,0
SPY190522P283,2019-05-20,2019-05-20 09:44:02,1.66,1.0709,538,1.62,1.0451,335,1.64,1.058,5,1.64,1.058,1713,0
SPY190522P283,2019-05-20,2019-05-20 09:44:03,1.65,1.0645,106,1.63,1.0516,46,1.64,1.058,5,1.64,1.058,1713,0
SPY190522P283,2019-05-20,2019-05-20 09:44:04,1.66,1.0709,422,1.63,1.0516,184,1.64,1.058,5,1.645,1.0612,1713,0
SPY190522P283,2019-05-20,2019-05-20 09:44:06,1.64,1.058,44,1.63,1.0516,50,1.64,1.058,5,1.635,1.0548,1713,0
SPY190522P283,2019-05-20,2019-05-20 09:44:07,1.65,1.0645,119,1.63,1.0516,39,1.64,1.058,5,1.64,1.058,1713,0
SPY190522P283,2019-05-20,2019-05-20 09:44:08,1.65,1.0645,118,1.62,1.0451,367,1.64,1.058,5,1.635,1.0548,1713,0
SPY190522P283,2019-05-20,2019-05-20 09:44:09,1.64,1.058,175,1.61,1.0387,109,1.64,1.058,5,1.625,1.0483,1713,0
SPY190522P283,2019-05-20,2019-05-20 09:44:10,1.63,1.0516,441,1.6,1.0322,59,1.64,1.058,5,1.615,1.0419,1713,0
SPY190522P283,2019-05-20,2019-05-20 09:44:11,1.63,1.0516,126,1.61,1.0387,50,1.64,1.058,5,1.62,1.0451,1713,0
SPY190522P283,2019-05-20,2019-05-20 09:44:13,1.63,1.0516,129,1.61,1.0387,60,1.64,1.058,5,1.62,1.0451,1713,0
SPY190522P283,2019-05-20,2019-05-20 09:44:14,1.66,1.0709,158,1.63,1.0516,151,1.64,1.058,5,1.645,1.0612,1713,0
SPY190522P283,2019-05-20,2019-05-20 09:44:15,1.65,1.0645,28,1.64,1.058,8,1.64,1.058,5,1.645,1.0612,1713,0
SPY190522P283,2019-05-20,2019-05-20 09:44:16,1.67,1.0774,127,1.64,1.058,427,1.64,1.058,5,1.655,1.0677,1713,0
SPY190522P283,2019-05-20,2019-05-20 09:44:17,1.68,1.0838,65,1.65,1.0645,6,1.64,1.058,5,1.665,1.0741,1713,0
SPY190522P283,2019-05-20,2019-05-20 09:44:19,1.69,1.0903,15,1.66,1.0709,63,1.64,1.058,5,1.675,1.0806,1713,0
SPY190522P283,2019-05-20,2019-05-20 09:44:22,1.67,1.0774,28,1.65,1.0645,293,1.64,1.058,5,1.66,1.0709,1713,0
SPY190522P283,2019-05-20,2019-05-20 09:44:24,1.67,1.0774,160,1.63,1.0516,100,1.66,1.0709,5,1.65,1.0645,1718,5
SPY190522P283,2019-05-20,2019-05-20 09:44:25,1.66,1.0709,120,1.64,1.058,102,1.66,1.0709,5,1.65,1.0645,1718,0
SPY190522P283,2019-05-20,2019-05-20 09:44:27,1.66,1.0709,58,1.64,1.058,102,1.66,1.0709,1,1.65,1.0645,1721,3
SPY190522P283,2019-05-20,2019-05-20 09:44:28,1.67,1.0774,6,1.64,1.058,14,1.66,1.0709,1,1.655,1.0677,1721,0
SPY190522P283,2019-05-20,2019-05-20 09:44:30,1.67,1.0774,60,1.65,1.0645,118,1.66,1.0709,1,1.66,1.0709,1721,0
SPY190522P283,2019-05-20,2019-05-20 09:44:31,1.67,1.0774,129,1.64,1.058,485,1.66,1.0709,1,1.655,1.0677,1721,0
SPY190522P283,2019-05-20,2019-05-20 09:44:33,1.65,1.0645,110,1.62,1.0451,194,1.66,1.0709,1,1.635,1.0548,1721,0
SPY190522P283,2019-05-20,2019-05-20 09:44:34,1.65,1.0645,300,1.61,1.0387,65,1.66,1.0709,1,1.63,1.0516,1721,0
SPY190522P283,2019-05-20,2019-05-20 09:44:36,1.64,1.058,129,1.61,1.0387,96,1.66,1.0709,1,1.625,1.0483,1721,0
SPY190522P283,2019-05-20,2019-05-20 09:44:37,1.64,1.058,100,1.61,1.0387,28,1.66,1.0709,1,1.625,1.0483,1721,0
SPY190522P283,2019-05-20,2019-05-20 09:44:39,1.63,1.0516,50,1.6,1.0322,701,1.66,1.0709,1,1.615,1.0419,1721,0
SPY190522P283,2019-05-20,2019-05-20 09:44:40,1.61,1.0387,62,1.59,1.0258,100,1.66,1.0709,1,1.6,1.0322,1721,0
SPY190522P283,2019-05-20,2019-05-20 09:44:42,1.61,1.0387,63,1.58,1.0193,538,1.66,1.0709,1,1.595,1.029,1721,0
SPY190522P283,2019-05-20,2019-05-20 09:44:43,1.61,1.0387,125,1.59,1.0258,28,1.66,1.0709,1,1.6,1.0322,1721,0
SPY190522P283,2019-05-20,2019-05-20 09:44:45,1.59,1.0258,50,1.57,1.0129,15,1.66,1.0709,1,1.58,1.0193,1721,0
SPY190522P283,2019-05-20,2019-05-20 09:44:46,1.59,1.0258,125,1.57,1.0129,28,1.66,1.0709,1,1.58,1.0193,1721,0
SPY190522P283,2019-05-20,2019-05-20 09:44:48,1.58,1.0193,1,1.57,1.0129,23,1.58,1.0193,1,1.575,1.0161,1722,1
SPY190522P283,2019-05-20,2019-05-20 09:44:50,1.59,1.0258,97,1.57,1.0129,13,1.58,1.0193,1,1.58,1.0193,1722,0
SPY190522P283,2019-05-20,2019-05-20 09:44:51,1.58,1.0193,14,1.56,1.0064,65,1.58,1.0193,1,1.57,1.0129,1722,0
SPY190522P283,2019-05-20,2019-05-20 09:44:53,1.57,1.0129,120,1.55,1.0,1,1.55,1.0,1,1.56,1.0064,1723,1
SPY190522P283,2019-05-20,2019-05-20 09:44:55,1.57,1.0129,300,1.54,0.9935,50,1.55,1.0,1,1.555,1.0032,1723,0
SPY190522P283,2019-05-20,2019-05-20 09:44:56,1.59,1.0258,382,1.56,1.0064,66,1.55,1.0,1,1.575,1.0161,1723,0
SPY190522P283,2019-05-20,2019-05-20 09:44:58,1.59,1.0258,76,1.56,1.0064,160,1.55,1.0,1,1.575,1.0161,1723,0
SPY190522P283,2019-05-20,2019-05-20 09:44:59,1.59,1.0258,116,1.57,1.0129,17,1.55,1.0,1,1.58,1.0193,1723,0
SPY190522P283,2019-05-20,2019-05-20 09:45:00,1.59,1.0258,131,1.57,1.0129,17,1.55,1.0,1,1.58,1.0193,1723,0
SPY190522P283,2019-05-20,2019-05-20 09:45:01,1.58,1.0193,21,1.55,1.0,6,1.55,1.0,1,1.565,1.0096,1723,0
SPY190522P283,2019-05-20,2019-05-20 09:45:02,1.57,1.0129,89,1.52,0.9806,115,1.55,1.0,1,1.545,0.9967,1723,0
SPY190522P283,2019-05-20,2019-05-20 09:45:04,1.55,1.0,127,1.52,0.9806,115,1.55,1.0,1,1.535,0.9903,1723,0
SPY190522P283,2019-05-20,2019-05-20 09:45:05,1.54,0.9935,50,1.52,0.9806,119,1.55,1.0,2,1.53,0.987,1725,2
SPY190522P283,2019-05-20,2019-05-20 09:45:06,1.5,0.9677,50,1.47,0.9483,10,1.52,0.9806,1,1.485,0.958,1726,1
SPY190522P283,2019-05-20,2019-05-20 09:45:07,1.5,0.9677,369,1.47,0.9483,58,1.52,0.9806,1,1.485,0.958,1726,0
SPY190522P283,2019-05-20,2019-05-20 09:45:09,1.49,0.9612,77,1.47,0.9483,20,1.52,0.9806,1,1.48,0.9548,1726,0
SPY190522P283,2019-05-20,2019-05-20 09:45:10,1.48,0.9548,426,1.46,0.9419,17,1.46,0.9419,2,1.47,0.9483,1728,2
SPY190522P283,2019-05-20,2019-05-20 09:45:11,1.47,0.9483,9,1.45,0.9354,1,1.46,0.9419,2,1.46,0.9419,1728,0
SPY190522P283,2019-05-20,2019-05-20 09:45:12,1.45,0.9354,120,1.42,0.9161,50,1.46,0.9419,2,1.435,0.9258,1728,0
SPY190522P283,2019-05-20,2019-05-20 09:45:14,1.45,0.9354,424,1.43,0.9225,17,1.45,0.9354,2,1.44,0.929,1730,2
SPY190522P283,2019-05-20,2019-05-20 09:45:15,1.45,0.9354,404,1.41,0.9096,264,1.45,0.9354,2,1.43,0.9225,1730,0
SPY190522P283,2019-05-20,2019-05-20 09:45:16,1.45,0.9354,463,1.41,0.9096,75,1.45,0.9354,2,1.43,0.9225,1730,0
SPY190522P283,2019-05-20,2019-05-20 09:45:17,1.45,0.9354,6,1.44,0.929,15,1.45,0.9354,2,1.445,0.9322,1730,0
SPY190522P283,2019-05-20,2019-05-20 09:45:18,1.45,0.9354,97,1.43,0.9225,88,1.45,0.9354,2,1.44,0.929,1730,0
SPY190522P283,2019-05-20,2019-05-20 09:45:19,1.45,0.9354,122,1.42,0.9161,229,1.45,0.9354,2,1.435,0.9258,1730,0
SPY190522P283,2019-05-20,2019-05-20 09:45:20,1.45,0.9354,95,1.44,0.929,62,1.45,0.9354,2,1.445,0.9322,1730,0
SPY190522P283,2019-05-20,2019-05-20 09:45:22,1.47,0.9483,400,1.44,0.929,91,1.45,0.9354,6,1.455,0.9387,1736,6
SPY190522P283,2019-05-20,2019-05-20 09:45:23,1.46,0.9419,50,1.44,0.929,55,1.45,0.9354,1,1.45,0.9354,1742,6
SPY190522P283,2019-05-20,2019-05-20 09:45:24,1.45,0.9354,64,1.43,0.9225,65,1.45,0.9354,1,1.44,0.929,1742,0
SPY190522P283,2019-05-20,2019-05-20 09:45:25,1.44,0.929,350,1.42,0.9161,55,1.45,0.9354,1,1.43,0.9225,1742,0
SPY190522P283,2019-05-20,2019-05-20 09:45:26,1.44,0.929,187,1.42,0.9161,102,1.44,0.929,50,1.43,0.9225,1792,50
SPY190522P283,2019-05-20,2019-05-20 09:45:27,1.45,0.9354,16,1.43,0.9225,14,1.44,0.929,50,1.44,0.929,1792,0
SPY190522P283,2019-05-20,2019-05-20 09:45:29,1.44,0.929,1,1.43,0.9225,28,1.43,0.9225,1,1.435,0.9258,1799,7
SPY190522P283,2019-05-20,2019-05-20 09:45:30,1.46,0.9419,107,1.44,0.929,24,1.43,0.9225,1,1.45,0.9354,1799,0
SPY190522P283,2019-05-20,2019-05-20 09:45:31,1.46,0.9419,335,1.43,0.9225,61,1.43,0.9225,1,1.445,0.9322,1799,0
SPY190522P283,2019-05-20,2019-05-20 09:45:33,1.46,0.9419,315,1.44,0.929,50,1.43,0.9225,1,1.45,0.9354,1799,0
SPY190522P283,2019-05-20,2019-05-20 09:45:34,1.45,0.9354,381,1.42,0.9161,63,1.44,0.929,50,1.435,0.9258,1849,50
SPY190522P283,2019-05-20,2019-05-20 09:45:35,1.45,0.9354,88,1.43,0.9225,45,1.44,0.929,50,1.44,0.929,1849,0
SPY190522P283,2019-05-20,2019-05-20 09:45:36,1.46,0.9419,802,1.42,0.9161,9,1.44,0.929,50,1.44,0.929,1849,0
SPY190522P283,2019-05-20,2019-05-20 09:45:37,1.45,0.9354,93,1.44,0.929,50,1.44,0.929,50,1.445,0.9322,1849,0
SPY190522P283,2019-05-20,2019-05-20 09:45:39,1.45,0.9354,479,1.42,0.9161,408,1.44,0.929,31,1.435,0.9258,1899,50
SPY190522P283,2019-05-20,2019-05-20 09:45:40,1.45,0.9354,111,1.43,0.9225,52,1.44,0.929,31,1.44,0.929,1899,0
SPY190522P283,2019-05-20,2019-05-20 09:45:41,1.45,0.9354,479,1.42,0.9161,427,1.44,0.929,31,1.435,0.9258,1899,0
SPY190522P283,2019-05-20,2019-05-20 09:45:42,1.44,0.929,111,1.42,0.9161,10,1.44,0.929,31,1.43,0.9225,1899,0
SPY190522P283,2019-05-20,2019-05-20 09:45:43,1.41,0.9096,481,1.38,0.8903,35,1.44,0.929,31,1.395,0.9,1899,0
SPY190522P283,2019-05-20,2019-05-20 09:45:44,1.39,0.8967,6,1.37,0.8838,50,1.44,0.929,31,1.38,0.8903,1899,0
SPY190522P283,2019-05-20,2019-05-20 09:45:46,1.39,0.8967,60,1.37,0.8838,18,1.44,0.929,31,1.38,0.8903,1899,0
SPY190522P283,2019-05-20,2019-05-20 09:45:47,1.4,0.9032,309,1.37,0.8838,101,1.44,0.929,31,1.385,0.8935,1899,0
SPY190522P283,2019-05-20,2019-05-20 09:45:48,1.4,0.9032,71,1.37,0.8838,141,1.44,0.929,31,1.385,0.8935,1899,0
SPY190522P283,2019-05-20,2019-05-20 09:45:49,1.39,0.8967,307,1.35,0.8709,150,1.44,0.929,31,1.37,0.8838,1899,0
SPY190522P283,2019-05-20,2019-05-20 09:45:50,1.38,0.8903,15,1.36,0.8774,92,1.36,0.8774,48,1.37,0.8838,1979,80
SPY190522P283,2019-05-20,2019-05-20 09:45:51,1.38,0.8903,170,1.36,0.8774,62,1.36,0.8774,48,1.37,0.8838,1979,0
SPY190522P283,2019-05-20,2019-05-20 09:45:52,1.39,0.8967,87,1.36,0.8774,297,1.36,0.8774,48,1.375,0.887,1979,0
SPY190522P283,2019-05-20,2019-05-20 09:45:53,1.39,0.8967,87,1.37,0.8838,60,1.39,0.8967,8,1.38,0.8903,1990,11
SPY190522P283,2019-05-20,2019-05-20 09:45:54,1.4,0.9032,83,1.38,0.8903,259,1.39,0.8967,8,1.39,0.8967,1990,0
SPY190522P283,2019-05-20,2019-05-20 09:45:56,1.43,0.9225,128,1.4,0.9032,21,1.39,0.8967,8,1.415,0.9129,1990,0
SPY190522P283,2019-05-20,2019-05-20 09:45:57,1.43,0.9225,293,1.39,0.8967,365,1.39,0.8967,8,1.41,0.9096,1990,0
SPY190522P283,2019-05-20,2019-05-20 09:45:58,1.42,0.9161,110,1.4,0.9032,22,1.4,0.9032,2,1.41,0.9096,1992,2
SPY190522P283,2019-05-20,2019-05-20 09:46:00,1.42,0.9161,63,1.4,0.9032,63,1.4,0.9032,2,1.41,0.9096,1992,0
SPY190522P283,2019-05-20,2019-05-20 09:46:00,1.42,0.9161,543,1.4,0.9032,1,1.4,0.9032,2,1.41,0.9096,1992,0
SPY190522P283,2019-05-20,2019-05-20 09:46:02,1.44,0.929,494,1.41,0.9096,313,1.4,0.9032,2,1.425,0.9193,1992,0
SPY190522P283,2019-05-20,2019-05-20 09:46:03,1.44,0.929,60,1.42,0.9161,65,1.42,0.9161,3,1.43,0.9225,1995,3
SPY190522P283,2019-05-20,2019-05-20 09:46:04,1.43,0.9225,50,1.41,0.9096,59,1.44,0.929,20,1.42,0.9161,2015,20
SPY190522P283,2019-05-20,2019-05-20 09:46:06,1.43,0.9225,50,1.42,0.9161,50,1.43,0.9225,3,1.425,0.9193,2025,10
SPY190522P283,2019-05-20,2019-05-20 09:46:07,1.43,0.9225,92,1.41,0.9096,357,1.43,0.9225,3,1.42,0.9161,2025,0
SPY190522P283,2019-05-20,2019-05-20 09:46:08,1.42,0.9161,117,1.4,0.9032,63,1.43,0.9225,3,1.41,0.9096,2025,0
SPY190522P283,2019-05-20,2019-05-20 09:46:09,1.42,0.9161,188,1.4,0.9032,11,1.43,0.9225,3,1.41,0.9096,2025,0
SPY190522P283,2019-05-20,2019-05-20 09:46:11,1.41,0.9096,168,1.4,0.9032,7,1.43,0.9225,3,1.405,0.9064,2025,0
SPY190522P283,2019-05-20,2019-05-20 09:46:12,1.39,0.8967,106,1.37,0.8838,62,1.4,0.9032,1,1.38,0.8903,2026,1
SPY190522P283,2019-05-20,2019-05-20 09:46:13,1.39,0.8967,153,1.35,0.8709,345,1.4,0.9032,1,1.37,0.8838,2026,0
SPY190522P283,2019-05-20,2019-05-20 09:46:14,1.37,0.8838,58,1.35,0.8709,229,1.4,0.9032,1,1.36,0.8774,2026,0
SPY190522P283,2019-05-20,2019-05-20 09:46:16,1.36,0.8774,176,1.32,0.8516,395,1.4,0.9032,1,1.34,0.8645,2026,0
SPY190522P283,2019-05-20,2019-05-20 09:46:17,1.35,0.8709,59,1.33,0.858,49,1.4,0.9032,1,1.34,0.8645,2026,0
SPY190522P283,2019-05-20,2019-05-20 09:46:18,1.35,0.8709,50,1.33,0.858,136,1.4,0.9032,1,1.34,0.8645,2026,0
SPY190522P283,2019-05-20,2019-05-20 09:46:19,1.36,0.8774,514,1.33,0.858,23,1.4,0.9032,1,1.345,0.8677,2026,0
SPY190522P283,2019-05-20,2019-05-20 09:46:20,1.36,0.8774,66,1.34,0.8645,62,1.4,0.9032,1,1.35,0.8709,2026,0
SPY190522P283,2019-05-20,2019-05-20 09:46:21,1.36,0.8774,55,1.34,0.8645,71,1.4,0.9032,1,1.35,0.8709,2026,0
SPY190522P283,2019-05-20,2019-05-20 09:46:23,1.36,0.8774,42,1.34,0.8645,97,1.4,0.9032,1,1.35,0.8709,2026,0
SPY190522P283,2019-05-20,2019-05-20 09:46:24,1.36,0.8774,42,1.34,0.8645,58,1.4,0.9032,1,1.35,0.8709,2026,0
SPY190522P283,2019-05-20,2019-05-20 09:46:25,1.35,0.8709,50,1.33,0.858,65,1.4,0.9032,1,1.34,0.8645,2026,0
SPY190522P283,2019-05-20,2019-05-20 09:46:26,1.35,0.8709,108,1.32,0.8516,391,1.4,0.9032,1,1.335,0.8612,2026,0
SPY190522P283,2019-05-20,2019-05-20 09:46:27,1.35,0.8709,106,1.33,0.858,58,1.4,0.9032,1,1.34,0.8645,2026,0
SPY190522P283,2019-05-20,2019-05-20 09:46:29,1.35,0.8709,391,1.32,0.8516,96,1.4,0.9032,1,1.335,0.8612,2026,0
SPY190522P283,2019-05-20,2019-05-20 09:46:30,1.34,0.8645,107,1.32,0.8516,105,1.4,0.9032,1,1.33,0.858,2026,0
SPY190522P283,2019-05-20,2019-05-20 09:46:31,1.35,0.8709,114,1.32,0.8516,147,1.4,0.9032,1,1.335,0.8612,2026,0
SPY190522P283,2019-05-20,2019-05-20 09:46:32,1.34,0.8645,50,1.32,0.8516,57,1.4,0.9032,1,1.33,0.858,2026,0
SPY190522P283,2019-05-20,2019-05-20 09:46:33,1.35,0.8709,142,1.32,0.8516,408,1.4,0.9032,1,1.335,0.8612,2026,0
SPY190522P283,2019-05-20,2019-05-20 09:46:34,1.35,0.8709,170,1.32,0.8516,58,1.33,0.858,1,1.335,0.8612,2027,1
SPY190522P283,2019-05-20,2019-05-20 09:46:36,1.34,0.8645,482,1.31,0.8451,117,1.34,0.8645,4,1.325,0.8548,2327,300
SPY190522P283,2019-05-20,2019-05-20 09:46:37,1.33,0.858,131,1.3,0.8387,417,1.34,0.8645,4,1.315,0.8483,2327,0
SPY190522P283,2019-05-20,2019-05-20 09:46:39,1.33,0.858,483,1.3,0.8387,417,1.34,0.8645,4,1.315,0.8483,2327,0
SPY190522P283,2019-05-20,2019-05-20 09:46:40,1.32,0.8516,198,1.29,0.8322,6,1.34,0.8645,4,1.305,0.8419,2327,0
SPY190522P283,2019-05-20,2019-05-20 09:46:41,1.33,0.858,190,1.29,0.8322,317,1.34,0.8645,4,1.31,0.8451,2327,0
SPY190522P283,2019-05-20,2019-05-20 09:46:42,1.33,0.858,604,1.29,0.8322,206,1.32,0.8516,5,1.31,0.8451,2332,5
SPY190522P283,2019-05-20,2019-05-20 09:46:44,1.32,0.8516,367,1.3,0.8387,17,1.32,0.8516,5,1.31,0.8451,2332,0
SPY190522P283,2019-05-20,2019-05-20 09:46:45,1.31,0.8451,50,1.3,0.8387,2,1.29,0.8322,2,1.305,0.8419,2336,4
SPY190522P283,2019-05-20,2019-05-20 09:46:47,1.31,0.8451,81,1.29,0.8322,321,1.29,0.8322,2,1.3,0.8387,2336,0
SPY190522P283,2019-05-20,2019-05-20 09:46:48,1.31,0.8451,129,1.29,0.8322,47,1.29,0.8322,2,1.3,0.8387,2336,0
SPY190522P283,2019-05-20,2019-05-20 09:46:49,1.31,0.8451,8,1.3,0.8387,20,1.29,0.8322,2,1.305,0.8419,2336,0
SPY190522P283,2019-05-20,2019-05-20 09:46:50,1.31,0.8451,695,1.28,0.8258,31,1.29,0.8322,2,1.295,0.8354,2336,0
SPY190522P283,2019-05-20,2019-05-20 09:46:51,1.29,0.8322,5,1.28,0.8258,164,1.29,0.8322,2,1.285,0.829,2336,0
SPY190522P283,2019-05-20,2019-05-20 09:46:53,1.31,0.8451,2,1.3,0.8387,18,1.29,0.8322,2,1.305,0.8419,2341,5
SPY190522P283,2019-05-20,2019-05-20 09:46:54,1.32,0.8516,100,1.31,0.8451,24,1.29,0.8322,2,1.315,0.8483,2341,0
SPY190522P283,2019-05-20,2019-05-20 09:46:55,1.32,0.8516,100,1.3,0.8387,66,1.31,0.8451,1,1.31,0.8451,2342,1
SPY190522P283,2019-05-20,2019-05-20 09:46:56,1.32,0.8516,160,1.3,0.8387,76,1.32,0.8516,20,1.31,0.8451,2362,20
SPY190522P283,2019-05-20,2019-05-20 09:46:57,1.32,0.8516,50,1.3,0.8387,76,1.32,0.8516,20,1.31,0.8451,2362,0
SPY190522P283,2019-05-20,2019-05-20 09:46:58,1.32,0.8516,59,1.3,0.8387,109,1.32,0.8516,20,1.31,0.8451,2362,0
SPY190522P283,2019-05-20,2019-05-20 09:46:59,1.32,0.8516,50,1.3,0.8387,81,1.32,0.8516,20,1.31,0.8451,2362,0
SPY190522P283,2019-05-20,2019-05-20 09:47:00,1.33,0.858,95,1.3,0.8387,100,1.32,0.8516,20,1.315,0.8483,2362,0
SPY190522P283,2019-05-20,2019-05-20 09:47:02,1.35,0.8709,109,1.33,0.858,18,1.32,0.8516,3,1.34,0.8645,2412,50
SPY190522P283,2019-05-20,2019-05-20 09:47:03,1.32,0.8516,111,1.29,0.8322,423,1.32,0.8516,3,1.305,0.8419,2412,0
SPY190522P283,2019-05-20,2019-05-20 09:47:04,1.31,0.8451,680,1.28,0.8258,128,1.32,0.8516,3,1.295,0.8354,2412,0
SPY190522P283,2019-05-20,2019-05-20 09:47:05,1.3,0.8387,20,1.28,0.8258,60,1.32,0.8516,3,1.29,0.8322,2412,0
SPY190522P283,2019-05-20,2019-05-20 09:47:06,1.3,0.8387,113,1.27,0.8193,463,1.32,0.8516,3,1.285,0.829,2412,0
SPY190522P283,2019-05-20,2019-05-20 09:47:07,1.3,0.8387,113,1.29,0.8322,24,1.32,0.8516,3,1.295,0.8354,2412,0
SPY190522P283,2019-05-20,2019-05-20 09:47:09,1.3,0.8387,20,1.29,0.8322,35,1.32,0.8516,3,1.295,0.8354,2412,0
SPY190522P283,2019-05-20,2019-05-20 09:47:10,1.3,0.8387,20,1.28,0.8258,322,1.32,0.8516,3,1.29,0.8322,2412,0
SPY190522P283,2019-05-20,2019-05-20 09:47:11,1.31,0.8451,25,1.3,0.8387,15,1.3,0.8387,2,1.305,0.8419,2434,22
SPY190522P283,2019-05-20,2019-05-20 09:47:12,1.34,0.8645,50,1.31,0.8451,104,1.3,0.8387,2,1.325,0.8548,2434,0
SPY190522P283,2019-05-20,2019-05-20 09:47:13,1.33,0.858,109,1.31,0.8451,55,1.3,0.8387,2,1.32,0.8516,2434,0
SPY190522P283,2019-05-20,2019-05-20 09:47:14,1.33,0.858,106,1.3,0.8387,437,1.3,0.8387,2,1.315,0.8483,2434,0
SPY190522P283,2019-05-20,2019-05-20 09:47:15,1.33,0.858,100,1.3,0.8387,367,1.3,0.8387,2,1.315,0.8483,2434,0
SPY190522P283,2019-05-20,2019-05-20 09:47:17,1.33,0.858,12,1.3,0.8387,307,1.3,0.8387,2,1.315,0.8483,2434,0
SPY190522P283,2019-05-20,2019-05-20 09:47:18,1.33,0.858,79,1.31,0.8451,62,1.33,0.858,10,1.32,0.8516,2444,10
SPY190522P283,2019-05-20,2019-05-20 09:47:19,1.34,0.8645,499,1.31,0.8451,337,1.33,0.858,10,1.325,0.8548,2444,0
SPY190522P283,2019-05-20,2019-05-20 09:47:20,1.35,0.8709,270,1.32,0.8516,24,1.33,0.858,10,1.335,0.8612,2444,0
SPY190522P283,2019-05-20,2019-05-20 09:47:21,1.35,0.8709,604,1.32,0.8516,54,1.33,0.858,10,1.335,0.8612,2444,0
SPY190522P283,2019-05-20,2019-05-20 09:47:22,1.35,0.8709,669,1.33,0.858,2,1.33,0.858,10,1.34,0.8645,2444,0
SPY190522P283,2019-05-20,2019-05-20 09:47:23,1.34,0.8645,62,1.33,0.858,2,1.33,0.858,10,1.335,0.8612,2444,0
SPY190522P283,2019-05-20,2019-05-20 09:47:24,1.34,0.8645,170,1.33,0.858,2,1.33,0.858,10,1.335,0.8612,2444,0
SPY190522P283,2019-05-20,2019-05-20 09:47:25,1.34,0.8645,382,1.33,0.858,2,1.33,0.858,10,1.335,0.8612,2444,0
SPY190522P283,2019-05-20,2019-05-20 09:47:26,1.33,0.858,107,1.31,0.8451,349,1.33,0.858,2,1.32,0.8516,2446,2
SPY190522P283,2019-05-20,2019-05-20 09:47:27,1.34,0.8645,62,1.32,0.8516,55,1.33,0.858,2,1.33,0.858,2446,0
SPY190522P283,2019-05-20,2019-05-20 09:47:28,1.35,0.8709,437,1.32,0.8516,327,1.33,0.858,2,1.335,0.8612,2446,0
SPY190522P283,2019-05-20,2019-05-20 09:47:29,1.35,0.8709,367,1.33,0.858,47,1.33,0.858,2,1.34,0.8645,2446,0
SPY190522P283,2019-05-20,2019-05-20 09:47:30,1.35,0.8709,449,1.33,0.858,9,1.33,0.858,2,1.34,0.8645,2446,0
SPY190522P283,2019-05-20,2019-05-20 09:47:31,1.35,0.8709,163,1.33,0.858,43,1.33,0.858,2,1.34,0.8645,2446,0
SPY190522P283,2019-05-20,2019-05-20 09:47:32,1.35,0.8709,96,1.33,0.858,43,1.33,0.858,2,1.34,0.8645,2446,0
SPY190522P283,2019-05-20,2019-05-20 09:47:33,1.36,0.8774,89,1.34,0.8645,116,1.33,0.858,2,1.35,0.8709,2446,0
SPY190522P283,2019-05-20,2019-05-20 09:47:34,1.37,0.8838,113,1.35,0.8709,47,1.33,0.858,2,1.36,0.8774,2446,0
SPY190522P283,2019-05-20,2019-05-20 09:47:36,1.36,0.8774,62,1.35,0.8709,23,1.33,0.858,2,1.355,0.8741,2446,0
SPY190522P283,2019-05-20,2019-05-20 09:47:38,1.37,0.8838,115,1.36,0.8774,24,1.33,0.858,2,1.365,0.8806,2446,0
SPY190522P283,2019-05-20,2019-05-20 09:47:39,1.37,0.8838,115,1.36,0.8774,2,1.33,0.858,2,1.365,0.8806,2446,0
SPY190522P283,2019-05-20,2019-05-20 09:47:41,1.37,0.8838,65,1.36,0.8774,2,1.36,0.8774,1,1.365,0.8806,2447,1
SPY190522P283,2019-05-20,2019-05-20 09:47:42,1.37,0.8838,65,1.36,0.8774,13,1.36,0.8774,1,1.365,0.8806,2447,0
SPY190522P283,2019-05-20,2019-05-20 09:47:43,1.38,0.8903,115,1.36,0.8774,84,1.36,0.8774,1,1.37,0.8838,2447,0
SPY190522P283,2019-05-20,2019-05-20 09:47:44,1.38,0.8903,100,1.36,0.8774,90,1.36,0.8774,1,1.37,0.8838,2447,0
SPY190522P283,2019-05-20,2019-05-20 09:47:46,1.38,0.8903,437,1.36,0.8774,2,1.36,0.8774,1,1.37,0.8838,2447,0
SPY190522P283,2019-05-20,2019-05-20 09:47:47,1.37,0.8838,191,1.34,0.8645,87,1.36,0.8774,2,1.355,0.8741,2449,2
SPY190522P283,2019-05-20,2019-05-20 09:47:48,1.37,0.8838,438,1.34,0.8645,60,1.36,0.8774,2,1.355,0.8741,2449,0
SPY190522P283,2019-05-20,2019-05-20 09:47:49,1.36,0.8774,339,1.33,0.858,331,1.36,0.8774,1,1.345,0.8677,2450,1
SPY190522P283,2019-05-20,2019-05-20 09:47:50,1.36,0.8774,60,1.33,0.858,382,1.36,0.8774,1,1.345,0.8677,2450,0
SPY190522P283,2019-05-20,2019-05-20 09:47:51,1.37,0.8838,115,1.34,0.8645,100,1.36,0.8774,1,1.355,0.8741,2450,0
SPY190522P283,2019-05-20,2019-05-20 09:47:52,1.37,0.8838,115,1.35,0.8709,100,1.36,0.8774,1,1.36,0.8774,2450,0
SPY190522P283,2019-05-20,2019-05-20 09:47:54,1.37,0.8838,60,1.34,0.8645,450,1.36,0.8774,1,1.355,0.8741,2450,0
SPY190522P283,2019-05-20,2019-05-20 09:47:55,1.36,0.8774,85,1.33,0.858,350,1.36,0.8774,1,1.345,0.8677,2450,0
SPY190522P283,2019-05-20,2019-05-20 09:47:56,1.37,0.8838,50,1.35,0.8709,382,1.36,0.8774,1,1.36,0.8774,2450,0
SPY190522P283,2019-05-20,2019-05-20 09:47:57,1.4,0.9032,153,1.36,0.8774,29,1.36,0.8774,1,1.38,0.8903,2450,0
SPY190522P283,2019-05-20,2019-05-20 09:47:58,1.4,0.9032,6,1.37,0.8838,644,1.36,0.8774,1,1.385,0.8935,2450,0
SPY190522P283,2019-05-20,2019-05-20 09:47:59,1.41,0.9096,252,1.38,0.8903,367,1.36,0.8774,1,1.395,0.9,2450,0
SPY190522P283,2019-05-20,2019-05-20 09:48:00,1.41,0.9096,60,1.38,0.8903,391,1.36,0.8774,1,1.395,0.9,2450,0
SPY190522P283,2019-05-20,2019-05-20 09:48:01,1.42,0.9161,624,1.39,0.8967,100,1.36,0.8774,1,1.405,0.9064,2450,0
SPY190522P283,2019-05-20,2019-05-20 09:48:02,1.41,0.9096,51,1.39,0.8967,100,1.36,0.8774,1,1.4,0.9032,2450,0
SPY190522P283,2019-05-20,2019-05-20 09:48:04,1.42,0.9161,100,1.39,0.8967,649,1.36,0.8774,1,1.405,0.9064,2450,0
SPY190522P283,2019-05-20,2019-05-20 09:48:05,1.43,0.9225,29,1.4,0.9032,911,1.36,0.8774,1,1.415,0.9129,2450,0
SPY190522P283,2019-05-20,2019-05-20 09:48:07,1.43,0.9225,8,1.4,0.9032,368,1.36,0.8774,1,1.415,0.9129,2450,0
SPY190522P283,2019-05-20,2019-05-20 09:48:08,1.44,0.929,1,1.43,0.9225,100,1.43,0.9225,2,1.435,0.9258,2452,2
SPY190522P283,2019-05-20,2019-05-20 09:48:09,1.44,0.929,1,1.43,0.9225,128,1.43,0.9225,2,1.435,0.9258,2452,0
SPY190522P283,2019-05-20,2019-05-20 09:48:10,1.44,0.929,7,1.43,0.9225,128,1.43,0.9225,2,1.435,0.9258,2452,0
SPY190522P283,2019-05-20,2019-05-20 09:48:11,1.44,0.929,1,1.43,0.9225,100,1.43,0.9225,2,1.435,0.9258,2452,0
SPY190522P283,2019-05-20,2019-05-20 09:48:12,1.44,0.929,7,1.43,0.9225,60,1.43,0.9225,2,1.435,0.9258,2452,0
SPY190522P283,2019-05-20,2019-05-20 09:48:13,1.45,0.9354,94,1.42,0.9161,100,1.44,0.929,1,1.435,0.9258,2453,1
SPY190522P283,2019-05-20,2019-05-20 09:48:14,1.45,0.9354,50,1.43,0.9225,100,1.44,0.929,1,1.44,0.929,2453,0
SPY190522P283,2019-05-20,2019-05-20 09:48:16,1.45,0.9354,112,1.42,0.9161,379,1.44,0.929,1,1.435,0.9258,2453,0
SPY190522P283,2019-05-20,2019-05-20 09:48:17,1.44,0.929,1,1.42,0.9161,520,1.44,0.929,5,1.43,0.9225,2458,5
SPY190522P283,2019-05-20,2019-05-20 09:48:18,1.45,0.9354,10,1.45,0.9354,199,1.45,0.9354,1,1.45,0.9354,2469,11
SPY190522P283,2019-05-20,2019-05-20 09:48:19,1.5,0.9677,145,1.47,0.9483,125,1.48,0.9548,1,1.485,0.958,2472,3
SPY190522P283,2019-05-20,2019-05-20 09:48:20,1.5,0.9677,152,1.47,0.9483,437,1.48,0.9548,1,1.485,0.958,2472,0
SPY190522P283,2019-05-20,2019-05-20 09:48:22,1.49,0.9612,106,1.46,0.9419,642,1.48,0.9548,1,1.475,0.9516,2472,0
SPY190522P283,2019-05-20,2019-05-20 09:48:23,1.5,0.9677,61,1.47,0.9483,451,1.48,0.9548,1,1.485,0.958,2472,0
SPY190522P283,2019-05-20,2019-05-20 09:48:24,1.5,0.9677,493,1.47,0.9483,128,1.48,0.9548,1,1.485,0.958,2472,0
SPY190522P283,2019-05-20,2019-05-20 09:48:25,1.5,0.9677,231,1.47,0.9483,481,1.48,0.9548,1,1.485,0.958,2472,0
SPY190522P283,2019-05-20,2019-05-20 09:48:26,1.5,0.9677,106,1.47,0.9483,38,1.48,0.9548,1,1.485,0.958,2472,0
SPY190522P283,2019-05-20,2019-05-20 09:48:28,1.5,0.9677,43,1.48,0.9548,100,1.48,0.9548,4,1.49,0.9612,2476,4
SPY190522P283,2019-05-20,2019-05-20 09:48:29,1.5,0.9677,484,1.47,0.9483,494,1.48,0.9548,4,1.485,0.958,2476,0
SPY190522P283,2019-05-20,2019-05-20 09:48:30,1.5,0.9677,154,1.48,0.9548,60,1.48,0.9548,4,1.49,0.9612,2476,0
SPY190522P283,2019-05-20,2019-05-20 09:48:31,1.51,0.9741,425,1.48,0.9548,512,1.48,0.9548,4,1.495,0.9645,2476,0
SPY190522P283,2019-05-20,2019-05-20 09:48:32,1.51,0.9741,180,1.47,0.9483,228,1.48,0.9548,4,1.49,0.9612,2476,0
SPY190522P283,2019-05-20,2019-05-20 09:48:33,1.49,0.9612,10,1.48,0.9548,100,1.48,0.9548,4,1.485,0.958,2476,0
SPY190522P283,2019-05-20,2019-05-20 09:48:34,1.51,0.9741,100,1.48,0.9548,100,1.49,0.9612,1,1.495,0.9645,2487,11
SPY190522P283,2019-05-20,2019-05-20 09:48:35,1.51,0.9741,448,1.48,0.9548,256,1.49,0.9612,1,1.495,0.9645,2487,0
SPY190522P283,2019-05-20,2019-05-20 09:48:37,1.51,0.9741,137,1.48,0.9548,502,1.49,0.9612,1,1.495,0.9645,2487,0
SPY190522P283,2019-05-20,2019-05-20 09:48:38,1.51,0.9741,137,1.5,0.9677,2,1.49,0.9612,1,1.505,0.9709,2487,0
SPY190522P283,2019-05-20,2019-05-20 09:48:39,1.5,0.9677,34,1.47,0.9483,507,1.49,0.9612,25,1.485,0.958,2514,27
SPY190522P283,2019-05-20,2019-05-20 09:48:41,1.5,0.9677,121,1.47,0.9483,502,1.49,0.9612,25,1.485,0.958,2514,0
SPY190522P283,2019-05-20,2019-05-20 09:48:42,1.52,0.9806,504,1.49,0.9612,206,1.49,0.9612,25,1.505,0.9709,2514,0
SPY190522P283,2019-05-20,2019-05-20 09:48:44,1.52,0.9806,79,1.5,0.9677,60,1.49,0.9612,25,1.51,0.9741,2514,0
SPY190522P283,2019-05-20,2019-05-20 09:48:45,1.52,0.9806,360,1.49,0.9612,100,1.49,0.9612,25,1.505,0.9709,2514,0
SPY190522P283,2019-05-20,2019-05-20 09:48:46,1.49,0.9612,100,1.48,0.9548,50,1.49,0.9612,25,1.485,0.958,2514,0
SPY190522P283,2019-05-20,2019-05-20 09:48:47,1.51,0.9741,170,1.48,0.9548,97,1.49,0.9612,25,1.495,0.9645,2514,0
SPY190522P283,2019-05-20,2019-05-20 09:48:48,1.51,0.9741,128,1.48,0.9548,497,1.49,0.9612,25,1.495,0.9645,2514,0
SPY190522P283,2019-05-20,2019-05-20 09:48:50,1.51,0.9741,50,1.48,0.9548,50,1.49,0.9612,25,1.495,0.9645,2514,0
SPY190522P283,2019-05-20,2019-05-20 09:48:51,1.51,0.9741,81,1.48,0.9548,50,1.49,0.9612,25,1.495,0.9645,2514,0
SPY190522P283,2019-05-20,2019-05-20 09:48:52,1.51,0.9741,101,1.48,0.9548,131,1.49,0.9612,25,1.495,0.9645,2514,0
SPY190522P283,2019-05-20,2019-05-20 09:48:53,1.51,0.9741,352,1.48,0.9548,481,1.49,0.9612,25,1.495,0.9645,2514,0
SPY190522P283,2019-05-20,2019-05-20 09:48:54,1.5,0.9677,101,1.47,0.9483,603,1.49,0.9612,25,1.485,0.958,2514,0
SPY190522P283,2019-05-20,2019-05-20 09:48:55,1.5,0.9677,54,1.47,0.9483,551,1.49,0.9612,25,1.485,0.958,2514,0
SPY190522P283,2019-05-20,2019-05-20 09:48:56,1.49,0.9612,125,1.47,0.9483,15,1.49,0.9612,25,1.48,0.9548,2514,0
SPY190522P283,2019-05-20,2019-05-20 09:48:58,1.48,0.9548,48,1.47,0.9483,15,1.47,0.9483,1,1.475,0.9516,2535,21
SPY190522P283,2019-05-20,2019-05-20 09:48:59,1.47,0.9483,125,1.44,0.929,605,1.47,0.9483,1,1.455,0.9387,2535,0
SPY190522P283,2019-05-20,2019-05-20 09:49:00,1.45,0.9354,100,1.43,0.9225,100,1.47,0.9483,1,1.44,0.929,2535,0
SPY190522P283,2019-05-20,2019-05-20 09:49:00,1.45,0.9354,96,1.42,0.9161,352,1.47,0.9483,1,1.435,0.9258,2535,0
SPY190522P283,2019-05-20,2019-05-20 09:49:02,1.45,0.9354,154,1.42,0.9161,696,1.47,0.9483,1,1.435,0.9258,2535,0
SPY190522P283,2019-05-20,2019-05-20 09:49:03,1.48,0.9548,389,1.44,0.929,148,1.47,0.9483,1,1.46,0.9419,2535,0
SPY190522P283,2019-05-20,2019-05-20 09:49:04,1.48,0.9548,176,1.46,0.9419,100,1.47,0.9483,1,1.47,0.9483,2535,0
SPY190522P283,2019-05-20,2019-05-20 09:49:05,1.49,0.9612,629,1.46,0.9419,499,1.47,0.9483,1,1.475,0.9516,2535,0
SPY190522P283,2019-05-20,2019-05-20 09:49:06,1.53,0.987,150,1.49,0.9612,65,1.47,0.9483,1,1.51,0.9741,2535,0
SPY190522P283,2019-05-20,2019-05-20 09:49:07,1.52,0.9806,219,1.49,0.9612,50,1.49,0.9612,5,1.505,0.9709,2540,5
SPY190522P283,2019-05-20,2019-05-20 09:49:08,1.52,0.9806,166,1.49,0.9612,466,1.49,0.9612,5,1.505,0.9709,2540,0
SPY190522P283,2019-05-20,2019-05-20 09:49:09,1.52,0.9806,533,1.49,0.9612,100,1.49,0.9612,5,1.505,0.9709,2540,0
SPY190522P283,2019-05-20,2019-05-20 09:49:10,1.53,0.987,55,1.49,0.9612,596,1.49,0.9612,5,1.51,0.9741,2540,0
SPY190522P283,2019-05-20,2019-05-20 09:49:11,1.52,0.9806,99,1.5,0.9677,50,1.49,0.9612,5,1.51,0.9741,2540,0
SPY190522P283,2019-05-20,2019-05-20 09:49:12,1.52,0.9806,170,1.49,0.9612,230,1.49,0.9612,5,1.505,0.9709,2540,0
SPY190522P283,2019-05-20,2019-05-20 09:49:13,1.53,0.987,175,1.5,0.9677,400,1.49,0.9612,5,1.515,0.9774,2540,0
SPY190522P283,2019-05-20,2019-05-20 09:49:14,1.53,0.987,175,1.51,0.9741,87,1.49,0.9612,5,1.52,0.9806,2540,0
SPY190522P283,2019-05-20,2019-05-20 09:49:15,1.53,0.987,40,1.51,0.9741,50,1.49,0.9612,5,1.52,0.9806,2540,0
SPY190522P283,2019-05-20,2019-05-20 09:49:16,1.52,0.9806,50,1.5,0.9677,27,1.49,0.9612,5,1.51,0.9741,2540,0
SPY190522P283,2019-05-20,2019-05-20 09:49:17,1.52,0.9806,51,1.5,0.9677,131,1.49,0.9612,5,1.51,0.9741,2540,0
SPY190522P283,2019-05-20,2019-05-20 09:49:18,1.53,0.987,175,1.5,0.9677,538,1.49,0.9612,5,1.515,0.9774,2540,0
SPY190522P283,2019-05-20,2019-05-20 09:49:19,1.53,0.987,101,1.5,0.9677,538,1.49,0.9612,5,1.515,0.9774,2540,0
SPY190522P283,2019-05-20,2019-05-20 09:49:20,1.54,0.9935,100,1.52,0.9806,100,1.49,0.9612,5,1.53,0.987,2540,0
SPY190522P283,2019-05-20,2019-05-20 09:49:21,1.53,0.987,100,1.51,0.9741,50,1.49,0.9612,5,1.52,0.9806,2540,0
SPY190522P283,2019-05-20,2019-05-20 09:49:22,1.52,0.9806,100,1.51,0.9741,50,1.49,0.9612,5,1.515,0.9774,2540,0
SPY190522P283,2019-05-20,2019-05-20 09:49:23,1.51,0.9741,88,1.49,0.9612,60,1.51,0.9741,2,1.5,0.9677,2542,2
SPY190522P283,2019-05-20,2019-05-20 09:49:24,1.51,0.9741,62,1.48,0.9548,668,1.51,0.9741,2,1.495,0.9645,2542,0
SPY190522P283,2019-05-20,2019-05-20 09:49:25,1.5,0.9677,96,1.47,0.9483,113,1.51,0.9741,2,1.485,0.958,2542,0
SPY190522P283,2019-05-20,2019-05-20 09:49:26,1.49,0.9612,50,1.47,0.9483,100,1.51,0.9741,2,1.48,0.9548,2542,0
SPY190522P283,2019-05-20,2019-05-20 09:49:28,1.49,0.9612,160,1.46,0.9419,34,1.51,0.9741,2,1.475,0.9516,2542,0
SPY190522P283,2019-05-20,2019-05-20 09:49:29,1.52,0.9806,228,1.48,0.9548,237,1.51,0.9741,2,1.5,0.9677,2542,0
SPY190522P283,2019-05-20,2019-05-20 09:49:30,1.5,0.9677,228,1.47,0.9483,100,1.51,0.9741,2,1.485,0.958,2542,0
SPY190522P283,2019-05-20,2019-05-20 09:49:31,1.5,0.9677,557,1.47,0.9483,131,1.51,0.9741,2,1.485,0.958,2542,0
SPY190522P283,2019-05-20,2019-05-20 09:49:32,1.5,0.9677,50,1.48,0.9548,30,1.51,0.9741,2,1.49,0.9612,2542,0
SPY190522P283,2019-05-20,2019-05-20 09:49:33,1.49,0.9612,350,1.44,0.929,56,1.51,0.9741,2,1.465,0.9451,2542,0
SPY190522P283,2019-05-20,2019-05-20 09:49:34,1.48,0.9548,256,1.45,0.9354,51,1.51,0.9741,2,1.465,0.9451,2542,0
SPY190522P283,2019-05-20,2019-05-20 09:49:35,1.49,0.9612,84,1.45,0.9354,100,1.51,0.9741,2,1.47,0.9483,2542,0
SPY190522P283,2019-05-20,2019-05-20 09:49:36,1.49,0.9612,538,1.46,0.9419,459,1.51,0.9741,2,1.475,0.9516,2542,0
SPY190522P283,2019-05-20,2019-05-20 09:49:37,1.49,0.9612,228,1.46,0.9419,100,1.51,0.9741,2,1.475,0.9516,2542,0
SPY190522P283,2019-05-20,2019-05-20 09:49:38,1.48,0.9548,97,1.46,0.9419,37,1.51,0.9741,2,1.47,0.9483,2542,0
SPY190522P283,2019-05-20,2019-05-20 09:49:39,1.48,0.9548,97,1.46,0.9419,86,1.51,0.9741,2,1.47,0.9483,2542,0
