symbol,Date,quote_time,ask_price,norm_ask_price,ask_size,bid_price,norm_bid_price,bid_size,last_trade_price,norm_last_trade_price,last_trade_size,mark_price,norm_mark_price,volume,Volume
SPY190712C301,2019-07-10,2019-07-10 00:45:16,0.14,1.0,2359,0.13,0.9285,301,0.12,0.8571,7,0.135,0.9642,0,0
SPY190712C301,2019-07-10,2019-07-10 00:45:26,0.14,1.0,2359,0.13,0.9285,301,0.12,0.8571,7,0.135,0.9642,0,0
SPY190712C301,2019-07-10,2019-07-10 00:45:35,0.14,1.0,2359,0.13,0.9285,301,0.12,0.8571,7,0.135,0.9642,0,0
SPY190712C301,2019-07-10,2019-07-10 00:45:37,0.14,1.0,2359,0.13,0.9285,301,0.12,0.8571,7,0.135,0.9642,0,0
SPY190712C301,2019-07-10,2019-07-10 00:45:40,0.14,1.0,2359,0.13,0.9285,301,0.12,0.8571,7,0.135,0.9642,0,0
SPY190712C301,2019-07-10,2019-07-10 00:45:43,0.14,1.0,2359,0.13,0.9285,301,0.12,0.8571,7,0.135,0.9642,0,0
SPY190712C301,2019-07-10,2019-07-10 00:45:47,0.14,1.0,2359,0.13,0.9285,301,0.12,0.8571,7,0.135,0.9642,0,0
SPY190712C301,2019-07-10,2019-07-10 00:45:50,0.14,1.0,2359,0.13,0.9285,301,0.12,0.8571,7,0.135,0.9642,0,0
SPY190712C301,2019-07-10,2019-07-10 00:45:54,0.14,1.0,2359,0.13,0.9285,301,0.12,0.8571,7,0.135,0.9642,0,0
SPY190712C301,2019-07-10,2019-07-10 00:45:57,0.14,1.0,2359,0.13,0.9285,301,0.12,0.8571,7,0.135,0.9642,0,0
SPY190712C301,2019-07-10,2019-07-10 00:46:05,0.14,1.0,2359,0.13,0.9285,301,0.12,0.8571,7,0.135,0.9642,0,0
SPY190712C301,2019-07-10,2019-07-10 00:46:09,0.14,1.0,2359,0.13,0.9285,301,0.12,0.8571,7,0.135,0.9642,0,0
SPY190712C301,2019-07-10,2019-07-10 00:46:12,0.14,1.0,2359,0.13,0.9285,301,0.12,0.8571,7,0.135,0.9642,0,0
SPY190712C301,2019-07-10,2019-07-10 00:46:15,0.14,1.0,2359,0.13,0.9285,301,0.12,0.8571,7,0.135,0.9642,0,0
SPY190712C301,2019-07-10,2019-07-10 00:46:21,0.14,1.0,2359,0.13,0.9285,301,0.12,0.8571,7,0.135,0.9642,0,0
SPY190712C301,2019-07-10,2019-07-10 00:46:26,0.14,1.0,2359,0.13,0.9285,301,0.12,0.8571,7,0.135,0.9642,0,0
SPY190712C301,2019-07-10,2019-07-10 00:46:29,0.14,1.0,2359,0.13,0.9285,301,0.12,0.8571,7,0.135,0.9642,0,0
SPY190712C301,2019-07-10,2019-07-10 00:46:33,0.14,1.0,2359,0.13,0.9285,301,0.12,0.8571,7,0.135,0.9642,0,0
SPY190712C301,2019-07-10,2019-07-10 00:46:36,0.14,1.0,2359,0.13,0.9285,301,0.12,0.8571,7,0.135,0.9642,0,0
SPY190712C301,2019-07-10,2019-07-10 00:46:39,0.14,1.0,2359,0.13,0.9285,301,0.12,0.8571,7,0.135,0.9642,0,0
SPY190712C301,2019-07-10,2019-07-10 00:46:46,0.14,1.0,2359,0.13,0.9285,301,0.12,0.8571,7,0.135,0.9642,0,0
SPY190712C301,2019-07-10,2019-07-10 00:46:48,0.14,1.0,2359,0.13,0.9285,301,0.12,0.8571,7,0.135,0.9642,0,0
SPY190712C301,2019-07-10,2019-07-10 00:46:50,0.14,1.0,2359,0.13,0.9285,301,0.12,0.8571,7,0.135,0.9642,0,0
SPY190712C301,2019-07-10,2019-07-10 00:46:53,0.14,1.0,2359,0.13,0.9285,301,0.12,0.8571,7,0.135,0.9642,0,0
SPY190712C301,2019-07-10,2019-07-10 00:46:56,0.14,1.0,2359,0.13,0.9285,301,0.12,0.8571,7,0.135,0.9642,0,0
SPY190712C301,2019-07-10,2019-07-10 00:47:04,0.14,1.0,2359,0.13,0.9285,301,0.12,0.8571,7,0.135,0.9642,0,0
SPY190712C301,2019-07-10,2019-07-10 00:47:07,0.14,1.0,2359,0.13,0.9285,301,0.12,0.8571,7,0.135,0.9642,0,0
SPY190712C301,2019-07-10,2019-07-10 00:47:10,0.14,1.0,2359,0.13,0.9285,301,0.12,0.8571,7,0.135,0.9642,0,0
SPY190712C301,2019-07-10,2019-07-10 00:47:12,0.14,1.0,2359,0.13,0.9285,301,0.12,0.8571,7,0.135,0.9642,0,0
SPY190712C301,2019-07-10,2019-07-10 00:47:16,0.14,1.0,2359,0.13,0.9285,301,0.12,0.8571,7,0.135,0.9642,0,0
SPY190712C301,2019-07-10,2019-07-10 00:47:23,0.14,1.0,2359,0.13,0.9285,301,0.12,0.8571,7,0.135,0.9642,0,0
SPY190712C301,2019-07-10,2019-07-10 00:47:26,0.14,1.0,2359,0.13,0.9285,301,0.12,0.8571,7,0.135,0.9642,0,0
SPY190712C301,2019-07-10,2019-07-10 00:47:30,0.14,1.0,2359,0.13,0.9285,301,0.12,0.8571,7,0.135,0.9642,0,0
SPY190712C301,2019-07-10,2019-07-10 00:47:33,0.14,1.0,2359,0.13,0.9285,301,0.12,0.8571,7,0.135,0.9642,0,0
SPY190712C301,2019-07-10,2019-07-10 00:47:36,0.14,1.0,2359,0.13,0.9285,301,0.12,0.8571,7,0.135,0.9642,0,0
SPY190712C301,2019-07-10,2019-07-10 00:47:45,0.14,1.0,2359,0.13,0.9285,301,0.12,0.8571,7,0.135,0.9642,0,0
SPY190712C301,2019-07-10,2019-07-10 00:47:48,0.14,1.0,2359,0.13,0.9285,301,0.12,0.8571,7,0.135,0.9642,0,0
SPY190712C301,2019-07-10,2019-07-10 00:47:51,0.14,1.0,2359,0.13,0.9285,301,0.12,0.8571,7,0.135,0.9642,0,0
SPY190712C301,2019-07-10,2019-07-10 00:47:54,0.14,1.0,2359,0.13,0.9285,301,0.12,0.8571,7,0.135,0.9642,0,0
SPY190712C301,2019-07-10,2019-07-10 00:47:57,0.14,1.0,2359,0.13,0.9285,301,0.12,0.8571,7,0.135,0.9642,0,0
SPY190712C301,2019-07-10,2019-07-10 00:48:05,0.14,1.0,2359,0.13,0.9285,301,0.12,0.8571,7,0.135,0.9642,0,0
SPY190712C301,2019-07-10,2019-07-10 00:48:08,0.14,1.0,2359,0.13,0.9285,301,0.12,0.8571,7,0.135,0.9642,0,0
SPY190712C301,2019-07-10,2019-07-10 00:48:11,0.14,1.0,2359,0.13,0.9285,301,0.12,0.8571,7,0.135,0.9642,0,0
SPY190712C301,2019-07-10,2019-07-10 00:48:14,0.14,1.0,2359,0.13,0.9285,301,0.12,0.8571,7,0.135,0.9642,0,0
SPY190712C301,2019-07-10,2019-07-10 00:48:17,0.14,1.0,2359,0.13,0.9285,301,0.12,0.8571,7,0.135,0.9642,0,0
SPY190712C301,2019-07-10,2019-07-10 00:48:22,0.14,1.0,2359,0.13,0.9285,301,0.12,0.8571,7,0.135,0.9642,0,0
SPY190712C301,2019-07-10,2019-07-10 00:48:27,0.14,1.0,2359,0.13,0.9285,301,0.12,0.8571,7,0.135,0.9642,0,0
SPY190712C301,2019-07-10,2019-07-10 00:48:35,0.14,1.0,2359,0.13,0.9285,301,0.12,0.8571,7,0.135,0.9642,0,0
SPY190712C301,2019-07-10,2019-07-10 00:48:41,0.14,1.0,2359,0.13,0.9285,301,0.12,0.8571,7,0.135,0.9642,0,0
SPY190712C301,2019-07-10,2019-07-10 00:48:46,0.14,1.0,2359,0.13,0.9285,301,0.12,0.8571,7,0.135,0.9642,0,0
SPY190712C301,2019-07-10,2019-07-10 00:49:01,0.14,1.0,2359,0.13,0.9285,301,0.12,0.8571,7,0.135,0.9642,0,0
SPY190712C301,2019-07-10,2019-07-10 00:49:06,0.14,1.0,2359,0.13,0.9285,301,0.12,0.8571,7,0.135,0.9642,0,0
SPY190712C301,2019-07-10,2019-07-10 00:49:11,0.14,1.0,2359,0.13,0.9285,301,0.12,0.8571,7,0.135,0.9642,0,0
SPY190712C301,2019-07-10,2019-07-10 00:49:16,0.14,1.0,2359,0.13,0.9285,301,0.12,0.8571,7,0.135,0.9642,0,0
SPY190712C301,2019-07-10,2019-07-10 00:49:21,0.14,1.0,2359,0.13,0.9285,301,0.12,0.8571,7,0.135,0.9642,0,0
SPY190712C301,2019-07-10,2019-07-10 00:49:26,0.14,1.0,2359,0.13,0.9285,301,0.12,0.8571,7,0.135,0.9642,0,0
SPY190712C301,2019-07-10,2019-07-10 00:49:36,0.14,1.0,2359,0.13,0.9285,301,0.12,0.8571,7,0.135,0.9642,0,0
SPY190712C301,2019-07-10,2019-07-10 00:49:41,0.14,1.0,2359,0.13,0.9285,301,0.12,0.8571,7,0.135,0.9642,0,0
SPY190712C301,2019-07-10,2019-07-10 00:49:45,0.14,1.0,2359,0.13,0.9285,301,0.12,0.8571,7,0.135,0.9642,0,0
SPY190712C301,2019-07-10,2019-07-10 00:49:51,0.14,1.0,2359,0.13,0.9285,301,0.12,0.8571,7,0.135,0.9642,0,0
SPY190712C301,2019-07-10,2019-07-10 00:49:52,0.14,1.0,2359,0.13,0.9285,301,0.12,0.8571,7,0.135,0.9642,0,0
SPY190712C301,2019-07-10,2019-07-10 00:49:59,0.14,1.0,2359,0.13,0.9285,301,0.12,0.8571,7,0.135,0.9642,0,0
SPY190712C301,2019-07-10,2019-07-10 00:50:10,0.14,1.0,2359,0.13,0.9285,301,0.12,0.8571,7,0.135,0.9642,0,0
SPY190712C301,2019-07-10,2019-07-10 00:50:14,0.14,1.0,2359,0.13,0.9285,301,0.12,0.8571,7,0.135,0.9642,0,0
SPY190712C301,2019-07-10,2019-07-10 00:50:19,0.14,1.0,2359,0.13,0.9285,301,0.12,0.8571,7,0.135,0.9642,0,0
SPY190712C301,2019-07-10,2019-07-10 00:50:24,0.14,1.0,2359,0.13,0.9285,301,0.12,0.8571,7,0.135,0.9642,0,0
SPY190712C301,2019-07-10,2019-07-10 00:50:31,0.14,1.0,2359,0.13,0.9285,301,0.12,0.8571,7,0.135,0.9642,0,0
SPY190712C301,2019-07-10,2019-07-10 00:50:37,0.14,1.0,2359,0.13,0.9285,301,0.12,0.8571,7,0.135,0.9642,0,0
SPY190712C301,2019-07-10,2019-07-10 00:50:38,0.14,1.0,2359,0.13,0.9285,301,0.12,0.8571,7,0.135,0.9642,0,0
SPY190712C301,2019-07-10,2019-07-10 00:50:43,0.14,1.0,2359,0.13,0.9285,301,0.12,0.8571,7,0.135,0.9642,0,0
SPY190712C301,2019-07-10,2019-07-10 00:50:54,0.14,1.0,2359,0.13,0.9285,301,0.12,0.8571,7,0.135,0.9642,0,0
SPY190712C301,2019-07-10,2019-07-10 00:51:00,0.14,1.0,2359,0.13,0.9285,301,0.12,0.8571,7,0.135,0.9642,0,0
SPY190712C301,2019-07-10,2019-07-10 00:51:05,0.14,1.0,2359,0.13,0.9285,301,0.12,0.8571,7,0.135,0.9642,0,0
SPY190712C301,2019-07-10,2019-07-10 00:51:08,0.14,1.0,2359,0.13,0.9285,301,0.12,0.8571,7,0.135,0.9642,0,0
SPY190712C301,2019-07-10,2019-07-10 00:51:12,0.14,1.0,2359,0.13,0.9285,301,0.12,0.8571,7,0.135,0.9642,0,0
SPY190712C301,2019-07-10,2019-07-10 00:51:14,0.14,1.0,2359,0.13,0.9285,301,0.12,0.8571,7,0.135,0.9642,0,0
SPY190712C301,2019-07-10,2019-07-10 00:51:17,0.14,1.0,2359,0.13,0.9285,301,0.12,0.8571,7,0.135,0.9642,0,0
SPY190712C301,2019-07-10,2019-07-10 00:51:20,0.14,1.0,2359,0.13,0.9285,301,0.12,0.8571,7,0.135,0.9642,0,0
SPY190712C301,2019-07-10,2019-07-10 00:51:22,0.14,1.0,2359,0.13,0.9285,301,0.12,0.8571,7,0.135,0.9642,0,0
SPY190712C301,2019-07-10,2019-07-10 00:51:25,0.14,1.0,2359,0.13,0.9285,301,0.12,0.8571,7,0.135,0.9642,0,0
SPY190712C301,2019-07-10,2019-07-10 00:51:28,0.14,1.0,2359,0.13,0.9285,301,0.12,0.8571,7,0.135,0.9642,0,0
SPY190712C301,2019-07-10,2019-07-10 00:51:31,0.14,1.0,2359,0.13,0.9285,301,0.12,0.8571,7,0.135,0.9642,0,0
SPY190712C301,2019-07-10,2019-07-10 00:51:34,0.14,1.0,2359,0.13,0.9285,301,0.12,0.8571,7,0.135,0.9642,0,0
SPY190712C301,2019-07-10,2019-07-10 00:51:37,0.14,1.0,2359,0.13,0.9285,301,0.12,0.8571,7,0.135,0.9642,0,0
SPY190712C301,2019-07-10,2019-07-10 00:51:43,0.14,1.0,2359,0.13,0.9285,301,0.12,0.8571,7,0.135,0.9642,0,0
SPY190712C301,2019-07-10,2019-07-10 00:51:46,0.14,1.0,2359,0.13,0.9285,301,0.12,0.8571,7,0.135,0.9642,0,0
SPY190712C301,2019-07-10,2019-07-10 00:51:47,0.14,1.0,2359,0.13,0.9285,301,0.12,0.8571,7,0.135,0.9642,0,0
SPY190712C301,2019-07-10,2019-07-10 00:51:51,0.14,1.0,2359,0.13,0.9285,301,0.12,0.8571,7,0.135,0.9642,0,0
SPY190712C301,2019-07-10,2019-07-10 00:51:55,0.14,1.0,2359,0.13,0.9285,301,0.12,0.8571,7,0.135,0.9642,0,0
SPY190712C301,2019-07-10,2019-07-10 00:51:58,0.14,1.0,2359,0.13,0.9285,301,0.12,0.8571,7,0.135,0.9642,0,0
SPY190712C301,2019-07-10,2019-07-10 00:52:02,0.14,1.0,2359,0.13,0.9285,301,0.12,0.8571,7,0.135,0.9642,0,0
SPY190712C301,2019-07-10,2019-07-10 00:52:06,0.14,1.0,2359,0.13,0.9285,301,0.12,0.8571,7,0.135,0.9642,0,0
SPY190712C301,2019-07-10,2019-07-10 00:52:09,0.14,1.0,2359,0.13,0.9285,301,0.12,0.8571,7,0.135,0.9642,0,0
SPY190712C301,2019-07-10,2019-07-10 00:52:15,0.14,1.0,2359,0.13,0.9285,301,0.12,0.8571,7,0.135,0.9642,0,0
SPY190712C301,2019-07-10,2019-07-10 00:52:17,0.14,1.0,2359,0.13,0.9285,301,0.12,0.8571,7,0.135,0.9642,0,0
SPY190712C301,2019-07-10,2019-07-10 00:52:21,0.14,1.0,2359,0.13,0.9285,301,0.12,0.8571,7,0.135,0.9642,0,0
SPY190712C301,2019-07-10,2019-07-10 00:52:24,0.14,1.0,2359,0.13,0.9285,301,0.12,0.8571,7,0.135,0.9642,0,0
SPY190712C301,2019-07-10,2019-07-10 00:52:28,0.14,1.0,2359,0.13,0.9285,301,0.12,0.8571,7,0.135,0.9642,0,0
SPY190712C301,2019-07-10,2019-07-10 00:52:31,0.14,1.0,2359,0.13,0.9285,301,0.12,0.8571,7,0.135,0.9642,0,0
SPY190712C301,2019-07-10,2019-07-10 00:52:34,0.14,1.0,2359,0.13,0.9285,301,0.12,0.8571,7,0.135,0.9642,0,0
SPY190712C301,2019-07-10,2019-07-10 00:52:37,0.14,1.0,2359,0.13,0.9285,301,0.12,0.8571,7,0.135,0.9642,0,0
SPY190712C301,2019-07-10,2019-07-10 00:52:40,0.14,1.0,2359,0.13,0.9285,301,0.12,0.8571,7,0.135,0.9642,0,0
SPY190712C301,2019-07-10,2019-07-10 00:52:44,0.14,1.0,2359,0.13,0.9285,301,0.12,0.8571,7,0.135,0.9642,0,0
SPY190712C301,2019-07-10,2019-07-10 00:52:47,0.14,1.0,2359,0.13,0.9285,301,0.12,0.8571,7,0.135,0.9642,0,0
SPY190712C301,2019-07-10,2019-07-10 00:52:50,0.14,1.0,2359,0.13,0.9285,301,0.12,0.8571,7,0.135,0.9642,0,0
SPY190712C301,2019-07-10,2019-07-10 00:52:54,0.14,1.0,2359,0.13,0.9285,301,0.12,0.8571,7,0.135,0.9642,0,0
SPY190712C301,2019-07-10,2019-07-10 00:53:01,0.14,1.0,2359,0.13,0.9285,301,0.12,0.8571,7,0.135,0.9642,0,0
SPY190712C301,2019-07-10,2019-07-10 00:53:11,0.14,1.0,2359,0.13,0.9285,301,0.12,0.8571,7,0.135,0.9642,0,0
SPY190712C301,2019-07-10,2019-07-10 00:53:16,0.14,1.0,2359,0.13,0.9285,301,0.12,0.8571,7,0.135,0.9642,0,0
SPY190712C301,2019-07-10,2019-07-10 00:53:22,0.14,1.0,2359,0.13,0.9285,301,0.12,0.8571,7,0.135,0.9642,0,0
SPY190712C301,2019-07-10,2019-07-10 00:53:28,0.14,1.0,2359,0.13,0.9285,301,0.12,0.8571,7,0.135,0.9642,0,0
SPY190712C301,2019-07-10,2019-07-10 00:53:33,0.14,1.0,2359,0.13,0.9285,301,0.12,0.8571,7,0.135,0.9642,0,0
SPY190712C301,2019-07-10,2019-07-10 00:53:40,0.14,1.0,2359,0.13,0.9285,301,0.12,0.8571,7,0.135,0.9642,0,0
SPY190712C301,2019-07-10,2019-07-10 00:53:45,0.14,1.0,2359,0.13,0.9285,301,0.12,0.8571,7,0.135,0.9642,0,0
SPY190712C301,2019-07-10,2019-07-10 00:53:51,0.14,1.0,2359,0.13,0.9285,301,0.12,0.8571,7,0.135,0.9642,0,0
SPY190712C301,2019-07-10,2019-07-10 00:53:56,0.14,1.0,2359,0.13,0.9285,301,0.12,0.8571,7,0.135,0.9642,0,0
SPY190712C301,2019-07-10,2019-07-10 00:54:02,0.14,1.0,2359,0.13,0.9285,301,0.12,0.8571,7,0.135,0.9642,0,0
SPY190712C301,2019-07-10,2019-07-10 00:54:07,0.14,1.0,2359,0.13,0.9285,301,0.12,0.8571,7,0.135,0.9642,0,0
SPY190712C301,2019-07-10,2019-07-10 00:54:12,0.14,1.0,2359,0.13,0.9285,301,0.12,0.8571,7,0.135,0.9642,0,0
SPY190712C301,2019-07-10,2019-07-10 00:54:21,0.14,1.0,2359,0.13,0.9285,301,0.12,0.8571,7,0.135,0.9642,0,0
SPY190712C301,2019-07-10,2019-07-10 00:54:22,0.14,1.0,2359,0.13,0.9285,301,0.12,0.8571,7,0.135,0.9642,0,0
SPY190712C301,2019-07-10,2019-07-10 00:54:27,0.14,1.0,2359,0.13,0.9285,301,0.12,0.8571,7,0.135,0.9642,0,0
SPY190712C301,2019-07-10,2019-07-10 00:54:36,0.14,1.0,2359,0.13,0.9285,301,0.12,0.8571,7,0.135,0.9642,0,0
SPY190712C301,2019-07-10,2019-07-10 00:54:43,0.14,1.0,2359,0.13,0.9285,301,0.12,0.8571,7,0.135,0.9642,0,0
SPY190712C301,2019-07-10,2019-07-10 00:54:49,0.14,1.0,2359,0.13,0.9285,301,0.12,0.8571,7,0.135,0.9642,0,0
SPY190712C301,2019-07-10,2019-07-10 00:54:56,0.14,1.0,2359,0.13,0.9285,301,0.12,0.8571,7,0.135,0.9642,0,0
SPY190712C301,2019-07-10,2019-07-10 00:55:01,0.14,1.0,2359,0.13,0.9285,301,0.12,0.8571,7,0.135,0.9642,0,0
SPY190712C301,2019-07-10,2019-07-10 00:55:04,0.14,1.0,2359,0.13,0.9285,301,0.12,0.8571,7,0.135,0.9642,0,0
SPY190712C301,2019-07-10,2019-07-10 00:55:05,0.14,1.0,2359,0.13,0.9285,301,0.12,0.8571,7,0.135,0.9642,0,0
SPY190712C301,2019-07-10,2019-07-10 00:55:10,0.14,1.0,2359,0.13,0.9285,301,0.12,0.8571,7,0.135,0.9642,0,0
SPY190712C301,2019-07-10,2019-07-10 00:55:17,0.14,1.0,2359,0.13,0.9285,301,0.12,0.8571,7,0.135,0.9642,0,0
SPY190712C301,2019-07-10,2019-07-10 00:55:22,0.14,1.0,2359,0.13,0.9285,301,0.12,0.8571,7,0.135,0.9642,0,0
SPY190712C301,2019-07-10,2019-07-10 00:55:28,0.14,1.0,2359,0.13,0.9285,301,0.12,0.8571,7,0.135,0.9642,0,0
SPY190712C301,2019-07-10,2019-07-10 00:55:41,0.14,1.0,2359,0.13,0.9285,301,0.12,0.8571,7,0.135,0.9642,0,0
SPY190712C301,2019-07-10,2019-07-10 00:55:48,0.14,1.0,2359,0.13,0.9285,301,0.12,0.8571,7,0.135,0.9642,0,0
SPY190712C301,2019-07-10,2019-07-10 00:55:56,0.14,1.0,2359,0.13,0.9285,301,0.12,0.8571,7,0.135,0.9642,0,0
SPY190712C301,2019-07-10,2019-07-10 00:56:00,0.14,1.0,2359,0.13,0.9285,301,0.12,0.8571,7,0.135,0.9642,0,0
SPY190712C301,2019-07-10,2019-07-10 00:56:04,0.14,1.0,2359,0.13,0.9285,301,0.12,0.8571,7,0.135,0.9642,0,0
SPY190712C301,2019-07-10,2019-07-10 00:56:08,0.14,1.0,2359,0.13,0.9285,301,0.12,0.8571,7,0.135,0.9642,0,0
SPY190712C301,2019-07-10,2019-07-10 00:56:14,0.14,1.0,2359,0.13,0.9285,301,0.12,0.8571,7,0.135,0.9642,0,0
SPY190712C301,2019-07-10,2019-07-10 00:56:17,0.14,1.0,2359,0.13,0.9285,301,0.12,0.8571,7,0.135,0.9642,0,0
SPY190712C301,2019-07-10,2019-07-10 00:56:18,0.14,1.0,2359,0.13,0.9285,301,0.12,0.8571,7,0.135,0.9642,0,0
SPY190712C301,2019-07-10,2019-07-10 00:56:19,0.14,1.0,2359,0.13,0.9285,301,0.12,0.8571,7,0.135,0.9642,0,0
SPY190712C301,2019-07-10,2019-07-10 00:56:20,0.14,1.0,2359,0.13,0.9285,301,0.12,0.8571,7,0.135,0.9642,0,0
SPY190712C301,2019-07-10,2019-07-10 00:56:24,0.14,1.0,2359,0.13,0.9285,301,0.12,0.8571,7,0.135,0.9642,0,0
SPY190712C301,2019-07-10,2019-07-10 00:56:27,0.14,1.0,2359,0.13,0.9285,301,0.12,0.8571,7,0.135,0.9642,0,0
SPY190712C301,2019-07-10,2019-07-10 00:56:30,0.14,1.0,2359,0.13,0.9285,301,0.12,0.8571,7,0.135,0.9642,0,0
SPY190712C301,2019-07-10,2019-07-10 00:56:32,0.14,1.0,2359,0.13,0.9285,301,0.12,0.8571,7,0.135,0.9642,0,0
SPY190712C301,2019-07-10,2019-07-10 00:56:35,0.14,1.0,2359,0.13,0.9285,301,0.12,0.8571,7,0.135,0.9642,0,0
SPY190712C301,2019-07-10,2019-07-10 00:56:38,0.14,1.0,2359,0.13,0.9285,301,0.12,0.8571,7,0.135,0.9642,0,0
SPY190712C301,2019-07-10,2019-07-10 00:56:44,0.14,1.0,2359,0.13,0.9285,301,0.12,0.8571,7,0.135,0.9642,0,0
SPY190712C301,2019-07-10,2019-07-10 00:56:47,0.14,1.0,2359,0.13,0.9285,301,0.12,0.8571,7,0.135,0.9642,0,0
SPY190712C301,2019-07-10,2019-07-10 00:56:51,0.14,1.0,2359,0.13,0.9285,301,0.12,0.8571,7,0.135,0.9642,0,0
SPY190712C301,2019-07-10,2019-07-10 00:56:54,0.14,1.0,2359,0.13,0.9285,301,0.12,0.8571,7,0.135,0.9642,0,0
SPY190712C301,2019-07-10,2019-07-10 00:56:58,0.14,1.0,2359,0.13,0.9285,301,0.12,0.8571,7,0.135,0.9642,0,0
SPY190712C301,2019-07-10,2019-07-10 00:57:02,0.14,1.0,2359,0.13,0.9285,301,0.12,0.8571,7,0.135,0.9642,0,0
SPY190712C301,2019-07-10,2019-07-10 00:57:04,0.14,1.0,2359,0.13,0.9285,301,0.12,0.8571,7,0.135,0.9642,0,0
SPY190712C301,2019-07-10,2019-07-10 00:57:13,0.14,1.0,2359,0.13,0.9285,301,0.12,0.8571,7,0.135,0.9642,0,0
SPY190712C301,2019-07-10,2019-07-10 00:57:16,0.14,1.0,2359,0.13,0.9285,301,0.12,0.8571,7,0.135,0.9642,0,0
SPY190712C301,2019-07-10,2019-07-10 00:57:19,0.14,1.0,2359,0.13,0.9285,301,0.12,0.8571,7,0.135,0.9642,0,0
SPY190712C301,2019-07-10,2019-07-10 00:57:22,0.14,1.0,2359,0.13,0.9285,301,0.12,0.8571,7,0.135,0.9642,0,0
SPY190712C301,2019-07-10,2019-07-10 00:57:27,0.14,1.0,2359,0.13,0.9285,301,0.12,0.8571,7,0.135,0.9642,0,0
SPY190712C301,2019-07-10,2019-07-10 00:57:38,0.14,1.0,2359,0.13,0.9285,301,0.12,0.8571,7,0.135,0.9642,0,0
SPY190712C301,2019-07-10,2019-07-10 00:57:45,0.14,1.0,2359,0.13,0.9285,301,0.12,0.8571,7,0.135,0.9642,0,0
SPY190712C301,2019-07-10,2019-07-10 00:57:51,0.14,1.0,2359,0.13,0.9285,301,0.12,0.8571,7,0.135,0.9642,0,0
SPY190712C301,2019-07-10,2019-07-10 00:57:56,0.14,1.0,2359,0.13,0.9285,301,0.12,0.8571,7,0.135,0.9642,0,0
SPY190712C301,2019-07-10,2019-07-10 00:57:59,0.14,1.0,2359,0.13,0.9285,301,0.12,0.8571,7,0.135,0.9642,0,0
SPY190712C301,2019-07-10,2019-07-10 00:58:23,0.14,1.0,2359,0.13,0.9285,301,0.12,0.8571,7,0.135,0.9642,0,0
SPY190712C301,2019-07-10,2019-07-10 00:58:37,0.14,1.0,2359,0.13,0.9285,301,0.12,0.8571,7,0.135,0.9642,0,0
SPY190712C301,2019-07-10,2019-07-10 00:58:45,0.14,1.0,2359,0.13,0.9285,301,0.12,0.8571,7,0.135,0.9642,0,0
SPY190712C301,2019-07-10,2019-07-10 00:58:54,0.14,1.0,2359,0.13,0.9285,301,0.12,0.8571,7,0.135,0.9642,0,0
SPY190712C301,2019-07-10,2019-07-10 00:59:52,0.14,1.0,2359,0.13,0.9285,301,0.12,0.8571,7,0.135,0.9642,0,0
SPY190712C301,2019-07-10,2019-07-10 01:00:24,0.14,1.0,2359,0.13,0.9285,301,0.12,0.8571,7,0.135,0.9642,0,0
SPY190712C301,2019-07-10,2019-07-10 01:00:41,0.14,1.0,2359,0.13,0.9285,301,0.12,0.8571,7,0.135,0.9642,0,0
SPY190712C301,2019-07-10,2019-07-10 01:01:02,0.14,1.0,2359,0.13,0.9285,301,0.12,0.8571,7,0.135,0.9642,0,0
SPY190712C301,2019-07-10,2019-07-10 01:01:17,0.14,1.0,2359,0.13,0.9285,301,0.12,0.8571,7,0.135,0.9642,0,0
SPY190712C301,2019-07-10,2019-07-10 01:01:23,0.14,1.0,2359,0.13,0.9285,301,0.12,0.8571,7,0.135,0.9642,0,0
SPY190712C301,2019-07-10,2019-07-10 01:01:31,0.14,1.0,2359,0.13,0.9285,301,0.12,0.8571,7,0.135,0.9642,0,0
SPY190712C301,2019-07-10,2019-07-10 01:01:34,0.14,1.0,2359,0.13,0.9285,301,0.12,0.8571,7,0.135,0.9642,0,0
SPY190712C301,2019-07-10,2019-07-10 01:01:37,0.14,1.0,2359,0.13,0.9285,301,0.12,0.8571,7,0.135,0.9642,0,0
SPY190712C301,2019-07-10,2019-07-10 01:01:41,0.14,1.0,2359,0.13,0.9285,301,0.12,0.8571,7,0.135,0.9642,0,0
SPY190712C301,2019-07-10,2019-07-10 01:01:47,0.14,1.0,2359,0.13,0.9285,301,0.12,0.8571,7,0.135,0.9642,0,0
SPY190712C301,2019-07-10,2019-07-10 01:01:54,0.14,1.0,2359,0.13,0.9285,301,0.12,0.8571,7,0.135,0.9642,0,0
SPY190712C301,2019-07-10,2019-07-10 01:01:58,0.14,1.0,2359,0.13,0.9285,301,0.12,0.8571,7,0.135,0.9642,0,0
SPY190712C301,2019-07-10,2019-07-10 01:02:02,0.14,1.0,2359,0.13,0.9285,301,0.12,0.8571,7,0.135,0.9642,0,0
SPY190712C301,2019-07-10,2019-07-10 01:02:05,0.14,1.0,2359,0.13,0.9285,301,0.12,0.8571,7,0.135,0.9642,0,0
SPY190712C301,2019-07-10,2019-07-10 01:02:16,0.14,1.0,2359,0.13,0.9285,301,0.12,0.8571,7,0.135,0.9642,0,0
SPY190712C301,2019-07-10,2019-07-10 01:02:19,0.14,1.0,2359,0.13,0.9285,301,0.12,0.8571,7,0.135,0.9642,0,0
SPY190712C301,2019-07-10,2019-07-10 01:02:23,0.14,1.0,2359,0.13,0.9285,301,0.12,0.8571,7,0.135,0.9642,0,0
SPY190712C301,2019-07-10,2019-07-10 01:02:26,0.14,1.0,2359,0.13,0.9285,301,0.12,0.8571,7,0.135,0.9642,0,0
SPY190712C301,2019-07-10,2019-07-10 01:02:37,0.14,1.0,2359,0.13,0.9285,301,0.12,0.8571,7,0.135,0.9642,0,0
SPY190712C301,2019-07-10,2019-07-10 01:02:40,0.14,1.0,2359,0.13,0.9285,301,0.12,0.8571,7,0.135,0.9642,0,0
SPY190712C301,2019-07-10,2019-07-10 01:02:43,0.14,1.0,2359,0.13,0.9285,301,0.12,0.8571,7,0.135,0.9642,0,0
SPY190712C301,2019-07-10,2019-07-10 01:02:46,0.14,1.0,2359,0.13,0.9285,301,0.12,0.8571,7,0.135,0.9642,0,0
SPY190712C301,2019-07-10,2019-07-10 01:03:07,0.14,1.0,2359,0.13,0.9285,301,0.12,0.8571,7,0.135,0.9642,0,0
SPY190712C301,2019-07-10,2019-07-10 01:03:13,0.14,1.0,2359,0.13,0.9285,301,0.12,0.8571,7,0.135,0.9642,0,0
SPY190712C301,2019-07-10,2019-07-10 01:03:19,0.14,1.0,2359,0.13,0.9285,301,0.12,0.8571,7,0.135,0.9642,0,0
SPY190712C301,2019-07-10,2019-07-10 01:03:23,0.14,1.0,2359,0.13,0.9285,301,0.12,0.8571,7,0.135,0.9642,0,0
SPY190712C301,2019-07-10,2019-07-10 01:03:38,0.14,1.0,2359,0.13,0.9285,301,0.12,0.8571,7,0.135,0.9642,0,0
SPY190712C301,2019-07-10,2019-07-10 01:03:44,0.14,1.0,2359,0.13,0.9285,301,0.12,0.8571,7,0.135,0.9642,0,0
SPY190712C301,2019-07-10,2019-07-10 01:03:50,0.14,1.0,2359,0.13,0.9285,301,0.12,0.8571,7,0.135,0.9642,0,0
SPY190712C301,2019-07-10,2019-07-10 01:03:56,0.14,1.0,2359,0.13,0.9285,301,0.12,0.8571,7,0.135,0.9642,0,0
SPY190712C301,2019-07-10,2019-07-10 01:03:57,0.14,1.0,2359,0.13,0.9285,301,0.12,0.8571,7,0.135,0.9642,0,0
SPY190712C301,2019-07-10,2019-07-10 01:04:04,0.14,1.0,2359,0.13,0.9285,301,0.12,0.8571,7,0.135,0.9642,0,0
SPY190712C301,2019-07-10,2019-07-10 01:04:15,0.14,1.0,2359,0.13,0.9285,301,0.12,0.8571,7,0.135,0.9642,0,0
SPY190712C301,2019-07-10,2019-07-10 01:04:22,0.14,1.0,2359,0.13,0.9285,301,0.12,0.8571,7,0.135,0.9642,0,0
SPY190712C301,2019-07-10,2019-07-10 01:04:30,0.14,1.0,2359,0.13,0.9285,301,0.12,0.8571,7,0.135,0.9642,0,0
SPY190712C301,2019-07-10,2019-07-10 01:04:39,0.14,1.0,2359,0.13,0.9285,301,0.12,0.8571,7,0.135,0.9642,0,0
SPY190712C301,2019-07-10,2019-07-10 01:04:53,0.14,1.0,2359,0.13,0.9285,301,0.12,0.8571,7,0.135,0.9642,0,0
SPY190712C301,2019-07-10,2019-07-10 01:05:10,0.14,1.0,2359,0.13,0.9285,301,0.12,0.8571,7,0.135,0.9642,0,0
SPY190712C301,2019-07-10,2019-07-10 01:05:19,0.14,1.0,2359,0.13,0.9285,301,0.12,0.8571,7,0.135,0.9642,0,0
SPY190712C301,2019-07-10,2019-07-10 01:05:26,0.14,1.0,2359,0.13,0.9285,301,0.12,0.8571,7,0.135,0.9642,0,0
SPY190712C301,2019-07-10,2019-07-10 01:05:35,0.14,1.0,2359,0.13,0.9285,301,0.12,0.8571,7,0.135,0.9642,0,0
SPY190712C301,2019-07-10,2019-07-10 01:05:42,0.14,1.0,2359,0.13,0.9285,301,0.12,0.8571,7,0.135,0.9642,0,0
SPY190712C301,2019-07-10,2019-07-10 01:05:49,0.14,1.0,2359,0.13,0.9285,301,0.12,0.8571,7,0.135,0.9642,0,0
SPY190712C301,2019-07-10,2019-07-10 01:05:56,0.14,1.0,2359,0.13,0.9285,301,0.12,0.8571,7,0.135,0.9642,0,0
SPY190712C301,2019-07-10,2019-07-10 01:06:03,0.14,1.0,2359,0.13,0.9285,301,0.12,0.8571,7,0.135,0.9642,0,0
SPY190712C301,2019-07-10,2019-07-10 01:06:09,0.14,1.0,2359,0.13,0.9285,301,0.12,0.8571,7,0.135,0.9642,0,0
SPY190712C301,2019-07-10,2019-07-10 01:06:14,0.14,1.0,2359,0.13,0.9285,301,0.12,0.8571,7,0.135,0.9642,0,0
SPY190712C301,2019-07-10,2019-07-10 01:06:23,0.14,1.0,2359,0.13,0.9285,301,0.12,0.8571,7,0.135,0.9642,0,0
SPY190712C301,2019-07-10,2019-07-10 01:06:27,0.14,1.0,2359,0.13,0.9285,301,0.12,0.8571,7,0.135,0.9642,0,0
SPY190712C301,2019-07-10,2019-07-10 01:06:36,0.14,1.0,2359,0.13,0.9285,301,0.12,0.8571,7,0.135,0.9642,0,0
SPY190712C301,2019-07-10,2019-07-10 01:06:41,0.14,1.0,2359,0.13,0.9285,301,0.12,0.8571,7,0.135,0.9642,0,0
SPY190712C301,2019-07-10,2019-07-10 01:06:45,0.14,1.0,2359,0.13,0.9285,301,0.12,0.8571,7,0.135,0.9642,0,0
SPY190712C301,2019-07-10,2019-07-10 01:06:50,0.14,1.0,2359,0.13,0.9285,301,0.12,0.8571,7,0.135,0.9642,0,0
SPY190712C301,2019-07-10,2019-07-10 01:06:54,0.14,1.0,2359,0.13,0.9285,301,0.12,0.8571,7,0.135,0.9642,0,0
SPY190712C301,2019-07-10,2019-07-10 01:07:03,0.14,1.0,2359,0.13,0.9285,301,0.12,0.8571,7,0.135,0.9642,0,0
SPY190712C301,2019-07-10,2019-07-10 01:07:10,0.14,1.0,2359,0.13,0.9285,301,0.12,0.8571,7,0.135,0.9642,0,0
SPY190712C301,2019-07-10,2019-07-10 01:07:14,0.14,1.0,2359,0.13,0.9285,301,0.12,0.8571,7,0.135,0.9642,0,0
SPY190712C301,2019-07-10,2019-07-10 01:07:18,0.14,1.0,2359,0.13,0.9285,301,0.12,0.8571,7,0.135,0.9642,0,0
SPY190712C301,2019-07-10,2019-07-10 01:07:22,0.14,1.0,2359,0.13,0.9285,301,0.12,0.8571,7,0.135,0.9642,0,0
SPY190712C301,2019-07-10,2019-07-10 01:07:27,0.14,1.0,2359,0.13,0.9285,301,0.12,0.8571,7,0.135,0.9642,0,0
SPY190712C301,2019-07-10,2019-07-10 01:07:31,0.14,1.0,2359,0.13,0.9285,301,0.12,0.8571,7,0.135,0.9642,0,0
SPY190712C301,2019-07-10,2019-07-10 01:07:35,0.14,1.0,2359,0.13,0.9285,301,0.12,0.8571,7,0.135,0.9642,0,0
SPY190712C301,2019-07-10,2019-07-10 01:07:39,0.14,1.0,2359,0.13,0.9285,301,0.12,0.8571,7,0.135,0.9642,0,0
SPY190712C301,2019-07-10,2019-07-10 01:07:42,0.14,1.0,2359,0.13,0.9285,301,0.12,0.8571,7,0.135,0.9642,0,0
SPY190712C301,2019-07-10,2019-07-10 01:07:46,0.14,1.0,2359,0.13,0.9285,301,0.12,0.8571,7,0.135,0.9642,0,0
SPY190712C301,2019-07-10,2019-07-10 01:07:53,0.14,1.0,2359,0.13,0.9285,301,0.12,0.8571,7,0.135,0.9642,0,0
SPY190712C301,2019-07-10,2019-07-10 01:07:57,0.14,1.0,2359,0.13,0.9285,301,0.12,0.8571,7,0.135,0.9642,0,0
SPY190712C301,2019-07-10,2019-07-10 03:04:22,0.14,1.0,2359,0.13,0.9285,301,0.12,0.8571,7,0.135,0.9642,0,0
SPY190712C301,2019-07-10,2019-07-10 03:04:23,0.14,1.0,2359,0.13,0.9285,301,0.12,0.8571,7,0.135,0.9642,0,0
SPY190712C301,2019-07-10,2019-07-10 03:04:24,0.14,1.0,2359,0.13,0.9285,301,0.12,0.8571,7,0.135,0.9642,0,0
SPY190712C301,2019-07-10,2019-07-10 03:04:25,0.14,1.0,2359,0.13,0.9285,301,0.12,0.8571,7,0.135,0.9642,0,0
SPY190712C301,2019-07-10,2019-07-10 03:04:26,0.14,1.0,2359,0.13,0.9285,301,0.12,0.8571,7,0.135,0.9642,0,0
SPY190712C301,2019-07-10,2019-07-10 03:04:27,0.14,1.0,2359,0.13,0.9285,301,0.12,0.8571,7,0.135,0.9642,0,0
SPY190712C301,2019-07-10,2019-07-10 03:04:28,0.14,1.0,2359,0.13,0.9285,301,0.12,0.8571,7,0.135,0.9642,0,0
SPY190712C301,2019-07-10,2019-07-10 03:04:29,0.14,1.0,2359,0.13,0.9285,301,0.12,0.8571,7,0.135,0.9642,0,0
SPY190712C301,2019-07-10,2019-07-10 03:04:30,0.14,1.0,2359,0.13,0.9285,301,0.12,0.8571,7,0.135,0.9642,0,0
SPY190712C301,2019-07-10,2019-07-10 03:04:31,0.14,1.0,2359,0.13,0.9285,301,0.12,0.8571,7,0.135,0.9642,0,0
SPY190712C301,2019-07-10,2019-07-10 03:04:32,0.14,1.0,2359,0.13,0.9285,301,0.12,0.8571,7,0.135,0.9642,0,0
SPY190712C301,2019-07-10,2019-07-10 03:04:33,0.14,1.0,2359,0.13,0.9285,301,0.12,0.8571,7,0.135,0.9642,0,0
SPY190712C301,2019-07-10,2019-07-10 03:04:34,0.14,1.0,2359,0.13,0.9285,301,0.12,0.8571,7,0.135,0.9642,0,0
SPY190712C301,2019-07-10,2019-07-10 03:04:35,0.14,1.0,2359,0.13,0.9285,301,0.12,0.8571,7,0.135,0.9642,0,0
SPY190712C301,2019-07-10,2019-07-10 03:04:36,0.14,1.0,2359,0.13,0.9285,301,0.12,0.8571,7,0.135,0.9642,0,0
SPY190712C301,2019-07-10,2019-07-10 03:04:37,0.14,1.0,2359,0.13,0.9285,301,0.12,0.8571,7,0.135,0.9642,0,0
SPY190712C301,2019-07-10,2019-07-10 03:04:38,0.14,1.0,2359,0.13,0.9285,301,0.12,0.8571,7,0.135,0.9642,0,0
SPY190712C301,2019-07-10,2019-07-10 03:04:39,0.14,1.0,2359,0.13,0.9285,301,0.12,0.8571,7,0.135,0.9642,0,0
SPY190712C301,2019-07-10,2019-07-10 03:04:40,0.14,1.0,2359,0.13,0.9285,301,0.12,0.8571,7,0.135,0.9642,0,0
SPY190712C301,2019-07-10,2019-07-10 03:04:41,0.14,1.0,2359,0.13,0.9285,301,0.12,0.8571,7,0.135,0.9642,0,0
SPY190712C301,2019-07-10,2019-07-10 03:04:42,0.14,1.0,2359,0.13,0.9285,301,0.12,0.8571,7,0.135,0.9642,0,0
SPY190712C301,2019-07-10,2019-07-10 03:04:43,0.14,1.0,2359,0.13,0.9285,301,0.12,0.8571,7,0.135,0.9642,0,0
SPY190712C301,2019-07-10,2019-07-10 03:04:44,0.14,1.0,2359,0.13,0.9285,301,0.12,0.8571,7,0.135,0.9642,0,0
SPY190712C301,2019-07-10,2019-07-10 03:04:45,0.14,1.0,2359,0.13,0.9285,301,0.12,0.8571,7,0.135,0.9642,0,0
SPY190712C301,2019-07-10,2019-07-10 03:04:46,0.14,1.0,2359,0.13,0.9285,301,0.12,0.8571,7,0.135,0.9642,0,0
SPY190712C301,2019-07-10,2019-07-10 03:04:47,0.14,1.0,2359,0.13,0.9285,301,0.12,0.8571,7,0.135,0.9642,0,0
SPY190712C301,2019-07-10,2019-07-10 03:04:48,0.14,1.0,2359,0.13,0.9285,301,0.12,0.8571,7,0.135,0.9642,0,0
SPY190712C301,2019-07-10,2019-07-10 03:04:49,0.14,1.0,2359,0.13,0.9285,301,0.12,0.8571,7,0.135,0.9642,0,0
SPY190712C301,2019-07-10,2019-07-10 03:04:50,0.14,1.0,2359,0.13,0.9285,301,0.12,0.8571,7,0.135,0.9642,0,0
SPY190712C301,2019-07-10,2019-07-10 03:04:51,0.14,1.0,2359,0.13,0.9285,301,0.12,0.8571,7,0.135,0.9642,0,0
SPY190712C301,2019-07-10,2019-07-10 03:04:52,0.14,1.0,2359,0.13,0.9285,301,0.12,0.8571,7,0.135,0.9642,0,0
SPY190712C301,2019-07-10,2019-07-10 03:04:53,0.14,1.0,2359,0.13,0.9285,301,0.12,0.8571,7,0.135,0.9642,0,0
SPY190712C301,2019-07-10,2019-07-10 03:04:54,0.14,1.0,2359,0.13,0.9285,301,0.12,0.8571,7,0.135,0.9642,0,0
SPY190712C301,2019-07-10,2019-07-10 03:04:55,0.14,1.0,2359,0.13,0.9285,301,0.12,0.8571,7,0.135,0.9642,0,0
SPY190712C301,2019-07-10,2019-07-10 03:04:56,0.14,1.0,2359,0.13,0.9285,301,0.12,0.8571,7,0.135,0.9642,0,0
SPY190712C301,2019-07-10,2019-07-10 03:04:57,0.14,1.0,2359,0.13,0.9285,301,0.12,0.8571,7,0.135,0.9642,0,0
SPY190712C301,2019-07-10,2019-07-10 03:04:58,0.14,1.0,2359,0.13,0.9285,301,0.12,0.8571,7,0.135,0.9642,0,0
SPY190712C301,2019-07-10,2019-07-10 03:04:59,0.14,1.0,2359,0.13,0.9285,301,0.12,0.8571,7,0.135,0.9642,0,0
SPY190712C301,2019-07-10,2019-07-10 03:05:00,0.14,1.0,2359,0.13,0.9285,301,0.12,0.8571,7,0.135,0.9642,0,0
SPY190712C301,2019-07-10,2019-07-10 03:05:01,0.14,1.0,2359,0.13,0.9285,301,0.12,0.8571,7,0.135,0.9642,0,0
SPY190712C301,2019-07-10,2019-07-10 03:05:02,0.14,1.0,2359,0.13,0.9285,301,0.12,0.8571,7,0.135,0.9642,0,0
SPY190712C301,2019-07-10,2019-07-10 03:05:03,0.14,1.0,2359,0.13,0.9285,301,0.12,0.8571,7,0.135,0.9642,0,0
SPY190712C301,2019-07-10,2019-07-10 03:05:04,0.14,1.0,2359,0.13,0.9285,301,0.12,0.8571,7,0.135,0.9642,0,0
SPY190712C301,2019-07-10,2019-07-10 03:05:05,0.14,1.0,2359,0.13,0.9285,301,0.12,0.8571,7,0.135,0.9642,0,0
SPY190712C301,2019-07-10,2019-07-10 03:05:06,0.14,1.0,2359,0.13,0.9285,301,0.12,0.8571,7,0.135,0.9642,0,0
SPY190712C301,2019-07-10,2019-07-10 03:05:07,0.14,1.0,2359,0.13,0.9285,301,0.12,0.8571,7,0.135,0.9642,0,0
SPY190712C301,2019-07-10,2019-07-10 03:05:08,0.14,1.0,2359,0.13,0.9285,301,0.12,0.8571,7,0.135,0.9642,0,0
SPY190712C301,2019-07-10,2019-07-10 03:05:09,0.14,1.0,2359,0.13,0.9285,301,0.12,0.8571,7,0.135,0.9642,0,0
SPY190712C301,2019-07-10,2019-07-10 03:05:10,0.14,1.0,2359,0.13,0.9285,301,0.12,0.8571,7,0.135,0.9642,0,0
SPY190712C301,2019-07-10,2019-07-10 03:05:11,0.14,1.0,2359,0.13,0.9285,301,0.12,0.8571,7,0.135,0.9642,0,0
SPY190712C301,2019-07-10,2019-07-10 03:05:12,0.14,1.0,2359,0.13,0.9285,301,0.12,0.8571,7,0.135,0.9642,0,0
SPY190712C301,2019-07-10,2019-07-10 03:05:13,0.14,1.0,2359,0.13,0.9285,301,0.12,0.8571,7,0.135,0.9642,0,0
SPY190712C301,2019-07-10,2019-07-10 03:05:14,0.14,1.0,2359,0.13,0.9285,301,0.12,0.8571,7,0.135,0.9642,0,0
SPY190712C301,2019-07-10,2019-07-10 03:05:15,0.14,1.0,2359,0.13,0.9285,301,0.12,0.8571,7,0.135,0.9642,0,0
SPY190712C301,2019-07-10,2019-07-10 03:05:16,0.14,1.0,2359,0.13,0.9285,301,0.12,0.8571,7,0.135,0.9642,0,0
SPY190712C301,2019-07-10,2019-07-10 03:05:17,0.14,1.0,2359,0.13,0.9285,301,0.12,0.8571,7,0.135,0.9642,0,0
SPY190712C301,2019-07-10,2019-07-10 03:05:18,0.14,1.0,2359,0.13,0.9285,301,0.12,0.8571,7,0.135,0.9642,0,0
SPY190712C301,2019-07-10,2019-07-10 03:05:19,0.14,1.0,2359,0.13,0.9285,301,0.12,0.8571,7,0.135,0.9642,0,0
SPY190712C301,2019-07-10,2019-07-10 03:05:20,0.14,1.0,2359,0.13,0.9285,301,0.12,0.8571,7,0.135,0.9642,0,0
SPY190712C301,2019-07-10,2019-07-10 03:05:21,0.14,1.0,2359,0.13,0.9285,301,0.12,0.8571,7,0.135,0.9642,0,0
SPY190712C301,2019-07-10,2019-07-10 03:05:22,0.14,1.0,2359,0.13,0.9285,301,0.12,0.8571,7,0.135,0.9642,0,0
SPY190712C301,2019-07-10,2019-07-10 03:05:23,0.14,1.0,2359,0.13,0.9285,301,0.12,0.8571,7,0.135,0.9642,0,0
SPY190712C301,2019-07-10,2019-07-10 03:05:24,0.14,1.0,2359,0.13,0.9285,301,0.12,0.8571,7,0.135,0.9642,0,0
SPY190712C301,2019-07-10,2019-07-10 03:05:25,0.14,1.0,2359,0.13,0.9285,301,0.12,0.8571,7,0.135,0.9642,0,0
SPY190712C301,2019-07-10,2019-07-10 03:05:26,0.14,1.0,2359,0.13,0.9285,301,0.12,0.8571,7,0.135,0.9642,0,0
SPY190712C301,2019-07-10,2019-07-10 03:05:27,0.14,1.0,2359,0.13,0.9285,301,0.12,0.8571,7,0.135,0.9642,0,0
SPY190712C301,2019-07-10,2019-07-10 03:05:28,0.14,1.0,2359,0.13,0.9285,301,0.12,0.8571,7,0.135,0.9642,0,0
SPY190712C301,2019-07-10,2019-07-10 03:05:29,0.14,1.0,2359,0.13,0.9285,301,0.12,0.8571,7,0.135,0.9642,0,0
SPY190712C301,2019-07-10,2019-07-10 03:05:30,0.14,1.0,2359,0.13,0.9285,301,0.12,0.8571,7,0.135,0.9642,0,0
SPY190712C301,2019-07-10,2019-07-10 03:05:31,0.14,1.0,2359,0.13,0.9285,301,0.12,0.8571,7,0.135,0.9642,0,0
SPY190712C301,2019-07-10,2019-07-10 03:05:32,0.14,1.0,2359,0.13,0.9285,301,0.12,0.8571,7,0.135,0.9642,0,0
SPY190712C301,2019-07-10,2019-07-10 03:05:33,0.14,1.0,2359,0.13,0.9285,301,0.12,0.8571,7,0.135,0.9642,0,0
SPY190712C301,2019-07-10,2019-07-10 03:05:34,0.14,1.0,2359,0.13,0.9285,301,0.12,0.8571,7,0.135,0.9642,0,0
SPY190712C301,2019-07-10,2019-07-10 03:05:35,0.14,1.0,2359,0.13,0.9285,301,0.12,0.8571,7,0.135,0.9642,0,0
SPY190712C301,2019-07-10,2019-07-10 03:05:36,0.14,1.0,2359,0.13,0.9285,301,0.12,0.8571,7,0.135,0.9642,0,0
SPY190712C301,2019-07-10,2019-07-10 03:05:37,0.14,1.0,2359,0.13,0.9285,301,0.12,0.8571,7,0.135,0.9642,0,0
SPY190712C301,2019-07-10,2019-07-10 03:05:38,0.14,1.0,2359,0.13,0.9285,301,0.12,0.8571,7,0.135,0.9642,0,0
SPY190712C301,2019-07-10,2019-07-10 03:05:39,0.14,1.0,2359,0.13,0.9285,301,0.12,0.8571,7,0.135,0.9642,0,0
SPY190712C301,2019-07-10,2019-07-10 03:05:40,0.14,1.0,2359,0.13,0.9285,301,0.12,0.8571,7,0.135,0.9642,0,0
SPY190712C301,2019-07-10,2019-07-10 03:05:41,0.14,1.0,2359,0.13,0.9285,301,0.12,0.8571,7,0.135,0.9642,0,0
SPY190712C301,2019-07-10,2019-07-10 03:05:42,0.14,1.0,2359,0.13,0.9285,301,0.12,0.8571,7,0.135,0.9642,0,0
SPY190712C301,2019-07-10,2019-07-10 03:05:43,0.14,1.0,2359,0.13,0.9285,301,0.12,0.8571,7,0.135,0.9642,0,0
SPY190712C301,2019-07-10,2019-07-10 03:05:44,0.14,1.0,2359,0.13,0.9285,301,0.12,0.8571,7,0.135,0.9642,0,0
SPY190712C301,2019-07-10,2019-07-10 03:05:45,0.14,1.0,2359,0.13,0.9285,301,0.12,0.8571,7,0.135,0.9642,0,0
SPY190712C301,2019-07-10,2019-07-10 03:05:46,0.14,1.0,2359,0.13,0.9285,301,0.12,0.8571,7,0.135,0.9642,0,0
SPY190712C301,2019-07-10,2019-07-10 03:05:47,0.14,1.0,2359,0.13,0.9285,301,0.12,0.8571,7,0.135,0.9642,0,0
SPY190712C301,2019-07-10,2019-07-10 03:05:48,0.14,1.0,2359,0.13,0.9285,301,0.12,0.8571,7,0.135,0.9642,0,0
SPY190712C301,2019-07-10,2019-07-10 03:05:49,0.14,1.0,2359,0.13,0.9285,301,0.12,0.8571,7,0.135,0.9642,0,0
SPY190712C301,2019-07-10,2019-07-10 03:05:50,0.14,1.0,2359,0.13,0.9285,301,0.12,0.8571,7,0.135,0.9642,0,0
SPY190712C301,2019-07-10,2019-07-10 03:05:51,0.14,1.0,2359,0.13,0.9285,301,0.12,0.8571,7,0.135,0.9642,0,0
SPY190712C301,2019-07-10,2019-07-10 03:05:52,0.14,1.0,2359,0.13,0.9285,301,0.12,0.8571,7,0.135,0.9642,0,0
SPY190712C301,2019-07-10,2019-07-10 03:05:53,0.14,1.0,2359,0.13,0.9285,301,0.12,0.8571,7,0.135,0.9642,0,0
SPY190712C301,2019-07-10,2019-07-10 03:05:54,0.14,1.0,2359,0.13,0.9285,301,0.12,0.8571,7,0.135,0.9642,0,0
SPY190712C301,2019-07-10,2019-07-10 03:05:55,0.14,1.0,2359,0.13,0.9285,301,0.12,0.8571,7,0.135,0.9642,0,0
SPY190712C301,2019-07-10,2019-07-10 03:05:56,0.14,1.0,2359,0.13,0.9285,301,0.12,0.8571,7,0.135,0.9642,0,0
SPY190712C301,2019-07-10,2019-07-10 03:05:57,0.14,1.0,2359,0.13,0.9285,301,0.12,0.8571,7,0.135,0.9642,0,0
SPY190712C301,2019-07-10,2019-07-10 03:05:58,0.14,1.0,2359,0.13,0.9285,301,0.12,0.8571,7,0.135,0.9642,0,0
SPY190712C301,2019-07-10,2019-07-10 03:05:59,0.14,1.0,2359,0.13,0.9285,301,0.12,0.8571,7,0.135,0.9642,0,0
SPY190712C301,2019-07-10,2019-07-10 03:06:00,0.14,1.0,2359,0.13,0.9285,301,0.12,0.8571,7,0.135,0.9642,0,0
SPY190712C301,2019-07-10,2019-07-10 03:06:01,0.14,1.0,2359,0.13,0.9285,301,0.12,0.8571,7,0.135,0.9642,0,0
SPY190712C301,2019-07-10,2019-07-10 03:06:02,0.14,1.0,2359,0.13,0.9285,301,0.12,0.8571,7,0.135,0.9642,0,0
SPY190712C301,2019-07-10,2019-07-10 03:06:03,0.14,1.0,2359,0.13,0.9285,301,0.12,0.8571,7,0.135,0.9642,0,0
SPY190712C301,2019-07-10,2019-07-10 03:06:04,0.14,1.0,2359,0.13,0.9285,301,0.12,0.8571,7,0.135,0.9642,0,0
SPY190712C301,2019-07-10,2019-07-10 03:06:05,0.14,1.0,2359,0.13,0.9285,301,0.12,0.8571,7,0.135,0.9642,0,0
SPY190712C301,2019-07-10,2019-07-10 03:06:06,0.14,1.0,2359,0.13,0.9285,301,0.12,0.8571,7,0.135,0.9642,0,0
SPY190712C301,2019-07-10,2019-07-10 03:06:07,0.14,1.0,2359,0.13,0.9285,301,0.12,0.8571,7,0.135,0.9642,0,0
SPY190712C301,2019-07-10,2019-07-10 03:06:08,0.14,1.0,2359,0.13,0.9285,301,0.12,0.8571,7,0.135,0.9642,0,0
SPY190712C301,2019-07-10,2019-07-10 03:06:09,0.14,1.0,2359,0.13,0.9285,301,0.12,0.8571,7,0.135,0.9642,0,0
SPY190712C301,2019-07-10,2019-07-10 03:06:10,0.14,1.0,2359,0.13,0.9285,301,0.12,0.8571,7,0.135,0.9642,0,0
SPY190712C301,2019-07-10,2019-07-10 03:06:11,0.14,1.0,2359,0.13,0.9285,301,0.12,0.8571,7,0.135,0.9642,0,0
SPY190712C301,2019-07-10,2019-07-10 03:06:12,0.14,1.0,2359,0.13,0.9285,301,0.12,0.8571,7,0.135,0.9642,0,0
SPY190712C301,2019-07-10,2019-07-10 03:06:13,0.14,1.0,2359,0.13,0.9285,301,0.12,0.8571,7,0.135,0.9642,0,0
SPY190712C301,2019-07-10,2019-07-10 03:06:14,0.14,1.0,2359,0.13,0.9285,301,0.12,0.8571,7,0.135,0.9642,0,0
SPY190712C301,2019-07-10,2019-07-10 03:06:15,0.14,1.0,2359,0.13,0.9285,301,0.12,0.8571,7,0.135,0.9642,0,0
SPY190712C301,2019-07-10,2019-07-10 03:06:16,0.14,1.0,2359,0.13,0.9285,301,0.12,0.8571,7,0.135,0.9642,0,0
SPY190712C301,2019-07-10,2019-07-10 03:06:17,0.14,1.0,2359,0.13,0.9285,301,0.12,0.8571,7,0.135,0.9642,0,0
SPY190712C301,2019-07-10,2019-07-10 03:06:18,0.14,1.0,2359,0.13,0.9285,301,0.12,0.8571,7,0.135,0.9642,0,0
SPY190712C301,2019-07-10,2019-07-10 03:06:19,0.14,1.0,2359,0.13,0.9285,301,0.12,0.8571,7,0.135,0.9642,0,0
SPY190712C301,2019-07-10,2019-07-10 03:06:20,0.14,1.0,2359,0.13,0.9285,301,0.12,0.8571,7,0.135,0.9642,0,0
SPY190712C301,2019-07-10,2019-07-10 03:06:21,0.14,1.0,2359,0.13,0.9285,301,0.12,0.8571,7,0.135,0.9642,0,0
SPY190712C301,2019-07-10,2019-07-10 03:06:22,0.14,1.0,2359,0.13,0.9285,301,0.12,0.8571,7,0.135,0.9642,0,0
SPY190712C301,2019-07-10,2019-07-10 03:06:23,0.14,1.0,2359,0.13,0.9285,301,0.12,0.8571,7,0.135,0.9642,0,0
SPY190712C301,2019-07-10,2019-07-10 03:06:24,0.14,1.0,2359,0.13,0.9285,301,0.12,0.8571,7,0.135,0.9642,0,0
SPY190712C301,2019-07-10,2019-07-10 03:06:25,0.14,1.0,2359,0.13,0.9285,301,0.12,0.8571,7,0.135,0.9642,0,0
SPY190712C301,2019-07-10,2019-07-10 03:06:26,0.14,1.0,2359,0.13,0.9285,301,0.12,0.8571,7,0.135,0.9642,0,0
SPY190712C301,2019-07-10,2019-07-10 03:06:27,0.14,1.0,2359,0.13,0.9285,301,0.12,0.8571,7,0.135,0.9642,0,0
SPY190712C301,2019-07-10,2019-07-10 03:06:28,0.14,1.0,2359,0.13,0.9285,301,0.12,0.8571,7,0.135,0.9642,0,0
SPY190712C301,2019-07-10,2019-07-10 03:06:29,0.14,1.0,2359,0.13,0.9285,301,0.12,0.8571,7,0.135,0.9642,0,0
SPY190712C301,2019-07-10,2019-07-10 03:06:30,0.14,1.0,2359,0.13,0.9285,301,0.12,0.8571,7,0.135,0.9642,0,0
SPY190712C301,2019-07-10,2019-07-10 03:06:31,0.14,1.0,2359,0.13,0.9285,301,0.12,0.8571,7,0.135,0.9642,0,0
SPY190712C301,2019-07-10,2019-07-10 03:06:32,0.14,1.0,2359,0.13,0.9285,301,0.12,0.8571,7,0.135,0.9642,0,0
SPY190712C301,2019-07-10,2019-07-10 03:06:33,0.14,1.0,2359,0.13,0.9285,301,0.12,0.8571,7,0.135,0.9642,0,0
SPY190712C301,2019-07-10,2019-07-10 03:06:34,0.14,1.0,2359,0.13,0.9285,301,0.12,0.8571,7,0.135,0.9642,0,0
SPY190712C301,2019-07-10,2019-07-10 03:06:35,0.14,1.0,2359,0.13,0.9285,301,0.12,0.8571,7,0.135,0.9642,0,0
SPY190712C301,2019-07-10,2019-07-10 03:06:36,0.14,1.0,2359,0.13,0.9285,301,0.12,0.8571,7,0.135,0.9642,0,0
SPY190712C301,2019-07-10,2019-07-10 03:06:37,0.14,1.0,2359,0.13,0.9285,301,0.12,0.8571,7,0.135,0.9642,0,0
SPY190712C301,2019-07-10,2019-07-10 03:06:38,0.14,1.0,2359,0.13,0.9285,301,0.12,0.8571,7,0.135,0.9642,0,0
SPY190712C301,2019-07-10,2019-07-10 03:06:39,0.14,1.0,2359,0.13,0.9285,301,0.12,0.8571,7,0.135,0.9642,0,0
SPY190712C301,2019-07-10,2019-07-10 03:06:40,0.14,1.0,2359,0.13,0.9285,301,0.12,0.8571,7,0.135,0.9642,0,0
SPY190712C301,2019-07-10,2019-07-10 03:06:41,0.14,1.0,2359,0.13,0.9285,301,0.12,0.8571,7,0.135,0.9642,0,0
SPY190712C301,2019-07-10,2019-07-10 03:06:42,0.14,1.0,2359,0.13,0.9285,301,0.12,0.8571,7,0.135,0.9642,0,0
SPY190712C301,2019-07-10,2019-07-10 03:06:43,0.14,1.0,2359,0.13,0.9285,301,0.12,0.8571,7,0.135,0.9642,0,0
SPY190712C301,2019-07-10,2019-07-10 03:06:44,0.14,1.0,2359,0.13,0.9285,301,0.12,0.8571,7,0.135,0.9642,0,0
SPY190712C301,2019-07-10,2019-07-10 03:06:45,0.14,1.0,2359,0.13,0.9285,301,0.12,0.8571,7,0.135,0.9642,0,0
SPY190712C301,2019-07-10,2019-07-10 03:06:46,0.14,1.0,2359,0.13,0.9285,301,0.12,0.8571,7,0.135,0.9642,0,0
SPY190712C301,2019-07-10,2019-07-10 03:06:47,0.14,1.0,2359,0.13,0.9285,301,0.12,0.8571,7,0.135,0.9642,0,0
SPY190712C301,2019-07-10,2019-07-10 03:06:48,0.14,1.0,2359,0.13,0.9285,301,0.12,0.8571,7,0.135,0.9642,0,0
SPY190712C301,2019-07-10,2019-07-10 03:06:49,0.14,1.0,2359,0.13,0.9285,301,0.12,0.8571,7,0.135,0.9642,0,0
SPY190712C301,2019-07-10,2019-07-10 03:06:50,0.14,1.0,2359,0.13,0.9285,301,0.12,0.8571,7,0.135,0.9642,0,0
SPY190712C301,2019-07-10,2019-07-10 03:06:51,0.14,1.0,2359,0.13,0.9285,301,0.12,0.8571,7,0.135,0.9642,0,0
SPY190712C301,2019-07-10,2019-07-10 03:06:52,0.14,1.0,2359,0.13,0.9285,301,0.12,0.8571,7,0.135,0.9642,0,0
SPY190712C301,2019-07-10,2019-07-10 03:06:53,0.14,1.0,2359,0.13,0.9285,301,0.12,0.8571,7,0.135,0.9642,0,0
SPY190712C301,2019-07-10,2019-07-10 03:06:54,0.14,1.0,2359,0.13,0.9285,301,0.12,0.8571,7,0.135,0.9642,0,0
SPY190712C301,2019-07-10,2019-07-10 03:06:55,0.14,1.0,2359,0.13,0.9285,301,0.12,0.8571,7,0.135,0.9642,0,0
SPY190712C301,2019-07-10,2019-07-10 03:06:56,0.14,1.0,2359,0.13,0.9285,301,0.12,0.8571,7,0.135,0.9642,0,0
SPY190712C301,2019-07-10,2019-07-10 03:06:57,0.14,1.0,2359,0.13,0.9285,301,0.12,0.8571,7,0.135,0.9642,0,0
SPY190712C301,2019-07-10,2019-07-10 03:06:58,0.14,1.0,2359,0.13,0.9285,301,0.12,0.8571,7,0.135,0.9642,0,0
SPY190712C301,2019-07-10,2019-07-10 03:06:59,0.14,1.0,2359,0.13,0.9285,301,0.12,0.8571,7,0.135,0.9642,0,0
SPY190712C301,2019-07-10,2019-07-10 03:07:00,0.14,1.0,2359,0.13,0.9285,301,0.12,0.8571,7,0.135,0.9642,0,0
SPY190712C301,2019-07-10,2019-07-10 03:07:01,0.14,1.0,2359,0.13,0.9285,301,0.12,0.8571,7,0.135,0.9642,0,0
SPY190712C301,2019-07-10,2019-07-10 03:07:02,0.14,1.0,2359,0.13,0.9285,301,0.12,0.8571,7,0.135,0.9642,0,0
SPY190712C301,2019-07-10,2019-07-10 03:07:03,0.14,1.0,2359,0.13,0.9285,301,0.12,0.8571,7,0.135,0.9642,0,0
SPY190712C301,2019-07-10,2019-07-10 03:07:04,0.14,1.0,2359,0.13,0.9285,301,0.12,0.8571,7,0.135,0.9642,0,0
SPY190712C301,2019-07-10,2019-07-10 03:07:05,0.14,1.0,2359,0.13,0.9285,301,0.12,0.8571,7,0.135,0.9642,0,0
SPY190712C301,2019-07-10,2019-07-10 03:07:06,0.14,1.0,2359,0.13,0.9285,301,0.12,0.8571,7,0.135,0.9642,0,0
SPY190712C301,2019-07-10,2019-07-10 03:07:07,0.14,1.0,2359,0.13,0.9285,301,0.12,0.8571,7,0.135,0.9642,0,0
SPY190712C301,2019-07-10,2019-07-10 03:07:08,0.14,1.0,2359,0.13,0.9285,301,0.12,0.8571,7,0.135,0.9642,0,0
SPY190712C301,2019-07-10,2019-07-10 03:07:09,0.14,1.0,2359,0.13,0.9285,301,0.12,0.8571,7,0.135,0.9642,0,0
SPY190712C301,2019-07-10,2019-07-10 03:07:10,0.14,1.0,2359,0.13,0.9285,301,0.12,0.8571,7,0.135,0.9642,0,0
SPY190712C301,2019-07-10,2019-07-10 03:07:11,0.14,1.0,2359,0.13,0.9285,301,0.12,0.8571,7,0.135,0.9642,0,0
SPY190712C301,2019-07-10,2019-07-10 03:07:12,0.14,1.0,2359,0.13,0.9285,301,0.12,0.8571,7,0.135,0.9642,0,0
SPY190712C301,2019-07-10,2019-07-10 03:07:13,0.14,1.0,2359,0.13,0.9285,301,0.12,0.8571,7,0.135,0.9642,0,0
SPY190712C301,2019-07-10,2019-07-10 03:07:14,0.14,1.0,2359,0.13,0.9285,301,0.12,0.8571,7,0.135,0.9642,0,0
SPY190712C301,2019-07-10,2019-07-10 03:07:15,0.14,1.0,2359,0.13,0.9285,301,0.12,0.8571,7,0.135,0.9642,0,0
SPY190712C301,2019-07-10,2019-07-10 03:07:16,0.14,1.0,2359,0.13,0.9285,301,0.12,0.8571,7,0.135,0.9642,0,0
SPY190712C301,2019-07-10,2019-07-10 03:07:17,0.14,1.0,2359,0.13,0.9285,301,0.12,0.8571,7,0.135,0.9642,0,0
SPY190712C301,2019-07-10,2019-07-10 03:07:18,0.14,1.0,2359,0.13,0.9285,301,0.12,0.8571,7,0.135,0.9642,0,0
SPY190712C301,2019-07-10,2019-07-10 03:07:19,0.14,1.0,2359,0.13,0.9285,301,0.12,0.8571,7,0.135,0.9642,0,0
SPY190712C301,2019-07-10,2019-07-10 03:07:20,0.14,1.0,2359,0.13,0.9285,301,0.12,0.8571,7,0.135,0.9642,0,0
SPY190712C301,2019-07-10,2019-07-10 03:07:21,0.14,1.0,2359,0.13,0.9285,301,0.12,0.8571,7,0.135,0.9642,0,0
SPY190712C301,2019-07-10,2019-07-10 03:07:22,0.14,1.0,2359,0.13,0.9285,301,0.12,0.8571,7,0.135,0.9642,0,0
SPY190712C301,2019-07-10,2019-07-10 03:07:23,0.14,1.0,2359,0.13,0.9285,301,0.12,0.8571,7,0.135,0.9642,0,0
SPY190712C301,2019-07-10,2019-07-10 03:07:24,0.14,1.0,2359,0.13,0.9285,301,0.12,0.8571,7,0.135,0.9642,0,0
SPY190712C301,2019-07-10,2019-07-10 03:07:25,0.14,1.0,2359,0.13,0.9285,301,0.12,0.8571,7,0.135,0.9642,0,0
SPY190712C301,2019-07-10,2019-07-10 03:07:26,0.14,1.0,2359,0.13,0.9285,301,0.12,0.8571,7,0.135,0.9642,0,0
SPY190712C301,2019-07-10,2019-07-10 03:07:27,0.14,1.0,2359,0.13,0.9285,301,0.12,0.8571,7,0.135,0.9642,0,0
SPY190712C301,2019-07-10,2019-07-10 03:07:28,0.14,1.0,2359,0.13,0.9285,301,0.12,0.8571,7,0.135,0.9642,0,0
SPY190712C301,2019-07-10,2019-07-10 03:07:29,0.14,1.0,2359,0.13,0.9285,301,0.12,0.8571,7,0.135,0.9642,0,0
SPY190712C301,2019-07-10,2019-07-10 03:07:30,0.14,1.0,2359,0.13,0.9285,301,0.12,0.8571,7,0.135,0.9642,0,0
SPY190712C301,2019-07-10,2019-07-10 03:07:31,0.14,1.0,2359,0.13,0.9285,301,0.12,0.8571,7,0.135,0.9642,0,0
SPY190712C301,2019-07-10,2019-07-10 03:07:32,0.14,1.0,2359,0.13,0.9285,301,0.12,0.8571,7,0.135,0.9642,0,0
SPY190712C301,2019-07-10,2019-07-10 03:07:33,0.14,1.0,2359,0.13,0.9285,301,0.12,0.8571,7,0.135,0.9642,0,0
SPY190712C301,2019-07-10,2019-07-10 03:07:34,0.14,1.0,2359,0.13,0.9285,301,0.12,0.8571,7,0.135,0.9642,0,0
SPY190712C301,2019-07-10,2019-07-10 03:07:35,0.14,1.0,2359,0.13,0.9285,301,0.12,0.8571,7,0.135,0.9642,0,0
SPY190712C301,2019-07-10,2019-07-10 03:07:36,0.14,1.0,2359,0.13,0.9285,301,0.12,0.8571,7,0.135,0.9642,0,0
SPY190712C301,2019-07-10,2019-07-10 03:07:37,0.14,1.0,2359,0.13,0.9285,301,0.12,0.8571,7,0.135,0.9642,0,0
SPY190712C301,2019-07-10,2019-07-10 03:07:38,0.14,1.0,2359,0.13,0.9285,301,0.12,0.8571,7,0.135,0.9642,0,0
SPY190712C301,2019-07-10,2019-07-10 03:07:39,0.14,1.0,2359,0.13,0.9285,301,0.12,0.8571,7,0.135,0.9642,0,0
SPY190712C301,2019-07-10,2019-07-10 03:07:40,0.14,1.0,2359,0.13,0.9285,301,0.12,0.8571,7,0.135,0.9642,0,0
SPY190712C301,2019-07-10,2019-07-10 03:07:41,0.14,1.0,2359,0.13,0.9285,301,0.12,0.8571,7,0.135,0.9642,0,0
SPY190712C301,2019-07-10,2019-07-10 03:07:42,0.14,1.0,2359,0.13,0.9285,301,0.12,0.8571,7,0.135,0.9642,0,0
SPY190712C301,2019-07-10,2019-07-10 03:07:43,0.14,1.0,2359,0.13,0.9285,301,0.12,0.8571,7,0.135,0.9642,0,0
SPY190712C301,2019-07-10,2019-07-10 03:07:44,0.14,1.0,2359,0.13,0.9285,301,0.12,0.8571,7,0.135,0.9642,0,0
SPY190712C301,2019-07-10,2019-07-10 03:07:45,0.14,1.0,2359,0.13,0.9285,301,0.12,0.8571,7,0.135,0.9642,0,0
SPY190712C301,2019-07-10,2019-07-10 03:07:46,0.14,1.0,2359,0.13,0.9285,301,0.12,0.8571,7,0.135,0.9642,0,0
SPY190712C301,2019-07-10,2019-07-10 03:07:47,0.14,1.0,2359,0.13,0.9285,301,0.12,0.8571,7,0.135,0.9642,0,0
SPY190712C301,2019-07-10,2019-07-10 03:07:48,0.14,1.0,2359,0.13,0.9285,301,0.12,0.8571,7,0.135,0.9642,0,0
SPY190712C301,2019-07-10,2019-07-10 03:07:49,0.14,1.0,2359,0.13,0.9285,301,0.12,0.8571,7,0.135,0.9642,0,0
SPY190712C301,2019-07-10,2019-07-10 03:07:50,0.14,1.0,2359,0.13,0.9285,301,0.12,0.8571,7,0.135,0.9642,0,0
SPY190712C301,2019-07-10,2019-07-10 03:07:51,0.14,1.0,2359,0.13,0.9285,301,0.12,0.8571,7,0.135,0.9642,0,0
SPY190712C301,2019-07-10,2019-07-10 03:07:52,0.14,1.0,2359,0.13,0.9285,301,0.12,0.8571,7,0.135,0.9642,0,0
SPY190712C301,2019-07-10,2019-07-10 03:07:53,0.14,1.0,2359,0.13,0.9285,301,0.12,0.8571,7,0.135,0.9642,0,0
SPY190712C301,2019-07-10,2019-07-10 03:07:54,0.14,1.0,2359,0.13,0.9285,301,0.12,0.8571,7,0.135,0.9642,0,0
SPY190712C301,2019-07-10,2019-07-10 03:07:55,0.14,1.0,2359,0.13,0.9285,301,0.12,0.8571,7,0.135,0.9642,0,0
SPY190712C301,2019-07-10,2019-07-10 09:27:23,0.14,1.0,2359,0.13,0.9285,301,0.12,0.8571,7,0.135,0.9642,0,0
SPY190712C301,2019-07-10,2019-07-10 09:27:24,0.14,1.0,2359,0.13,0.9285,301,0.12,0.8571,7,0.135,0.9642,0,0
SPY190712C301,2019-07-10,2019-07-10 09:29:34,0.28,2.0,500,0.27,1.9285,761,0.27,1.9285,1,0.275,1.9642,0,0
SPY190712C301,2019-07-10,2019-07-10 09:29:35,0.28,2.0,500,0.27,1.9285,1116,0.28,2.0,1,0.275,1.9642,0,0
SPY190712C301,2019-07-10,2019-07-10 09:29:36,0.28,2.0,500,0.27,1.9285,1265,0.28,2.0,1,0.275,1.9642,0,0
SPY190712C301,2019-07-10,2019-07-10 09:29:36,0.28,2.0,104,0.27,1.9285,559,0.28,2.0,1,0.275,1.9642,0,0
SPY190712C301,2019-07-10,2019-07-10 09:29:37,0.28,2.0,210,0.27,1.9285,835,0.27,1.9285,1,0.275,1.9642,0,0
SPY190712C301,2019-07-10,2019-07-10 09:29:37,0.28,2.0,210,0.27,1.9285,776,0.27,1.9285,1,0.275,1.9642,0,0
SPY190712C301,2019-07-10,2019-07-10 09:29:38,0.28,2.0,190,0.27,1.9285,776,0.27,1.9285,1,0.275,1.9642,0,0
SPY190712C301,2019-07-10,2019-07-10 09:29:39,0.28,2.0,418,0.27,1.9285,1162,0.27,1.9285,1,0.275,1.9642,0,0
SPY190712C301,2019-07-10,2019-07-10 09:29:39,0.28,2.0,144,0.27,1.9285,100,0.27,1.9285,1,0.275,1.9642,0,0
SPY190712C301,2019-07-10,2019-07-10 09:29:40,0.28,2.0,166,0.27,1.9285,761,0.27,1.9285,1,0.275,1.9642,0,0
SPY190712C301,2019-07-10,2019-07-10 09:29:41,0.28,2.0,94,0.27,1.9285,600,0.27,1.9285,1,0.275,1.9642,0,0
SPY190712C301,2019-07-10,2019-07-10 09:29:41,0.28,2.0,166,0.27,1.9285,908,0.27,1.9285,1,0.275,1.9642,0,0
SPY190712C301,2019-07-10,2019-07-10 09:29:42,0.28,2.0,103,0.27,1.9285,1144,0.27,1.9285,1,0.275,1.9642,0,0
SPY190712C301,2019-07-10,2019-07-10 09:29:43,0.28,2.0,1,0.27,1.9285,1440,0.27,1.9285,1,0.275,1.9642,0,0
SPY190712C301,2019-07-10,2019-07-10 09:29:44,0.28,2.0,5,0.27,1.9285,1342,0.27,1.9285,1,0.275,1.9642,0,0
SPY190712C301,2019-07-10,2019-07-10 09:29:45,0.28,2.0,302,0.27,1.9285,500,0.27,1.9285,1,0.275,1.9642,0,0
SPY190712C301,2019-07-10,2019-07-10 09:29:45,0.28,2.0,5,0.27,1.9285,1138,0.27,1.9285,1,0.275,1.9642,0,0
SPY190712C301,2019-07-10,2019-07-10 09:29:46,0.28,2.0,144,0.27,1.9285,1612,0.27,1.9285,1,0.275,1.9642,0,0
SPY190712C301,2019-07-10,2019-07-10 09:29:46,0.28,2.0,144,0.27,1.9285,1260,0.27,1.9285,1,0.275,1.9642,0,0
SPY190712C301,2019-07-10,2019-07-10 09:29:47,0.28,2.0,144,0.27,1.9285,640,0.27,1.9285,1,0.275,1.9642,0,0
SPY190712C301,2019-07-10,2019-07-10 09:29:48,0.28,2.0,144,0.27,1.9285,1740,0.27,1.9285,1,0.275,1.9642,0,0
SPY190712C301,2019-07-10,2019-07-10 09:29:49,0.29,2.0714,321,0.28,2.0,654,0.28,2.0,1,0.285,2.0357,0,0
SPY190712C301,2019-07-10,2019-07-10 09:29:50,0.29,2.0714,302,0.28,2.0,600,0.28,2.0,1,0.285,2.0357,0,0
SPY190712C301,2019-07-10,2019-07-10 09:29:51,0.29,2.0714,136,0.28,2.0,900,0.28,2.0,1,0.285,2.0357,0,0
SPY190712C301,2019-07-10,2019-07-10 09:29:52,0.29,2.0714,1,0.28,2.0,2318,0.28,2.0,1,0.285,2.0357,0,0
SPY190712C301,2019-07-10,2019-07-10 09:29:52,0.29,2.0714,136,0.28,2.0,1412,0.28,2.0,1,0.285,2.0357,0,0
SPY190712C301,2019-07-10,2019-07-10 09:29:53,0.29,2.0714,1,0.28,2.0,2443,0.28,2.0,1,0.285,2.0357,0,0
SPY190712C301,2019-07-10,2019-07-10 09:29:54,0.29,2.0714,144,0.28,2.0,2551,0.28,2.0,1,0.285,2.0357,0,0
SPY190712C301,2019-07-10,2019-07-10 09:29:55,0.29,2.0714,94,0.28,2.0,1603,0.28,2.0,1,0.285,2.0357,0,0
SPY190712C301,2019-07-10,2019-07-10 09:29:55,0.29,2.0714,94,0.28,2.0,1753,0.28,2.0,1,0.285,2.0357,0,0
SPY190712C301,2019-07-10,2019-07-10 09:29:56,0.29,2.0714,94,0.28,2.0,2834,0.28,2.0,1,0.285,2.0357,0,0
SPY190712C301,2019-07-10,2019-07-10 09:29:56,0.29,2.0714,94,0.28,2.0,1775,0.28,2.0,1,0.285,2.0357,0,0
SPY190712C301,2019-07-10,2019-07-10 09:29:57,0.29,2.0714,94,0.28,2.0,2362,0.28,2.0,1,0.285,2.0357,0,0
SPY190712C301,2019-07-10,2019-07-10 09:29:58,0.29,2.0714,94,0.28,2.0,1792,0.28,2.0,1,0.285,2.0357,0,0
SPY190712C301,2019-07-10,2019-07-10 09:30:00,0.29,2.0714,94,0.28,2.0,2152,0.28,2.0,1,0.285,2.0357,0,0
SPY190712C301,2019-07-10,2019-07-10 09:30:00,0.29,2.0714,144,0.28,2.0,1865,0.28,2.0,1,0.285,2.0357,0,0
SPY190712C301,2019-07-10,2019-07-10 09:30:01,0.29,2.0714,402,0.28,2.0,481,0.28,2.0,1,0.285,2.0357,0,0
SPY190712C301,2019-07-10,2019-07-10 09:30:02,0.29,2.0714,47,0.28,2.0,421,0.29,2.0714,2,0.285,2.0357,0,0
SPY190712C301,2019-07-10,2019-07-10 09:30:03,0.29,2.0714,5,0.28,2.0,2893,0.29,2.0714,2,0.285,2.0357,0,0
SPY190712C301,2019-07-10,2019-07-10 09:30:03,0.29,2.0714,5,0.28,2.0,1821,0.29,2.0714,2,0.285,2.0357,0,0
SPY190712C301,2019-07-10,2019-07-10 09:30:04,0.29,2.0714,5,0.28,2.0,2875,0.29,2.0714,2,0.285,2.0357,0,0
SPY190712C301,2019-07-10,2019-07-10 09:30:05,0.29,2.0714,5,0.28,2.0,3197,0.29,2.0714,2,0.285,2.0357,0,0
SPY190712C301,2019-07-10,2019-07-10 09:30:05,0.3,2.1428,144,0.28,2.0,3197,0.29,2.0714,1,0.29,2.0714,0,0
SPY190712C301,2019-07-10,2019-07-10 09:30:06,0.3,2.1428,7,0.29,2.0714,684,0.29,2.0714,1,0.295,2.1071,0,0
SPY190712C301,2019-07-10,2019-07-10 09:30:06,0.3,2.1428,94,0.29,2.0714,2319,0.29,2.0714,1,0.295,2.1071,0,0
SPY190712C301,2019-07-10,2019-07-10 09:30:07,0.3,2.1428,7,0.29,2.0714,1954,0.29,2.0714,1,0.295,2.1071,0,0
SPY190712C301,2019-07-10,2019-07-10 09:30:07,0.3,2.1428,7,0.29,2.0714,2325,0.29,2.0714,1,0.295,2.1071,0,0
SPY190712C301,2019-07-10,2019-07-10 09:30:08,0.3,2.1428,7,0.29,2.0714,1954,0.29,2.0714,1,0.295,2.1071,0,0
SPY190712C301,2019-07-10,2019-07-10 09:30:09,0.31,2.2142,401,0.3,2.1428,421,0.31,2.2142,3,0.305,2.1785,0,0
SPY190712C301,2019-07-10,2019-07-10 09:30:09,0.31,2.2142,401,0.3,2.1428,500,0.31,2.2142,3,0.305,2.1785,0,0
SPY190712C301,2019-07-10,2019-07-10 09:30:10,0.31,2.2142,154,0.3,2.1428,762,0.31,2.2142,3,0.305,2.1785,0,0
SPY190712C301,2019-07-10,2019-07-10 09:30:10,0.31,2.2142,154,0.3,2.1428,120,0.31,2.2142,3,0.305,2.1785,0,0
SPY190712C301,2019-07-10,2019-07-10 09:30:11,0.31,2.2142,226,0.3,2.1428,404,0.31,2.2142,3,0.305,2.1785,0,0
SPY190712C301,2019-07-10,2019-07-10 09:30:11,0.31,2.2142,246,0.3,2.1428,404,0.31,2.2142,3,0.305,2.1785,0,0
SPY190712C301,2019-07-10,2019-07-10 09:30:12,0.31,2.2142,4,0.3,2.1428,240,0.31,2.2142,3,0.305,2.1785,0,0
SPY190712C301,2019-07-10,2019-07-10 09:30:13,0.31,2.2142,193,0.3,2.1428,404,0.31,2.2142,3,0.305,2.1785,0,0
SPY190712C301,2019-07-10,2019-07-10 09:30:13,0.31,2.2142,181,0.3,2.1428,584,0.31,2.2142,3,0.305,2.1785,0,0
SPY190712C301,2019-07-10,2019-07-10 09:30:14,0.31,2.2142,392,0.3,2.1428,588,0.31,2.2142,3,0.305,2.1785,0,0
SPY190712C301,2019-07-10,2019-07-10 09:30:14,0.31,2.2142,193,0.3,2.1428,404,0.31,2.2142,3,0.305,2.1785,0,0
SPY190712C301,2019-07-10,2019-07-10 09:30:15,0.31,2.2142,392,0.3,2.1428,150,0.31,2.2142,3,0.305,2.1785,0,0
SPY190712C301,2019-07-10,2019-07-10 09:30:15,0.31,2.2142,424,0.3,2.1428,258,0.31,2.2142,3,0.305,2.1785,0,0
SPY190712C301,2019-07-10,2019-07-10 09:30:16,0.31,2.2142,148,0.3,2.1428,305,0.31,2.2142,3,0.305,2.1785,0,0
SPY190712C301,2019-07-10,2019-07-10 09:30:17,0.31,2.2142,324,0.3,2.1428,1490,0.31,2.2142,3,0.305,2.1785,0,0
SPY190712C301,2019-07-10,2019-07-10 09:30:17,0.31,2.2142,324,0.3,2.1428,275,0.31,2.2142,3,0.305,2.1785,0,0
SPY190712C301,2019-07-10,2019-07-10 09:30:18,0.31,2.2142,139,0.3,2.1428,1490,0.31,2.2142,3,0.305,2.1785,0,0
SPY190712C301,2019-07-10,2019-07-10 09:30:18,0.31,2.2142,144,0.3,2.1428,1490,0.31,2.2142,3,0.305,2.1785,0,0
SPY190712C301,2019-07-10,2019-07-10 09:30:19,0.31,2.2142,94,0.3,2.1428,2311,0.31,2.2142,3,0.305,2.1785,0,0
SPY190712C301,2019-07-10,2019-07-10 09:30:19,0.31,2.2142,94,0.3,2.1428,2386,0.31,2.2142,3,0.305,2.1785,0,0
SPY190712C301,2019-07-10,2019-07-10 09:30:20,0.31,2.2142,94,0.3,2.1428,2386,0.31,2.2142,3,0.305,2.1785,0,0
SPY190712C301,2019-07-10,2019-07-10 09:30:21,0.31,2.2142,94,0.3,2.1428,1639,0.31,2.2142,3,0.305,2.1785,0,0
SPY190712C301,2019-07-10,2019-07-10 09:30:21,0.31,2.2142,94,0.3,2.1428,2010,0.31,2.2142,3,0.305,2.1785,0,0
SPY190712C301,2019-07-10,2019-07-10 09:30:22,0.31,2.2142,94,0.3,2.1428,2010,0.31,2.2142,3,0.305,2.1785,0,0
SPY190712C301,2019-07-10,2019-07-10 09:30:22,0.31,2.2142,94,0.3,2.1428,2306,0.31,2.2142,3,0.305,2.1785,0,0
SPY190712C301,2019-07-10,2019-07-10 09:30:23,0.31,2.2142,33,0.3,2.1428,1904,0.31,2.2142,1,0.305,2.1785,0,0
SPY190712C301,2019-07-10,2019-07-10 09:30:24,0.32,2.2857,723,0.31,2.2142,457,0.31,2.2142,1,0.315,2.25,0,0
SPY190712C301,2019-07-10,2019-07-10 09:30:24,0.32,2.2857,642,0.31,2.2142,170,0.31,2.2142,1,0.315,2.25,0,0
SPY190712C301,2019-07-10,2019-07-10 09:30:25,0.32,2.2857,206,0.31,2.2142,341,0.31,2.2142,1,0.315,2.25,0,0
SPY190712C301,2019-07-10,2019-07-10 09:30:25,0.32,2.2857,124,0.31,2.2142,1456,0.31,2.2142,1,0.315,2.25,0,0
SPY190712C301,2019-07-10,2019-07-10 09:30:26,0.32,2.2857,94,0.31,2.2142,392,0.31,2.2142,1,0.315,2.25,0,0
SPY190712C301,2019-07-10,2019-07-10 09:30:26,0.32,2.2857,94,0.31,2.2142,795,0.31,2.2142,1,0.315,2.25,0,0
SPY190712C301,2019-07-10,2019-07-10 09:30:27,0.32,2.2857,144,0.31,2.2142,578,0.31,2.2142,1,0.315,2.25,0,0
SPY190712C301,2019-07-10,2019-07-10 09:30:27,0.32,2.2857,284,0.31,2.2142,250,0.31,2.2142,1,0.315,2.25,0,0
SPY190712C301,2019-07-10,2019-07-10 09:30:28,0.32,2.2857,404,0.31,2.2142,280,0.31,2.2142,1,0.315,2.25,0,0
SPY190712C301,2019-07-10,2019-07-10 09:30:28,0.32,2.2857,404,0.31,2.2142,290,0.31,2.2142,1,0.315,2.25,0,0
SPY190712C301,2019-07-10,2019-07-10 09:30:29,0.32,2.2857,264,0.31,2.2142,15,0.31,2.2142,1,0.315,2.25,0,0
SPY190712C301,2019-07-10,2019-07-10 09:30:30,0.32,2.2857,433,0.31,2.2142,462,0.31,2.2142,1,0.315,2.25,0,0
SPY190712C301,2019-07-10,2019-07-10 09:30:30,0.32,2.2857,433,0.31,2.2142,397,0.31,2.2142,1,0.315,2.25,0,0
SPY190712C301,2019-07-10,2019-07-10 09:30:31,0.32,2.2857,333,0.31,2.2142,385,0.31,2.2142,1,0.315,2.25,0,0
SPY190712C301,2019-07-10,2019-07-10 09:30:31,0.32,2.2857,333,0.31,2.2142,694,0.31,2.2142,1,0.315,2.25,0,0
SPY190712C301,2019-07-10,2019-07-10 09:30:32,0.32,2.2857,59,0.31,2.2142,2590,0.31,2.2142,1,0.315,2.25,0,0
SPY190712C301,2019-07-10,2019-07-10 09:30:32,0.32,2.2857,334,0.31,2.2142,583,0.31,2.2142,1,0.315,2.25,0,0
SPY190712C301,2019-07-10,2019-07-10 09:30:33,0.32,2.2857,59,0.31,2.2142,2590,0.31,2.2142,1,0.315,2.25,0,0
SPY190712C301,2019-07-10,2019-07-10 09:30:34,0.32,2.2857,100,0.31,2.2142,2217,0.31,2.2142,1,0.315,2.25,0,0
SPY190712C301,2019-07-10,2019-07-10 09:30:34,0.32,2.2857,6,0.31,2.2142,2408,0.31,2.2142,1,0.315,2.25,0,0
SPY190712C301,2019-07-10,2019-07-10 09:30:35,0.32,2.2857,6,0.31,2.2142,2217,0.31,2.2142,1,0.315,2.25,0,0
SPY190712C301,2019-07-10,2019-07-10 09:30:35,0.32,2.2857,6,0.31,2.2142,2408,0.31,2.2142,1,0.315,2.25,0,0
SPY190712C301,2019-07-10,2019-07-10 09:30:36,0.32,2.2857,1,0.31,2.2142,2520,0.31,2.2142,1,0.315,2.25,0,0
SPY190712C301,2019-07-10,2019-07-10 09:30:36,0.32,2.2857,1,0.31,2.2142,3003,0.31,2.2142,1,0.315,2.25,0,0
SPY190712C301,2019-07-10,2019-07-10 09:30:37,0.32,2.2857,1,0.31,2.2142,3003,0.31,2.2142,1,0.315,2.25,0,0
SPY190712C301,2019-07-10,2019-07-10 09:30:37,0.32,2.2857,1,0.31,2.2142,2420,0.31,2.2142,1,0.315,2.25,0,0
SPY190712C301,2019-07-10,2019-07-10 09:30:38,0.32,2.2857,1,0.31,2.2142,2947,0.31,2.2142,1,0.315,2.25,0,0
SPY190712C301,2019-07-10,2019-07-10 09:30:39,0.32,2.2857,1,0.31,2.2142,2947,0.31,2.2142,1,0.315,2.25,0,0
SPY190712C301,2019-07-10,2019-07-10 09:30:39,0.32,2.2857,6,0.31,2.2142,2856,0.31,2.2142,1,0.315,2.25,0,0
SPY190712C301,2019-07-10,2019-07-10 09:30:40,0.32,2.2857,6,0.31,2.2142,2930,0.32,2.2857,2,0.315,2.25,0,0
SPY190712C301,2019-07-10,2019-07-10 09:30:40,0.33,2.3571,1144,0.32,2.2857,136,0.32,2.2857,20,0.325,2.3214,0,0
SPY190712C301,2019-07-10,2019-07-10 09:30:41,0.33,2.3571,1615,0.32,2.2857,87,0.32,2.2857,20,0.325,2.3214,0,0
SPY190712C301,2019-07-10,2019-07-10 09:30:41,0.33,2.3571,1378,0.32,2.2857,87,0.32,2.2857,20,0.325,2.3214,0,0
SPY190712C301,2019-07-10,2019-07-10 09:30:42,0.33,2.3571,633,0.32,2.2857,86,0.32,2.2857,20,0.325,2.3214,0,0
SPY190712C301,2019-07-10,2019-07-10 09:30:42,0.33,2.3571,2085,0.32,2.2857,86,0.32,2.2857,20,0.325,2.3214,0,0
SPY190712C301,2019-07-10,2019-07-10 09:30:43,0.33,2.3571,491,0.32,2.2857,86,0.32,2.2857,20,0.325,2.3214,0,0
SPY190712C301,2019-07-10,2019-07-10 09:30:44,0.33,2.3571,491,0.32,2.2857,86,0.32,2.2857,20,0.325,2.3214,0,0
SPY190712C301,2019-07-10,2019-07-10 09:30:44,0.33,2.3571,654,0.32,2.2857,822,0.32,2.2857,20,0.325,2.3214,0,0
SPY190712C301,2019-07-10,2019-07-10 09:30:45,0.33,2.3571,269,0.32,2.2857,202,0.32,2.2857,20,0.325,2.3214,0,0
SPY190712C301,2019-07-10,2019-07-10 09:30:45,0.33,2.3571,6,0.32,2.2857,603,0.32,2.2857,20,0.325,2.3214,0,0
SPY190712C301,2019-07-10,2019-07-10 09:30:46,0.33,2.3571,101,0.32,2.2857,384,0.32,2.2857,20,0.325,2.3214,0,0
SPY190712C301,2019-07-10,2019-07-10 09:30:47,0.33,2.3571,341,0.32,2.2857,17,0.32,2.2857,20,0.325,2.3214,0,0
SPY190712C301,2019-07-10,2019-07-10 09:30:47,0.33,2.3571,269,0.32,2.2857,112,0.32,2.2857,20,0.325,2.3214,0,0
SPY190712C301,2019-07-10,2019-07-10 09:30:48,0.33,2.3571,2594,0.32,2.2857,1,0.32,2.2857,20,0.325,2.3214,0,0
SPY190712C301,2019-07-10,2019-07-10 09:30:48,0.33,2.3571,2222,0.32,2.2857,1,0.32,2.2857,20,0.325,2.3214,0,0
SPY190712C301,2019-07-10,2019-07-10 09:30:49,0.33,2.3571,2634,0.32,2.2857,1,0.33,2.3571,6,0.325,2.3214,0,0
SPY190712C301,2019-07-10,2019-07-10 09:30:49,0.33,2.3571,3255,0.32,2.2857,1,0.33,2.3571,1,0.325,2.3214,0,0
SPY190712C301,2019-07-10,2019-07-10 09:30:50,0.33,2.3571,3113,0.32,2.2857,1,0.33,2.3571,1,0.325,2.3214,0,0
SPY190712C301,2019-07-10,2019-07-10 09:30:51,0.33,2.3571,2561,0.32,2.2857,1,0.33,2.3571,1,0.325,2.3214,0,0
SPY190712C301,2019-07-10,2019-07-10 09:30:52,0.33,2.3571,4995,0.32,2.2857,1,0.33,2.3571,1,0.325,2.3214,0,0
SPY190712C301,2019-07-10,2019-07-10 09:30:52,0.33,2.3571,2561,0.32,2.2857,1,0.33,2.3571,1,0.325,2.3214,0,0
SPY190712C301,2019-07-10,2019-07-10 09:30:53,0.33,2.3571,3879,0.32,2.2857,1,0.33,2.3571,1,0.325,2.3214,0,0
SPY190712C301,2019-07-10,2019-07-10 09:30:53,0.33,2.3571,4366,0.32,2.2857,1,0.33,2.3571,1,0.325,2.3214,0,0
SPY190712C301,2019-07-10,2019-07-10 09:30:54,0.33,2.3571,3365,0.32,2.2857,1,0.33,2.3571,1,0.325,2.3214,0,0
SPY190712C301,2019-07-10,2019-07-10 09:30:54,0.32,2.2857,1,0.31,2.2142,1660,0.32,2.2857,29,0.315,2.25,0,0
SPY190712C301,2019-07-10,2019-07-10 09:30:55,0.32,2.2857,5,0.31,2.2142,636,0.32,2.2857,29,0.315,2.25,0,0
SPY190712C301,2019-07-10,2019-07-10 09:30:55,0.32,2.2857,5,0.31,2.2142,1323,0.32,2.2857,29,0.315,2.25,0,0
SPY190712C301,2019-07-10,2019-07-10 09:30:56,0.32,2.2857,5,0.31,2.2142,2122,0.32,2.2857,1,0.315,2.25,0,0
SPY190712C301,2019-07-10,2019-07-10 09:30:57,0.32,2.2857,16,0.31,2.2142,1329,0.32,2.2857,1,0.315,2.25,0,0
SPY190712C301,2019-07-10,2019-07-10 09:30:57,0.32,2.2857,5,0.31,2.2142,1329,0.32,2.2857,1,0.315,2.25,0,0
SPY190712C301,2019-07-10,2019-07-10 09:30:58,0.32,2.2857,31,0.31,2.2142,1577,0.32,2.2857,1,0.315,2.25,0,0
SPY190712C301,2019-07-10,2019-07-10 09:30:58,0.32,2.2857,4,0.31,2.2142,1697,0.32,2.2857,1,0.315,2.25,0,0
SPY190712C301,2019-07-10,2019-07-10 09:30:59,0.32,2.2857,4,0.31,2.2142,1697,0.32,2.2857,1,0.315,2.25,0,0
SPY190712C301,2019-07-10,2019-07-10 09:31:00,0.32,2.2857,4,0.31,2.2142,1649,0.32,2.2857,1,0.315,2.25,0,0
SPY190712C301,2019-07-10,2019-07-10 09:31:01,0.32,2.2857,4,0.31,2.2142,1697,0.32,2.2857,1,0.315,2.25,0,0
SPY190712C301,2019-07-10,2019-07-10 09:31:01,0.32,2.2857,6,0.31,2.2142,1649,0.32,2.2857,1,0.315,2.25,0,0
SPY190712C301,2019-07-10,2019-07-10 09:31:02,0.32,2.2857,6,0.31,2.2142,1697,0.32,2.2857,4,0.315,2.25,0,0
SPY190712C301,2019-07-10,2019-07-10 09:31:03,0.32,2.2857,6,0.31,2.2142,1697,0.32,2.2857,4,0.315,2.25,0,0
SPY190712C301,2019-07-10,2019-07-10 09:31:03,0.32,2.2857,3,0.31,2.2142,1697,0.32,2.2857,1,0.315,2.25,0,0
SPY190712C301,2019-07-10,2019-07-10 09:31:04,0.32,2.2857,3,0.31,2.2142,1625,0.32,2.2857,1,0.315,2.25,0,0
SPY190712C301,2019-07-10,2019-07-10 09:31:05,0.32,2.2857,43,0.31,2.2142,1709,0.32,2.2857,1,0.315,2.25,0,0
SPY190712C301,2019-07-10,2019-07-10 09:31:05,0.32,2.2857,43,0.31,2.2142,1339,0.32,2.2857,1,0.315,2.25,0,0
SPY190712C301,2019-07-10,2019-07-10 09:31:06,0.32,2.2857,3,0.31,2.2142,1709,0.32,2.2857,1,0.315,2.25,0,0
SPY190712C301,2019-07-10,2019-07-10 09:31:06,0.32,2.2857,3,0.31,2.2142,1339,0.32,2.2857,1,0.315,2.25,0,0
SPY190712C301,2019-07-10,2019-07-10 09:31:07,0.32,2.2857,3,0.31,2.2142,1709,0.32,2.2857,1,0.315,2.25,0,0
SPY190712C301,2019-07-10,2019-07-10 09:31:07,0.32,2.2857,3,0.31,2.2142,1781,0.32,2.2857,1,0.315,2.25,0,0
SPY190712C301,2019-07-10,2019-07-10 09:31:08,0.32,2.2857,8,0.31,2.2142,1781,0.32,2.2857,1,0.315,2.25,0,0
SPY190712C301,2019-07-10,2019-07-10 09:31:09,0.32,2.2857,3,0.31,2.2142,1781,0.32,2.2857,1,0.315,2.25,0,0
SPY190712C301,2019-07-10,2019-07-10 09:31:09,0.32,2.2857,3,0.31,2.2142,1709,0.32,2.2857,1,0.315,2.25,0,0
SPY190712C301,2019-07-10,2019-07-10 09:31:10,0.32,2.2857,3,0.31,2.2142,2208,0.31,2.2142,10,0.315,2.25,0,0
SPY190712C301,2019-07-10,2019-07-10 09:31:10,0.32,2.2857,3,0.31,2.2142,1672,0.31,2.2142,10,0.315,2.25,0,0
SPY190712C301,2019-07-10,2019-07-10 09:31:11,0.32,2.2857,3,0.31,2.2142,2208,0.31,2.2142,10,0.315,2.25,0,0
SPY190712C301,2019-07-10,2019-07-10 09:31:12,0.32,2.2857,3,0.31,2.2142,2208,0.31,2.2142,10,0.315,2.25,0,0
SPY190712C301,2019-07-10,2019-07-10 09:31:13,0.32,2.2857,4,0.31,2.2142,2248,0.31,2.2142,10,0.315,2.25,0,0
SPY190712C301,2019-07-10,2019-07-10 09:31:13,0.32,2.2857,4,0.31,2.2142,2208,0.31,2.2142,10,0.315,2.25,0,0
SPY190712C301,2019-07-10,2019-07-10 09:31:14,0.32,2.2857,4,0.31,2.2142,2248,0.31,2.2142,10,0.315,2.25,0,0
SPY190712C301,2019-07-10,2019-07-10 09:31:14,0.32,2.2857,4,0.31,2.2142,3130,0.31,2.2142,10,0.315,2.25,0,0
SPY190712C301,2019-07-10,2019-07-10 09:31:15,0.32,2.2857,4,0.31,2.2142,2248,0.31,2.2142,10,0.315,2.25,0,0
SPY190712C301,2019-07-10,2019-07-10 09:31:15,0.32,2.2857,6,0.31,2.2142,3130,0.31,2.2142,10,0.315,2.25,0,0
SPY190712C301,2019-07-10,2019-07-10 09:31:16,0.32,2.2857,4,0.32,2.2857,910,0.32,2.2857,3,0.32,2.2857,0,0
SPY190712C301,2019-07-10,2019-07-10 09:31:16,0.33,2.3571,41,0.32,2.2857,2123,0.32,2.2857,3,0.325,2.3214,0,0
SPY190712C301,2019-07-10,2019-07-10 09:31:17,0.33,2.3571,35,0.32,2.2857,2123,0.32,2.2857,3,0.325,2.3214,0,0
SPY190712C301,2019-07-10,2019-07-10 09:31:18,0.33,2.3571,41,0.32,2.2857,1933,0.32,2.2857,1,0.325,2.3214,0,0
SPY190712C301,2019-07-10,2019-07-10 09:31:18,0.33,2.3571,6,0.32,2.2857,1933,0.32,2.2857,3,0.325,2.3214,0,0
SPY190712C301,2019-07-10,2019-07-10 09:31:19,0.34,2.4285,269,0.33,2.3571,6,0.32,2.2857,1,0.335,2.3928,0,0
SPY190712C301,2019-07-10,2019-07-10 09:31:20,0.33,2.3571,80,0.32,2.2857,308,0.32,2.2857,1,0.325,2.3214,0,0
SPY190712C301,2019-07-10,2019-07-10 09:31:20,0.34,2.4285,269,0.33,2.3571,6,0.32,2.2857,1,0.335,2.3928,0,0
SPY190712C301,2019-07-10,2019-07-10 09:31:21,0.33,2.3571,269,0.32,2.2857,854,0.32,2.2857,1,0.325,2.3214,0,0
SPY190712C301,2019-07-10,2019-07-10 09:31:21,0.33,2.3571,35,0.32,2.2857,827,0.32,2.2857,1,0.325,2.3214,0,0
SPY190712C301,2019-07-10,2019-07-10 09:31:22,0.33,2.3571,269,0.32,2.2857,1374,0.32,2.2857,10,0.325,2.3214,0,0
SPY190712C301,2019-07-10,2019-07-10 09:31:22,0.33,2.3571,269,0.32,2.2857,1555,0.32,2.2857,10,0.325,2.3214,0,0
SPY190712C301,2019-07-10,2019-07-10 09:31:23,0.33,2.3571,269,0.32,2.2857,1558,0.32,2.2857,10,0.325,2.3214,0,0
SPY190712C301,2019-07-10,2019-07-10 09:31:24,0.33,2.3571,269,0.32,2.2857,1708,0.32,2.2857,10,0.325,2.3214,0,0
SPY190712C301,2019-07-10,2019-07-10 09:31:25,0.33,2.3571,269,0.32,2.2857,766,0.32,2.2857,10,0.325,2.3214,0,0
SPY190712C301,2019-07-10,2019-07-10 09:31:25,0.33,2.3571,269,0.32,2.2857,1286,0.32,2.2857,10,0.325,2.3214,0,0
SPY190712C301,2019-07-10,2019-07-10 09:31:26,0.33,2.3571,6,0.32,2.2857,1196,0.32,2.2857,10,0.325,2.3214,0,0
SPY190712C301,2019-07-10,2019-07-10 09:31:27,0.33,2.3571,233,0.32,2.2857,1044,0.32,2.2857,10,0.325,2.3214,0,0
SPY190712C301,2019-07-10,2019-07-10 09:31:28,0.33,2.3571,233,0.32,2.2857,1387,0.32,2.2857,10,0.325,2.3214,0,0
SPY190712C301,2019-07-10,2019-07-10 09:31:29,0.33,2.3571,233,0.32,2.2857,1339,0.33,2.3571,1,0.325,2.3214,0,0
SPY190712C301,2019-07-10,2019-07-10 09:31:29,0.33,2.3571,231,0.32,2.2857,2105,0.33,2.3571,2,0.325,2.3214,0,0
SPY190712C301,2019-07-10,2019-07-10 09:31:30,0.33,2.3571,231,0.32,2.2857,2095,0.33,2.3571,2,0.325,2.3214,0,0
SPY190712C301,2019-07-10,2019-07-10 09:31:30,0.33,2.3571,119,0.32,2.2857,2095,0.33,2.3571,2,0.325,2.3214,0,0
SPY190712C301,2019-07-10,2019-07-10 09:31:31,0.33,2.3571,119,0.32,2.2857,1577,0.33,2.3571,2,0.325,2.3214,0,0
SPY190712C301,2019-07-10,2019-07-10 09:31:32,0.33,2.3571,119,0.32,2.2857,2169,0.33,2.3571,2,0.325,2.3214,0,0
SPY190712C301,2019-07-10,2019-07-10 09:31:32,0.34,2.4285,1305,0.33,2.3571,135,0.33,2.3571,2,0.335,2.3928,0,0
SPY190712C301,2019-07-10,2019-07-10 09:31:33,0.34,2.4285,170,0.33,2.3571,374,0.33,2.3571,2,0.335,2.3928,0,0
SPY190712C301,2019-07-10,2019-07-10 09:31:33,0.34,2.4285,170,0.33,2.3571,314,0.33,2.3571,2,0.335,2.3928,0,0
SPY190712C301,2019-07-10,2019-07-10 09:31:34,0.34,2.4285,170,0.33,2.3571,315,0.33,2.3571,2,0.335,2.3928,0,0
SPY190712C301,2019-07-10,2019-07-10 09:31:34,0.34,2.4285,170,0.33,2.3571,450,0.33,2.3571,2,0.335,2.3928,0,0
SPY190712C301,2019-07-10,2019-07-10 09:31:35,0.34,2.4285,151,0.33,2.3571,330,0.33,2.3571,2,0.335,2.3928,0,0
SPY190712C301,2019-07-10,2019-07-10 09:31:36,0.34,2.4285,151,0.33,2.3571,913,0.33,2.3571,2,0.335,2.3928,0,0
SPY190712C301,2019-07-10,2019-07-10 09:31:36,0.34,2.4285,151,0.33,2.3571,747,0.33,2.3571,2,0.335,2.3928,0,0
SPY190712C301,2019-07-10,2019-07-10 09:31:37,0.34,2.4285,150,0.33,2.3571,234,0.33,2.3571,2,0.335,2.3928,0,0
SPY190712C301,2019-07-10,2019-07-10 09:31:37,0.34,2.4285,150,0.33,2.3571,264,0.33,2.3571,2,0.335,2.3928,0,0
SPY190712C301,2019-07-10,2019-07-10 09:31:38,0.34,2.4285,328,0.33,2.3571,410,0.33,2.3571,2,0.335,2.3928,0,0
SPY190712C301,2019-07-10,2019-07-10 09:31:38,0.34,2.4285,680,0.33,2.3571,624,0.33,2.3571,2,0.335,2.3928,0,0
SPY190712C301,2019-07-10,2019-07-10 09:31:39,0.34,2.4285,1040,0.33,2.3571,468,0.33,2.3571,2,0.335,2.3928,0,0
SPY190712C301,2019-07-10,2019-07-10 09:31:40,0.34,2.4285,1496,0.33,2.3571,468,0.33,2.3571,2,0.335,2.3928,0,0
SPY190712C301,2019-07-10,2019-07-10 09:31:40,0.34,2.4285,1536,0.33,2.3571,187,0.33,2.3571,2,0.335,2.3928,0,0
SPY190712C301,2019-07-10,2019-07-10 09:31:41,0.34,2.4285,1446,0.33,2.3571,157,0.34,2.4285,1,0.335,2.3928,0,0
SPY190712C301,2019-07-10,2019-07-10 09:31:41,0.34,2.4285,1197,0.33,2.3571,157,0.34,2.4285,1,0.335,2.3928,0,0
SPY190712C301,2019-07-10,2019-07-10 09:31:42,0.34,2.4285,1750,0.33,2.3571,157,0.34,2.4285,1,0.335,2.3928,0,0
SPY190712C301,2019-07-10,2019-07-10 09:31:43,0.34,2.4285,292,0.33,2.3571,109,0.33,2.3571,4,0.335,2.3928,0,0
SPY190712C301,2019-07-10,2019-07-10 09:31:44,0.34,2.4285,634,0.33,2.3571,134,0.34,2.4285,4,0.335,2.3928,0,0
SPY190712C301,2019-07-10,2019-07-10 09:31:44,0.34,2.4285,634,0.33,2.3571,140,0.33,2.3571,4,0.335,2.3928,0,0
SPY190712C301,2019-07-10,2019-07-10 09:31:45,0.34,2.4285,353,0.33,2.3571,139,0.34,2.4285,4,0.335,2.3928,0,0
SPY190712C301,2019-07-10,2019-07-10 09:31:45,0.35,2.5,1919,0.33,2.3571,1569,0.34,2.4285,4,0.34,2.4285,0,0
SPY190712C301,2019-07-10,2019-07-10 09:31:46,0.35,2.5,2339,0.33,2.3571,2117,0.34,2.4285,4,0.34,2.4285,0,0
SPY190712C301,2019-07-10,2019-07-10 09:31:46,0.35,2.5,2291,0.33,2.3571,2319,0.34,2.4285,4,0.34,2.4285,0,0
SPY190712C301,2019-07-10,2019-07-10 09:31:47,0.35,2.5,2748,0.33,2.3571,2300,0.34,2.4285,4,0.34,2.4285,0,0
SPY190712C301,2019-07-10,2019-07-10 09:31:48,0.35,2.5,2748,0.33,2.3571,2300,0.34,2.4285,4,0.34,2.4285,0,0
SPY190712C301,2019-07-10,2019-07-10 09:31:49,0.35,2.5,2754,0.33,2.3571,2378,0.34,2.4285,4,0.34,2.4285,0,0
SPY190712C301,2019-07-10,2019-07-10 09:31:49,0.35,2.5,2754,0.34,2.4285,5,0.34,2.4285,4,0.345,2.4642,0,0
SPY190712C301,2019-07-10,2019-07-10 09:31:50,0.35,2.5,59,0.34,2.4285,403,0.34,2.4285,4,0.345,2.4642,0,0
SPY190712C301,2019-07-10,2019-07-10 09:31:51,0.35,2.5,62,0.34,2.4285,403,0.34,2.4285,1,0.345,2.4642,0,0
SPY190712C301,2019-07-10,2019-07-10 09:31:52,0.35,2.5,128,0.34,2.4285,403,0.34,2.4285,1,0.345,2.4642,0,0
SPY190712C301,2019-07-10,2019-07-10 09:31:52,0.35,2.5,13,0.34,2.4285,688,0.34,2.4285,1,0.345,2.4642,0,0
SPY190712C301,2019-07-10,2019-07-10 09:31:53,0.35,2.5,20,0.34,2.4285,688,0.34,2.4285,1,0.345,2.4642,0,0
SPY190712C301,2019-07-10,2019-07-10 09:31:54,0.35,2.5,64,0.34,2.4285,933,0.34,2.4285,1,0.345,2.4642,0,0
SPY190712C301,2019-07-10,2019-07-10 09:31:54,0.35,2.5,94,0.34,2.4285,1027,0.34,2.4285,1,0.345,2.4642,0,0
SPY190712C301,2019-07-10,2019-07-10 09:31:55,0.35,2.5,335,0.34,2.4285,1223,0.34,2.4285,4,0.345,2.4642,0,0
SPY190712C301,2019-07-10,2019-07-10 09:31:55,0.35,2.5,178,0.34,2.4285,1178,0.34,2.4285,1,0.345,2.4642,0,0
SPY190712C301,2019-07-10,2019-07-10 09:31:56,0.35,2.5,461,0.34,2.4285,702,0.34,2.4285,4,0.345,2.4642,0,0
SPY190712C301,2019-07-10,2019-07-10 09:31:56,0.35,2.5,345,0.34,2.4285,1223,0.34,2.4285,4,0.345,2.4642,0,0
SPY190712C301,2019-07-10,2019-07-10 09:31:57,0.35,2.5,528,0.34,2.4285,702,0.34,2.4285,4,0.345,2.4642,0,0
SPY190712C301,2019-07-10,2019-07-10 09:31:57,0.35,2.5,825,0.34,2.4285,632,0.34,2.4285,4,0.345,2.4642,0,0
SPY190712C301,2019-07-10,2019-07-10 09:31:58,0.35,2.5,1507,0.34,2.4285,632,0.34,2.4285,4,0.345,2.4642,0,0
SPY190712C301,2019-07-10,2019-07-10 09:31:59,0.35,2.5,1608,0.34,2.4285,632,0.34,2.4285,4,0.345,2.4642,0,0
SPY190712C301,2019-07-10,2019-07-10 09:32:00,0.35,2.5,354,0.34,2.4285,904,0.35,2.5,30,0.345,2.4642,0,0
SPY190712C301,2019-07-10,2019-07-10 09:32:00,0.35,2.5,1608,0.34,2.4285,632,0.34,2.4285,4,0.345,2.4642,0,0
SPY190712C301,2019-07-10,2019-07-10 09:32:01,0.35,2.5,195,0.34,2.4285,249,0.35,2.5,30,0.345,2.4642,0,0
SPY190712C301,2019-07-10,2019-07-10 09:32:01,0.35,2.5,195,0.34,2.4285,318,0.35,2.5,1,0.345,2.4642,0,0
SPY190712C301,2019-07-10,2019-07-10 09:32:02,0.35,2.5,313,0.34,2.4285,378,0.35,2.5,1,0.345,2.4642,0,0
SPY190712C301,2019-07-10,2019-07-10 09:32:02,0.35,2.5,623,0.34,2.4285,378,0.35,2.5,1,0.345,2.4642,0,0
SPY190712C301,2019-07-10,2019-07-10 09:32:03,0.35,2.5,921,0.34,2.4285,265,0.35,2.5,1,0.345,2.4642,0,0
SPY190712C301,2019-07-10,2019-07-10 09:32:04,0.35,2.5,573,0.33,2.3571,2487,0.35,2.5,19,0.34,2.4285,0,0
SPY190712C301,2019-07-10,2019-07-10 09:32:04,0.35,2.5,923,0.33,2.3571,2294,0.35,2.5,19,0.34,2.4285,0,0
SPY190712C301,2019-07-10,2019-07-10 09:32:05,0.35,2.5,1039,0.33,2.3571,1505,0.35,2.5,19,0.34,2.4285,0,0
SPY190712C301,2019-07-10,2019-07-10 09:32:05,0.35,2.5,525,0.33,2.3571,1755,0.35,2.5,19,0.34,2.4285,0,0
SPY190712C301,2019-07-10,2019-07-10 09:32:06,0.35,2.5,573,0.34,2.4285,191,0.35,2.5,19,0.345,2.4642,0,0
SPY190712C301,2019-07-10,2019-07-10 09:32:06,0.35,2.5,525,0.34,2.4285,201,0.35,2.5,19,0.345,2.4642,0,0
SPY190712C301,2019-07-10,2019-07-10 09:32:07,0.35,2.5,573,0.34,2.4285,156,0.35,2.5,19,0.345,2.4642,0,0
SPY190712C301,2019-07-10,2019-07-10 09:32:08,0.35,2.5,573,0.34,2.4285,156,0.35,2.5,19,0.345,2.4642,0,0
SPY190712C301,2019-07-10,2019-07-10 09:32:08,0.35,2.5,573,0.34,2.4285,191,0.35,2.5,19,0.345,2.4642,0,0
SPY190712C301,2019-07-10,2019-07-10 09:32:09,0.35,2.5,559,0.34,2.4285,174,0.35,2.5,19,0.345,2.4642,0,0
SPY190712C301,2019-07-10,2019-07-10 09:32:09,0.35,2.5,663,0.34,2.4285,169,0.35,2.5,19,0.345,2.4642,0,0
SPY190712C301,2019-07-10,2019-07-10 09:32:10,0.35,2.5,646,0.34,2.4285,168,0.35,2.5,19,0.345,2.4642,0,0
SPY190712C301,2019-07-10,2019-07-10 09:32:10,0.35,2.5,615,0.34,2.4285,168,0.35,2.5,19,0.345,2.4642,0,0
SPY190712C301,2019-07-10,2019-07-10 09:32:11,0.35,2.5,646,0.34,2.4285,168,0.35,2.5,19,0.345,2.4642,0,0
SPY190712C301,2019-07-10,2019-07-10 09:32:12,0.35,2.5,442,0.34,2.4285,174,0.35,2.5,19,0.345,2.4642,0,0
SPY190712C301,2019-07-10,2019-07-10 09:32:12,0.35,2.5,668,0.34,2.4285,89,0.35,2.5,19,0.345,2.4642,0,0
SPY190712C301,2019-07-10,2019-07-10 09:32:13,0.35,2.5,255,0.34,2.4285,391,0.35,2.5,19,0.345,2.4642,0,0
SPY190712C301,2019-07-10,2019-07-10 09:32:13,0.35,2.5,255,0.34,2.4285,392,0.35,2.5,19,0.345,2.4642,0,0
SPY190712C301,2019-07-10,2019-07-10 09:32:14,0.35,2.5,255,0.34,2.4285,186,0.35,2.5,19,0.345,2.4642,0,0
SPY190712C301,2019-07-10,2019-07-10 09:32:14,0.35,2.5,405,0.34,2.4285,277,0.35,2.5,14,0.345,2.4642,0,0
SPY190712C301,2019-07-10,2019-07-10 09:32:15,0.35,2.5,421,0.34,2.4285,45,0.35,2.5,14,0.345,2.4642,0,0
SPY190712C301,2019-07-10,2019-07-10 09:32:15,0.35,2.5,686,0.34,2.4285,277,0.35,2.5,14,0.345,2.4642,0,0
SPY190712C301,2019-07-10,2019-07-10 09:32:16,0.35,2.5,255,0.34,2.4285,215,0.35,2.5,14,0.345,2.4642,0,0
SPY190712C301,2019-07-10,2019-07-10 09:32:16,0.35,2.5,268,0.34,2.4285,215,0.35,2.5,14,0.345,2.4642,0,0
SPY190712C301,2019-07-10,2019-07-10 09:32:17,0.35,2.5,342,0.34,2.4285,440,0.35,2.5,14,0.345,2.4642,0,0
SPY190712C301,2019-07-10,2019-07-10 09:32:18,0.35,2.5,380,0.34,2.4285,658,0.35,2.5,14,0.345,2.4642,0,0
SPY190712C301,2019-07-10,2019-07-10 09:32:18,0.35,2.5,280,0.34,2.4285,526,0.35,2.5,14,0.345,2.4642,0,0
SPY190712C301,2019-07-10,2019-07-10 09:32:19,0.35,2.5,45,0.34,2.4285,1896,0.35,2.5,14,0.345,2.4642,0,0
SPY190712C301,2019-07-10,2019-07-10 09:32:19,0.35,2.5,280,0.34,2.4285,975,0.35,2.5,14,0.345,2.4642,0,0
SPY190712C301,2019-07-10,2019-07-10 09:32:20,0.35,2.5,45,0.34,2.4285,2749,0.35,2.5,1,0.345,2.4642,0,0
SPY190712C301,2019-07-10,2019-07-10 09:32:20,0.35,2.5,45,0.34,2.4285,2391,0.35,2.5,1,0.345,2.4642,0,0
SPY190712C301,2019-07-10,2019-07-10 09:32:21,0.35,2.5,45,0.34,2.4285,2755,0.35,2.5,1,0.345,2.4642,0,0
SPY190712C301,2019-07-10,2019-07-10 09:32:21,0.36,2.5714,211,0.34,2.4285,2511,0.35,2.5,5,0.35,2.5,0,0
SPY190712C301,2019-07-10,2019-07-10 09:32:22,0.36,2.5714,215,0.35,2.5,290,0.36,2.5714,1,0.355,2.5357,0,0
SPY190712C301,2019-07-10,2019-07-10 09:32:22,0.36,2.5714,215,0.35,2.5,1175,0.35,2.5,4,0.355,2.5357,0,0
SPY190712C301,2019-07-10,2019-07-10 09:32:23,0.36,2.5714,160,0.35,2.5,1235,0.35,2.5,4,0.355,2.5357,0,0
SPY190712C301,2019-07-10,2019-07-10 09:32:24,0.36,2.5714,160,0.35,2.5,1749,0.35,2.5,4,0.355,2.5357,0,0
SPY190712C301,2019-07-10,2019-07-10 09:32:25,0.36,2.5714,180,0.35,2.5,1749,0.35,2.5,4,0.355,2.5357,0,0
SPY190712C301,2019-07-10,2019-07-10 09:32:26,0.36,2.5714,180,0.35,2.5,2047,0.35,2.5,4,0.355,2.5357,0,0
SPY190712C301,2019-07-10,2019-07-10 09:32:27,0.36,2.5714,164,0.35,2.5,2095,0.35,2.5,4,0.355,2.5357,0,0
SPY190712C301,2019-07-10,2019-07-10 09:32:27,0.36,2.5714,180,0.35,2.5,2047,0.35,2.5,4,0.355,2.5357,0,0
SPY190712C301,2019-07-10,2019-07-10 09:32:28,0.36,2.5714,164,0.35,2.5,2095,0.35,2.5,4,0.355,2.5357,0,0
SPY190712C301,2019-07-10,2019-07-10 09:32:28,0.36,2.5714,164,0.35,2.5,1724,0.35,2.5,4,0.355,2.5357,0,0
SPY190712C301,2019-07-10,2019-07-10 09:32:29,0.36,2.5714,41,0.35,2.5,2179,0.35,2.5,4,0.355,2.5357,0,0
SPY190712C301,2019-07-10,2019-07-10 09:32:29,0.36,2.5714,106,0.35,2.5,2288,0.35,2.5,4,0.355,2.5357,0,0
SPY190712C301,2019-07-10,2019-07-10 09:32:30,0.36,2.5714,95,0.35,2.5,2252,0.35,2.5,4,0.355,2.5357,0,0
SPY190712C301,2019-07-10,2019-07-10 09:32:30,0.36,2.5714,91,0.35,2.5,2252,0.35,2.5,4,0.355,2.5357,0,0
SPY190712C301,2019-07-10,2019-07-10 09:32:31,0.36,2.5714,95,0.35,2.5,2128,0.35,2.5,5,0.355,2.5357,0,0
SPY190712C301,2019-07-10,2019-07-10 09:32:31,0.36,2.5714,95,0.35,2.5,2204,0.35,2.5,5,0.355,2.5357,0,0
SPY190712C301,2019-07-10,2019-07-10 09:32:32,0.36,2.5714,95,0.35,2.5,2176,0.35,2.5,5,0.355,2.5357,0,0
SPY190712C301,2019-07-10,2019-07-10 09:32:33,0.36,2.5714,95,0.35,2.5,2176,0.35,2.5,5,0.355,2.5357,0,0
SPY190712C301,2019-07-10,2019-07-10 09:32:33,0.36,2.5714,115,0.35,2.5,2176,0.35,2.5,5,0.355,2.5357,0,0
SPY190712C301,2019-07-10,2019-07-10 09:32:34,0.36,2.5714,95,0.35,2.5,2249,0.35,2.5,5,0.355,2.5357,0,0
SPY190712C301,2019-07-10,2019-07-10 09:32:34,0.36,2.5714,105,0.35,2.5,2249,0.35,2.5,5,0.355,2.5357,0,0
SPY190712C301,2019-07-10,2019-07-10 09:32:36,0.36,2.5714,98,0.35,2.5,2249,0.35,2.5,5,0.355,2.5357,0,0
SPY190712C301,2019-07-10,2019-07-10 09:32:36,0.36,2.5714,95,0.35,2.5,2249,0.35,2.5,5,0.355,2.5357,0,0
SPY190712C301,2019-07-10,2019-07-10 09:32:37,0.36,2.5714,98,0.35,2.5,2230,0.35,2.5,5,0.355,2.5357,0,0
SPY190712C301,2019-07-10,2019-07-10 09:32:37,0.36,2.5714,142,0.35,2.5,1767,0.36,2.5714,1,0.355,2.5357,0,0
SPY190712C301,2019-07-10,2019-07-10 09:32:38,0.36,2.5714,13,0.35,2.5,1618,0.36,2.5714,1,0.355,2.5357,0,0
SPY190712C301,2019-07-10,2019-07-10 09:32:38,0.36,2.5714,91,0.35,2.5,1849,0.36,2.5714,1,0.355,2.5357,0,0
SPY190712C301,2019-07-10,2019-07-10 09:32:39,0.37,2.6428,485,0.35,2.5,865,0.36,2.5714,1,0.36,2.5714,0,0
SPY190712C301,2019-07-10,2019-07-10 09:32:40,0.37,2.6428,380,0.36,2.5714,90,0.36,2.5714,1,0.365,2.6071,0,0
SPY190712C301,2019-07-10,2019-07-10 09:32:40,0.37,2.6428,285,0.36,2.5714,90,0.36,2.5714,1,0.365,2.6071,0,0
SPY190712C301,2019-07-10,2019-07-10 09:32:41,0.37,2.6428,848,0.36,2.5714,365,0.36,2.5714,1,0.365,2.6071,0,0
SPY190712C301,2019-07-10,2019-07-10 09:32:41,0.37,2.6428,2237,0.36,2.5714,498,0.36,2.5714,1,0.365,2.6071,0,0
SPY190712C301,2019-07-10,2019-07-10 09:32:42,0.37,2.6428,749,0.36,2.5714,533,0.36,2.5714,1,0.365,2.6071,0,0
SPY190712C301,2019-07-10,2019-07-10 09:32:43,0.37,2.6428,749,0.36,2.5714,785,0.36,2.5714,1,0.365,2.6071,0,0
SPY190712C301,2019-07-10,2019-07-10 09:32:43,0.37,2.6428,749,0.36,2.5714,929,0.36,2.5714,1,0.365,2.6071,0,0
SPY190712C301,2019-07-10,2019-07-10 09:32:44,0.37,2.6428,809,0.36,2.5714,858,0.36,2.5714,1,0.365,2.6071,0,0
SPY190712C301,2019-07-10,2019-07-10 09:32:44,0.37,2.6428,861,0.36,2.5714,721,0.36,2.5714,1,0.365,2.6071,0,0
SPY190712C301,2019-07-10,2019-07-10 09:32:46,0.37,2.6428,492,0.36,2.5714,1210,0.36,2.5714,1,0.365,2.6071,0,0
SPY190712C301,2019-07-10,2019-07-10 09:32:46,0.37,2.6428,569,0.36,2.5714,996,0.36,2.5714,1,0.365,2.6071,0,0
SPY190712C301,2019-07-10,2019-07-10 09:32:47,0.37,2.6428,1154,0.36,2.5714,1293,0.36,2.5714,1,0.365,2.6071,0,0
SPY190712C301,2019-07-10,2019-07-10 09:32:47,0.37,2.6428,1287,0.36,2.5714,434,0.36,2.5714,1,0.365,2.6071,0,0
SPY190712C301,2019-07-10,2019-07-10 09:32:48,0.37,2.6428,835,0.36,2.5714,1221,0.36,2.5714,1,0.365,2.6071,0,0
SPY190712C301,2019-07-10,2019-07-10 09:32:48,0.37,2.6428,1244,0.36,2.5714,741,0.36,2.5714,1,0.365,2.6071,0,0
SPY190712C301,2019-07-10,2019-07-10 09:32:49,0.37,2.6428,835,0.36,2.5714,1062,0.36,2.5714,1,0.365,2.6071,0,0
SPY190712C301,2019-07-10,2019-07-10 09:32:50,0.37,2.6428,1230,0.36,2.5714,1221,0.37,2.6428,2,0.365,2.6071,0,0
SPY190712C301,2019-07-10,2019-07-10 09:32:51,0.37,2.6428,56,0.36,2.5714,477,0.37,2.6428,2,0.365,2.6071,0,0
SPY190712C301,2019-07-10,2019-07-10 09:32:51,0.37,2.6428,1168,0.36,2.5714,297,0.37,2.6428,2,0.365,2.6071,0,0
SPY190712C301,2019-07-10,2019-07-10 09:32:52,0.37,2.6428,56,0.36,2.5714,484,0.37,2.6428,1,0.365,2.6071,0,0
SPY190712C301,2019-07-10,2019-07-10 09:32:53,0.37,2.6428,182,0.36,2.5714,1158,0.37,2.6428,1,0.365,2.6071,0,0
SPY190712C301,2019-07-10,2019-07-10 09:32:54,0.37,2.6428,185,0.36,2.5714,1008,0.37,2.6428,1,0.365,2.6071,0,0
SPY190712C301,2019-07-10,2019-07-10 09:32:54,0.37,2.6428,185,0.36,2.5714,933,0.37,2.6428,1,0.365,2.6071,0,0
SPY190712C301,2019-07-10,2019-07-10 09:32:55,0.37,2.6428,182,0.36,2.5714,1104,0.37,2.6428,6,0.365,2.6071,0,0
SPY190712C301,2019-07-10,2019-07-10 09:32:55,0.37,2.6428,185,0.36,2.5714,1104,0.37,2.6428,6,0.365,2.6071,0,0
SPY190712C301,2019-07-10,2019-07-10 09:32:56,0.37,2.6428,182,0.36,2.5714,1104,0.37,2.6428,6,0.365,2.6071,0,0
SPY190712C301,2019-07-10,2019-07-10 09:32:57,0.37,2.6428,182,0.36,2.5714,1104,0.37,2.6428,1,0.365,2.6071,0,0
SPY190712C301,2019-07-10,2019-07-10 09:32:57,0.37,2.6428,99,0.36,2.5714,1123,0.37,2.6428,1,0.365,2.6071,0,0
SPY190712C301,2019-07-10,2019-07-10 09:32:58,0.37,2.6428,66,0.36,2.5714,1573,0.37,2.6428,1,0.365,2.6071,0,0
SPY190712C301,2019-07-10,2019-07-10 09:32:58,0.37,2.6428,15,0.36,2.5714,989,0.37,2.6428,1,0.365,2.6071,0,0
SPY190712C301,2019-07-10,2019-07-10 09:32:59,0.37,2.6428,15,0.36,2.5714,1162,0.37,2.6428,1,0.365,2.6071,0,0
SPY190712C301,2019-07-10,2019-07-10 09:32:59,0.37,2.6428,15,0.36,2.5714,1199,0.36,2.5714,1,0.365,2.6071,0,0
SPY190712C301,2019-07-10,2019-07-10 09:33:00,0.37,2.6428,59,0.36,2.5714,1199,0.36,2.5714,1,0.365,2.6071,0,0
SPY190712C301,2019-07-10,2019-07-10 09:33:01,0.37,2.6428,106,0.36,2.5714,1891,0.36,2.5714,1,0.365,2.6071,0,0
SPY190712C301,2019-07-10,2019-07-10 09:33:01,0.37,2.6428,59,0.36,2.5714,1378,0.36,2.5714,1,0.365,2.6071,0,0
SPY190712C301,2019-07-10,2019-07-10 09:33:02,0.37,2.6428,95,0.36,2.5714,1891,0.36,2.5714,1,0.365,2.6071,0,0
SPY190712C301,2019-07-10,2019-07-10 09:33:03,0.37,2.6428,691,0.36,2.5714,297,0.36,2.5714,1,0.365,2.6071,0,0
SPY190712C301,2019-07-10,2019-07-10 09:33:03,0.37,2.6428,105,0.36,2.5714,297,0.36,2.5714,1,0.365,2.6071,0,0
SPY190712C301,2019-07-10,2019-07-10 09:33:04,0.37,2.6428,1095,0.36,2.5714,337,0.36,2.5714,1,0.365,2.6071,0,0
SPY190712C301,2019-07-10,2019-07-10 09:33:05,0.37,2.6428,161,0.36,2.5714,34,0.36,2.5714,1,0.365,2.6071,0,0
SPY190712C301,2019-07-10,2019-07-10 09:33:05,0.37,2.6428,2394,0.36,2.5714,85,0.36,2.5714,1,0.365,2.6071,0,0
SPY190712C301,2019-07-10,2019-07-10 09:33:06,0.37,2.6428,161,0.36,2.5714,57,0.36,2.5714,4,0.365,2.6071,0,0
SPY190712C301,2019-07-10,2019-07-10 09:33:07,0.37,2.6428,97,0.36,2.5714,1120,0.36,2.5714,4,0.365,2.6071,0,0
SPY190712C301,2019-07-10,2019-07-10 09:33:07,0.37,2.6428,231,0.36,2.5714,536,0.36,2.5714,4,0.365,2.6071,0,0
SPY190712C301,2019-07-10,2019-07-10 09:33:08,0.37,2.6428,97,0.36,2.5714,723,0.36,2.5714,4,0.365,2.6071,0,0
SPY190712C301,2019-07-10,2019-07-10 09:33:08,0.37,2.6428,70,0.36,2.5714,1874,0.36,2.5714,4,0.365,2.6071,0,0
SPY190712C301,2019-07-10,2019-07-10 09:33:09,0.37,2.6428,70,0.36,2.5714,1896,0.36,2.5714,4,0.365,2.6071,0,0
SPY190712C301,2019-07-10,2019-07-10 09:33:10,0.37,2.6428,15,0.36,2.5714,1567,0.36,2.5714,4,0.365,2.6071,0,0
SPY190712C301,2019-07-10,2019-07-10 09:33:11,0.37,2.6428,15,0.36,2.5714,1139,0.36,2.5714,4,0.365,2.6071,0,0
SPY190712C301,2019-07-10,2019-07-10 09:33:11,0.37,2.6428,90,0.36,2.5714,1309,0.36,2.5714,4,0.365,2.6071,0,0
SPY190712C301,2019-07-10,2019-07-10 09:33:12,0.37,2.6428,15,0.36,2.5714,2348,0.36,2.5714,4,0.365,2.6071,0,0
SPY190712C301,2019-07-10,2019-07-10 09:33:13,0.37,2.6428,15,0.36,2.5714,882,0.36,2.5714,4,0.365,2.6071,0,0
SPY190712C301,2019-07-10,2019-07-10 09:33:13,0.37,2.6428,15,0.36,2.5714,1333,0.36,2.5714,4,0.365,2.6071,0,0
SPY190712C301,2019-07-10,2019-07-10 09:33:14,0.37,2.6428,15,0.36,2.5714,1038,0.36,2.5714,4,0.365,2.6071,0,0
SPY190712C301,2019-07-10,2019-07-10 09:33:14,0.37,2.6428,15,0.36,2.5714,2230,0.36,2.5714,4,0.365,2.6071,0,0
SPY190712C301,2019-07-10,2019-07-10 09:33:15,0.37,2.6428,15,0.36,2.5714,1518,0.36,2.5714,4,0.365,2.6071,0,0
SPY190712C301,2019-07-10,2019-07-10 09:33:15,0.37,2.6428,15,0.36,2.5714,1593,0.36,2.5714,4,0.365,2.6071,0,0
SPY190712C301,2019-07-10,2019-07-10 09:33:16,0.37,2.6428,15,0.36,2.5714,1426,0.36,2.5714,4,0.365,2.6071,0,0
SPY190712C301,2019-07-10,2019-07-10 09:33:16,0.37,2.6428,50,0.36,2.5714,1387,0.36,2.5714,4,0.365,2.6071,0,0
SPY190712C301,2019-07-10,2019-07-10 09:33:17,0.37,2.6428,165,0.36,2.5714,883,0.36,2.5714,4,0.365,2.6071,0,0
SPY190712C301,2019-07-10,2019-07-10 09:33:18,0.37,2.6428,165,0.36,2.5714,572,0.36,2.5714,4,0.365,2.6071,0,0
SPY190712C301,2019-07-10,2019-07-10 09:33:18,0.37,2.6428,397,0.36,2.5714,572,0.36,2.5714,4,0.365,2.6071,0,0
SPY190712C301,2019-07-10,2019-07-10 09:33:19,0.37,2.6428,1073,0.36,2.5714,75,0.36,2.5714,4,0.365,2.6071,0,0
SPY190712C301,2019-07-10,2019-07-10 09:33:19,0.37,2.6428,3450,0.36,2.5714,297,0.36,2.5714,4,0.365,2.6071,0,0
SPY190712C301,2019-07-10,2019-07-10 09:33:20,0.37,2.6428,952,0.36,2.5714,85,0.36,2.5714,4,0.365,2.6071,0,0
SPY190712C301,2019-07-10,2019-07-10 09:33:20,0.37,2.6428,1873,0.36,2.5714,509,0.36,2.5714,4,0.365,2.6071,0,0
SPY190712C301,2019-07-10,2019-07-10 09:33:21,0.37,2.6428,1156,0.36,2.5714,509,0.37,2.6428,401,0.365,2.6071,0,0
SPY190712C301,2019-07-10,2019-07-10 09:33:22,0.37,2.6428,1827,0.36,2.5714,486,0.37,2.6428,401,0.365,2.6071,0,0
SPY190712C301,2019-07-10,2019-07-10 09:33:22,0.37,2.6428,1827,0.36,2.5714,496,0.37,2.6428,401,0.365,2.6071,0,0
SPY190712C301,2019-07-10,2019-07-10 09:33:23,0.37,2.6428,804,0.36,2.5714,57,0.37,2.6428,401,0.365,2.6071,0,0
SPY190712C301,2019-07-10,2019-07-10 09:33:23,0.37,2.6428,1202,0.35,2.5,1220,0.37,2.6428,401,0.36,2.5714,0,0
SPY190712C301,2019-07-10,2019-07-10 09:33:24,0.36,2.5714,242,0.35,2.5,1327,0.37,2.6428,401,0.355,2.5357,0,0
SPY190712C301,2019-07-10,2019-07-10 09:33:24,0.36,2.5714,166,0.35,2.5,1327,0.37,2.6428,401,0.355,2.5357,0,0
SPY190712C301,2019-07-10,2019-07-10 09:33:25,0.36,2.5714,216,0.35,2.5,1017,0.35,2.5,5,0.355,2.5357,0,0
SPY190712C301,2019-07-10,2019-07-10 09:33:26,0.36,2.5714,858,0.35,2.5,486,0.35,2.5,5,0.355,2.5357,0,0
SPY190712C301,2019-07-10,2019-07-10 09:33:26,0.36,2.5714,1069,0.35,2.5,517,0.35,2.5,5,0.355,2.5357,0,0
SPY190712C301,2019-07-10,2019-07-10 09:33:27,0.36,2.5714,438,0.35,2.5,513,0.35,2.5,5,0.355,2.5357,0,0
SPY190712C301,2019-07-10,2019-07-10 09:33:27,0.36,2.5714,991,0.35,2.5,329,0.35,2.5,5,0.355,2.5357,0,0
SPY190712C301,2019-07-10,2019-07-10 09:33:28,0.36,2.5714,362,0.35,2.5,1160,0.35,2.5,5,0.355,2.5357,0,0
SPY190712C301,2019-07-10,2019-07-10 09:33:29,0.36,2.5714,266,0.35,2.5,648,0.35,2.5,5,0.355,2.5357,0,0
SPY190712C301,2019-07-10,2019-07-10 09:33:29,0.36,2.5714,362,0.35,2.5,1357,0.35,2.5,5,0.355,2.5357,0,0
SPY190712C301,2019-07-10,2019-07-10 09:33:30,0.36,2.5714,991,0.35,2.5,678,0.35,2.5,5,0.355,2.5357,0,0
SPY190712C301,2019-07-10,2019-07-10 09:33:30,0.36,2.5714,1950,0.35,2.5,72,0.35,2.5,5,0.355,2.5357,0,0
SPY190712C301,2019-07-10,2019-07-10 09:33:31,0.36,2.5714,1950,0.35,2.5,35,0.35,2.5,5,0.355,2.5357,0,0
SPY190712C301,2019-07-10,2019-07-10 09:33:31,0.35,2.5,6,0.34,2.4285,1935,0.35,2.5,5,0.345,2.4642,0,0
SPY190712C301,2019-07-10,2019-07-10 09:33:32,0.35,2.5,6,0.34,2.4285,2003,0.35,2.5,5,0.345,2.4642,0,0
SPY190712C301,2019-07-10,2019-07-10 09:33:33,0.35,2.5,360,0.34,2.4285,671,0.35,2.5,5,0.345,2.4642,0,0
SPY190712C301,2019-07-10,2019-07-10 09:33:33,0.35,2.5,6,0.34,2.4285,2003,0.35,2.5,5,0.345,2.4642,0,0
SPY190712C301,2019-07-10,2019-07-10 09:33:34,0.35,2.5,242,0.34,2.4285,44,0.35,2.5,5,0.345,2.4642,0,0
SPY190712C301,2019-07-10,2019-07-10 09:33:34,0.35,2.5,805,0.34,2.4285,281,0.35,2.5,5,0.345,2.4642,0,0
SPY190712C301,2019-07-10,2019-07-10 09:33:35,0.34,2.4285,91,0.34,2.4285,17,0.35,2.5,5,0.34,2.4285,0,0
SPY190712C301,2019-07-10,2019-07-10 09:33:35,0.34,2.4285,91,0.33,2.3571,1907,0.35,2.5,5,0.335,2.3928,0,0
SPY190712C301,2019-07-10,2019-07-10 09:33:36,0.34,2.4285,272,0.33,2.3571,787,0.35,2.5,5,0.335,2.3928,0,0
SPY190712C301,2019-07-10,2019-07-10 09:33:36,0.34,2.4285,225,0.33,2.3571,1849,0.35,2.5,5,0.335,2.3928,0,0
SPY190712C301,2019-07-10,2019-07-10 09:33:37,0.34,2.4285,201,0.33,2.3571,986,0.33,2.3571,1,0.335,2.3928,0,0
SPY190712C301,2019-07-10,2019-07-10 09:33:38,0.34,2.4285,221,0.33,2.3571,986,0.33,2.3571,1,0.335,2.3928,0,0
SPY190712C301,2019-07-10,2019-07-10 09:33:38,0.34,2.4285,221,0.33,2.3571,970,0.33,2.3571,1,0.335,2.3928,0,0
SPY190712C301,2019-07-10,2019-07-10 09:33:39,0.34,2.4285,221,0.33,2.3571,1128,0.33,2.3571,1,0.335,2.3928,0,0
SPY190712C301,2019-07-10,2019-07-10 09:33:40,0.34,2.4285,221,0.33,2.3571,970,0.33,2.3571,1,0.335,2.3928,0,0
SPY190712C301,2019-07-10,2019-07-10 09:33:41,0.34,2.4285,899,0.33,2.3571,599,0.33,2.3571,1,0.335,2.3928,0,0
SPY190712C301,2019-07-10,2019-07-10 09:33:41,0.34,2.4285,333,0.33,2.3571,758,0.33,2.3571,1,0.335,2.3928,0,0
SPY190712C301,2019-07-10,2019-07-10 09:33:42,0.34,2.4285,1455,0.33,2.3571,599,0.33,2.3571,1,0.335,2.3928,0,0
SPY190712C301,2019-07-10,2019-07-10 09:33:43,0.34,2.4285,1589,0.33,2.3571,599,0.33,2.3571,1,0.335,2.3928,0,0
SPY190712C301,2019-07-10,2019-07-10 09:33:43,0.34,2.4285,1118,0.33,2.3571,518,0.33,2.3571,1,0.335,2.3928,0,0
SPY190712C301,2019-07-10,2019-07-10 09:33:44,0.34,2.4285,1207,0.32,2.2857,2019,0.33,2.3571,1,0.33,2.3571,0,0
SPY190712C301,2019-07-10,2019-07-10 09:33:44,0.34,2.4285,1608,0.32,2.2857,1477,0.33,2.3571,1,0.33,2.3571,0,0
SPY190712C301,2019-07-10,2019-07-10 09:33:45,0.33,2.3571,6,0.32,2.2857,3062,0.33,2.3571,1,0.325,2.3214,0,0
SPY190712C301,2019-07-10,2019-07-10 09:33:45,0.33,2.3571,6,0.32,2.2857,3081,0.33,2.3571,1,0.325,2.3214,0,0
SPY190712C301,2019-07-10,2019-07-10 09:33:46,0.33,2.3571,6,0.32,2.2857,2571,0.33,2.3571,1,0.325,2.3214,0,0
SPY190712C301,2019-07-10,2019-07-10 09:33:47,0.33,2.3571,6,0.32,2.2857,3051,0.33,2.3571,1,0.325,2.3214,0,0
SPY190712C301,2019-07-10,2019-07-10 09:33:47,0.33,2.3571,6,0.32,2.2857,2571,0.33,2.3571,1,0.325,2.3214,0,0
SPY190712C301,2019-07-10,2019-07-10 09:33:48,0.33,2.3571,375,0.32,2.2857,1064,0.33,2.3571,1,0.325,2.3214,0,0
SPY190712C301,2019-07-10,2019-07-10 09:33:48,0.33,2.3571,372,0.32,2.2857,1746,0.33,2.3571,1,0.325,2.3214,0,0
SPY190712C301,2019-07-10,2019-07-10 09:33:49,0.33,2.3571,154,0.32,2.2857,288,0.33,2.3571,1,0.325,2.3214,0,0
SPY190712C301,2019-07-10,2019-07-10 09:33:49,0.32,2.2857,266,0.31,2.2142,778,0.33,2.3571,1,0.315,2.25,0,0
SPY190712C301,2019-07-10,2019-07-10 09:33:50,0.32,2.2857,375,0.31,2.2142,679,0.33,2.3571,1,0.315,2.25,0,0
SPY190712C301,2019-07-10,2019-07-10 09:33:51,0.32,2.2857,80,0.31,2.2142,893,0.33,2.3571,1,0.315,2.25,0,0
SPY190712C301,2019-07-10,2019-07-10 09:33:52,0.32,2.2857,119,0.31,2.2142,1231,0.33,2.3571,1,0.315,2.25,0,0
SPY190712C301,2019-07-10,2019-07-10 09:33:52,0.32,2.2857,5,0.31,2.2142,1327,0.33,2.3571,1,0.315,2.25,0,0
SPY190712C301,2019-07-10,2019-07-10 09:33:53,0.32,2.2857,111,0.31,2.2142,1231,0.33,2.3571,1,0.315,2.25,0,0
SPY190712C301,2019-07-10,2019-07-10 09:33:53,0.32,2.2857,111,0.31,2.2142,1528,0.33,2.3571,1,0.315,2.25,0,0
SPY190712C301,2019-07-10,2019-07-10 09:33:54,0.32,2.2857,111,0.31,2.2142,1602,0.33,2.3571,1,0.315,2.25,0,0
SPY190712C301,2019-07-10,2019-07-10 09:33:54,0.32,2.2857,111,0.31,2.2142,2965,0.33,2.3571,1,0.315,2.25,0,0
SPY190712C301,2019-07-10,2019-07-10 09:33:55,0.32,2.2857,211,0.31,2.2142,2633,0.33,2.3571,1,0.315,2.25,0,0
SPY190712C301,2019-07-10,2019-07-10 09:33:56,0.32,2.2857,211,0.31,2.2142,4138,0.33,2.3571,1,0.315,2.25,0,0
SPY190712C301,2019-07-10,2019-07-10 09:33:56,0.32,2.2857,211,0.31,2.2142,2633,0.33,2.3571,1,0.315,2.25,0,0
SPY190712C301,2019-07-10,2019-07-10 09:33:57,0.32,2.2857,212,0.31,2.2142,3112,0.33,2.3571,1,0.315,2.25,0,0
SPY190712C301,2019-07-10,2019-07-10 09:33:57,0.32,2.2857,211,0.31,2.2142,3027,0.33,2.3571,1,0.315,2.25,0,0
SPY190712C301,2019-07-10,2019-07-10 09:33:58,0.32,2.2857,211,0.31,2.2142,3112,0.32,2.2857,1,0.315,2.25,0,0
SPY190712C301,2019-07-10,2019-07-10 09:33:59,0.32,2.2857,1,0.31,2.2142,4163,0.31,2.2142,3,0.315,2.25,0,0
SPY190712C301,2019-07-10,2019-07-10 09:34:00,0.33,2.3571,993,0.32,2.2857,634,0.32,2.2857,1,0.325,2.3214,0,0
SPY190712C301,2019-07-10,2019-07-10 09:34:00,0.33,2.3571,896,0.32,2.2857,367,0.32,2.2857,1,0.325,2.3214,0,0
SPY190712C301,2019-07-10,2019-07-10 09:34:01,0.33,2.3571,1126,0.32,2.2857,712,0.33,2.3571,10,0.325,2.3214,0,0
SPY190712C301,2019-07-10,2019-07-10 09:34:01,0.33,2.3571,1065,0.32,2.2857,978,0.33,2.3571,10,0.325,2.3214,0,0
SPY190712C301,2019-07-10,2019-07-10 09:34:02,0.33,2.3571,780,0.32,2.2857,689,0.33,2.3571,10,0.325,2.3214,0,0
SPY190712C301,2019-07-10,2019-07-10 09:34:03,0.33,2.3571,255,0.32,2.2857,965,0.33,2.3571,10,0.325,2.3214,0,0
SPY190712C301,2019-07-10,2019-07-10 09:34:03,0.33,2.3571,372,0.32,2.2857,739,0.33,2.3571,10,0.325,2.3214,0,0
SPY190712C301,2019-07-10,2019-07-10 09:34:04,0.33,2.3571,372,0.32,2.2857,2010,0.33,2.3571,10,0.325,2.3214,0,0
SPY190712C301,2019-07-10,2019-07-10 09:34:04,0.33,2.3571,372,0.32,2.2857,2058,0.33,2.3571,10,0.325,2.3214,0,0
SPY190712C301,2019-07-10,2019-07-10 09:34:05,0.34,2.4285,638,0.33,2.3571,1444,0.33,2.3571,10,0.335,2.3928,0,0
SPY190712C301,2019-07-10,2019-07-10 09:34:05,0.34,2.4285,927,0.33,2.3571,358,0.33,2.3571,10,0.335,2.3928,0,0
SPY190712C301,2019-07-10,2019-07-10 09:34:06,0.34,2.4285,593,0.33,2.3571,770,0.33,2.3571,10,0.335,2.3928,0,0
SPY190712C301,2019-07-10,2019-07-10 09:34:07,0.34,2.4285,548,0.33,2.3571,558,0.33,2.3571,10,0.335,2.3928,0,0
SPY190712C301,2019-07-10,2019-07-10 09:34:07,0.34,2.4285,593,0.33,2.3571,770,0.33,2.3571,10,0.335,2.3928,0,0
SPY190712C301,2019-07-10,2019-07-10 09:34:08,0.34,2.4285,91,0.33,2.3571,56,0.33,2.3571,10,0.335,2.3928,0,0
SPY190712C301,2019-07-10,2019-07-10 09:34:08,0.33,2.3571,5,0.32,2.2857,970,0.33,2.3571,10,0.325,2.3214,0,0
SPY190712C301,2019-07-10,2019-07-10 09:34:09,0.35,2.5,965,0.34,2.4285,713,0.33,2.3571,10,0.345,2.4642,0,0
SPY190712C301,2019-07-10,2019-07-10 09:34:09,0.35,2.5,605,0.34,2.4285,483,0.33,2.3571,10,0.345,2.4642,0,0
SPY190712C301,2019-07-10,2019-07-10 09:34:11,0.35,2.5,1159,0.34,2.4285,85,0.33,2.3571,10,0.345,2.4642,0,0
SPY190712C301,2019-07-10,2019-07-10 09:34:11,0.35,2.5,442,0.33,2.3571,655,0.33,2.3571,10,0.34,2.4285,0,0
SPY190712C301,2019-07-10,2019-07-10 09:34:12,0.34,2.4285,429,0.33,2.3571,1005,0.34,2.4285,5,0.335,2.3928,0,0
SPY190712C301,2019-07-10,2019-07-10 09:34:12,0.34,2.4285,85,0.33,2.3571,1005,0.33,2.3571,10,0.335,2.3928,0,0
SPY190712C301,2019-07-10,2019-07-10 09:34:13,0.34,2.4285,429,0.33,2.3571,1689,0.34,2.4285,5,0.335,2.3928,0,0
SPY190712C301,2019-07-10,2019-07-10 09:34:14,0.34,2.4285,823,0.33,2.3571,876,0.34,2.4285,5,0.335,2.3928,0,0
SPY190712C301,2019-07-10,2019-07-10 09:34:14,0.34,2.4285,918,0.33,2.3571,436,0.34,2.4285,5,0.335,2.3928,0,0
SPY190712C301,2019-07-10,2019-07-10 09:34:15,0.34,2.4285,1400,0.33,2.3571,320,0.34,2.4285,5,0.335,2.3928,0,0
SPY190712C301,2019-07-10,2019-07-10 09:34:16,0.33,2.3571,5,0.32,2.2857,3155,0.34,2.4285,5,0.325,2.3214,0,0
SPY190712C301,2019-07-10,2019-07-10 09:34:16,0.33,2.3571,131,0.32,2.2857,842,0.34,2.4285,5,0.325,2.3214,0,0
SPY190712C301,2019-07-10,2019-07-10 09:34:17,0.33,2.3571,288,0.32,2.2857,1450,0.34,2.4285,5,0.325,2.3214,0,0
SPY190712C301,2019-07-10,2019-07-10 09:34:18,0.33,2.3571,256,0.32,2.2857,1791,0.34,2.4285,5,0.325,2.3214,0,0
SPY190712C301,2019-07-10,2019-07-10 09:34:18,0.33,2.3571,288,0.32,2.2857,842,0.34,2.4285,5,0.325,2.3214,0,0
SPY190712C301,2019-07-10,2019-07-10 09:34:19,0.34,2.4285,429,0.33,2.3571,622,0.34,2.4285,5,0.335,2.3928,0,0
SPY190712C301,2019-07-10,2019-07-10 09:34:19,0.33,2.3571,166,0.32,2.2857,3137,0.34,2.4285,5,0.325,2.3214,0,0
SPY190712C301,2019-07-10,2019-07-10 09:34:20,0.34,2.4285,255,0.33,2.3571,1641,0.34,2.4285,5,0.335,2.3928,0,0
SPY190712C301,2019-07-10,2019-07-10 09:34:20,0.34,2.4285,255,0.33,2.3571,622,0.34,2.4285,5,0.335,2.3928,0,0
SPY190712C301,2019-07-10,2019-07-10 09:34:21,0.34,2.4285,255,0.33,2.3571,2457,0.34,2.4285,5,0.335,2.3928,0,0
SPY190712C301,2019-07-10,2019-07-10 09:34:21,0.34,2.4285,255,0.33,2.3571,2235,0.34,2.4285,5,0.335,2.3928,0,0
SPY190712C301,2019-07-10,2019-07-10 09:34:22,0.34,2.4285,255,0.33,2.3571,2204,0.34,2.4285,5,0.335,2.3928,0,0
SPY190712C301,2019-07-10,2019-07-10 09:34:23,0.34,2.4285,6,0.33,2.3571,2994,0.34,2.4285,3,0.335,2.3928,0,0
SPY190712C301,2019-07-10,2019-07-10 09:34:23,0.35,2.5,255,0.34,2.4285,969,0.34,2.4285,3,0.345,2.4642,0,0
SPY190712C301,2019-07-10,2019-07-10 09:34:24,0.35,2.5,174,0.34,2.4285,428,0.34,2.4285,3,0.345,2.4642,0,0
SPY190712C301,2019-07-10,2019-07-10 09:34:24,0.35,2.5,102,0.34,2.4285,941,0.34,2.4285,3,0.345,2.4642,0,0
SPY190712C301,2019-07-10,2019-07-10 09:34:25,0.34,2.4285,5,0.33,2.3571,1660,0.34,2.4285,3,0.335,2.3928,0,0
SPY190712C301,2019-07-10,2019-07-10 09:34:25,0.34,2.4285,5,0.34,2.4285,800,0.34,2.4285,3,0.34,2.4285,0,0
SPY190712C301,2019-07-10,2019-07-10 09:34:26,0.34,2.4285,198,0.33,2.3571,792,0.34,2.4285,3,0.335,2.3928,0,0
SPY190712C301,2019-07-10,2019-07-10 09:34:26,0.34,2.4285,35,0.33,2.3571,968,0.34,2.4285,3,0.335,2.3928,0,0
SPY190712C301,2019-07-10,2019-07-10 09:34:27,0.34,2.4285,159,0.33,2.3571,2054,0.34,2.4285,3,0.335,2.3928,0,0
