symbol,Date,quote_time,ask_price,norm_ask_price,ask_size,bid_price,norm_bid_price,bid_size,last_trade_price,norm_last_trade_price,last_trade_size,mark_price,norm_mark_price,volume,Volume
SPY190717C303,2019-07-15,2019-07-15 09:30:00,0.24,1.0,783,0.22,0.9166,1117,0.21,0.875,10,0.23,0.9583,5591,5591
SPY190717C303,2019-07-15,2019-07-15 09:30:19,0.24,1.0,930,0.23,0.9583,1,0.23,0.9583,1,0.235,0.9791,40,-5551
SPY190717C303,2019-07-15,2019-07-15 09:30:23,0.22,0.9166,161,0.21,0.875,2321,0.23,0.9583,1,0.215,0.8958,40,0
SPY190717C303,2019-07-15,2019-07-15 09:30:24,0.22,0.9166,60,0.21,0.875,2810,0.23,0.9583,1,0.215,0.8958,40,0
SPY190717C303,2019-07-15,2019-07-15 09:30:25,0.22,0.9166,740,0.21,0.875,811,0.23,0.9583,1,0.215,0.8958,40,0
SPY190717C303,2019-07-15,2019-07-15 09:30:26,0.22,0.9166,70,0.21,0.875,1212,0.22,0.9166,1,0.215,0.8958,41,1
SPY190717C303,2019-07-15,2019-07-15 09:30:27,0.23,0.9583,1974,0.21,0.875,1873,0.22,0.9166,1,0.22,0.9166,41,0
SPY190717C303,2019-07-15,2019-07-15 09:30:27,0.22,0.9166,5,0.21,0.875,2088,0.22,0.9166,1,0.215,0.8958,41,0
SPY190717C303,2019-07-15,2019-07-15 09:30:28,0.22,0.9166,724,0.21,0.875,619,0.22,0.9166,1,0.215,0.8958,41,0
SPY190717C303,2019-07-15,2019-07-15 09:30:28,0.22,0.9166,180,0.21,0.875,521,0.22,0.9166,1,0.215,0.8958,41,0
SPY190717C303,2019-07-15,2019-07-15 09:30:29,0.22,0.9166,741,0.21,0.875,622,0.22,0.9166,1,0.215,0.8958,41,0
SPY190717C303,2019-07-15,2019-07-15 09:30:29,0.22,0.9166,699,0.21,0.875,418,0.22,0.9166,1,0.215,0.8958,41,0
SPY190717C303,2019-07-15,2019-07-15 09:30:30,0.22,0.9166,741,0.21,0.875,622,0.22,0.9166,1,0.215,0.8958,41,0
SPY190717C303,2019-07-15,2019-07-15 09:30:31,0.22,0.9166,741,0.21,0.875,1131,0.22,0.9166,1,0.215,0.8958,41,0
SPY190717C303,2019-07-15,2019-07-15 09:30:32,0.22,0.9166,1205,0.21,0.875,1131,0.22,0.9166,1,0.215,0.8958,41,0
SPY190717C303,2019-07-15,2019-07-15 09:30:33,0.22,0.9166,287,0.21,0.875,1131,0.22,0.9166,1,0.215,0.8958,41,0
SPY190717C303,2019-07-15,2019-07-15 09:30:33,0.22,0.9166,955,0.21,0.875,295,0.22,0.9166,1,0.215,0.8958,41,0
SPY190717C303,2019-07-15,2019-07-15 09:30:34,0.22,0.9166,1061,0.21,0.875,626,0.22,0.9166,1,0.215,0.8958,41,0
SPY190717C303,2019-07-15,2019-07-15 09:30:35,0.22,0.9166,1386,0.21,0.875,626,0.22,0.9166,1,0.215,0.8958,41,0
SPY190717C303,2019-07-15,2019-07-15 09:30:35,0.22,0.9166,1213,0.21,0.875,626,0.22,0.9166,1,0.215,0.8958,41,0
SPY190717C303,2019-07-15,2019-07-15 09:30:36,0.22,0.9166,1757,0.21,0.875,1137,0.22,0.9166,1,0.215,0.8958,41,0
SPY190717C303,2019-07-15,2019-07-15 09:30:37,0.22,0.9166,360,0.21,0.875,420,0.22,0.9166,1,0.215,0.8958,41,0
SPY190717C303,2019-07-15,2019-07-15 09:30:37,0.22,0.9166,360,0.21,0.875,1067,0.22,0.9166,1,0.215,0.8958,41,0
SPY190717C303,2019-07-15,2019-07-15 09:30:38,0.22,0.9166,1549,0.21,0.875,1067,0.22,0.9166,1,0.215,0.8958,41,0
SPY190717C303,2019-07-15,2019-07-15 09:30:39,0.22,0.9166,1549,0.21,0.875,1067,0.22,0.9166,1,0.215,0.8958,41,0
SPY190717C303,2019-07-15,2019-07-15 09:30:40,0.22,0.9166,1549,0.21,0.875,1067,0.22,0.9166,1,0.215,0.8958,41,0
SPY190717C303,2019-07-15,2019-07-15 09:30:40,0.22,0.9166,1757,0.21,0.875,1132,0.22,0.9166,1,0.215,0.8958,41,0
SPY190717C303,2019-07-15,2019-07-15 09:30:41,0.22,0.9166,1597,0.21,0.875,620,0.22,0.9166,1,0.215,0.8958,41,0
SPY190717C303,2019-07-15,2019-07-15 09:30:41,0.22,0.9166,743,0.21,0.875,305,0.22,0.9166,1,0.215,0.8958,41,0
SPY190717C303,2019-07-15,2019-07-15 09:30:42,0.22,0.9166,1597,0.21,0.875,620,0.22,0.9166,1,0.215,0.8958,41,0
SPY190717C303,2019-07-15,2019-07-15 09:30:43,0.22,0.9166,2123,0.21,0.875,40,0.22,0.9166,1,0.215,0.8958,41,0
SPY190717C303,2019-07-15,2019-07-15 09:30:43,0.22,0.9166,3222,0.21,0.875,40,0.22,0.9166,1,0.215,0.8958,41,0
SPY190717C303,2019-07-15,2019-07-15 09:30:44,0.22,0.9166,3547,0.21,0.875,40,0.22,0.9166,1,0.215,0.8958,41,0
SPY190717C303,2019-07-15,2019-07-15 09:30:45,0.22,0.9166,3547,0.21,0.875,40,0.22,0.9166,1,0.215,0.8958,41,0
SPY190717C303,2019-07-15,2019-07-15 09:30:46,0.22,0.9166,3547,0.21,0.875,106,0.22,0.9166,1,0.215,0.8958,41,0
SPY190717C303,2019-07-15,2019-07-15 09:30:47,0.22,0.9166,3547,0.21,0.875,106,0.22,0.9166,1,0.215,0.8958,41,0
SPY190717C303,2019-07-15,2019-07-15 09:30:48,0.22,0.9166,3547,0.21,0.875,106,0.22,0.9166,1,0.215,0.8958,41,0
SPY190717C303,2019-07-15,2019-07-15 09:30:49,0.22,0.9166,4108,0.21,0.875,106,0.22,0.9166,1,0.215,0.8958,41,0
SPY190717C303,2019-07-15,2019-07-15 09:30:50,0.22,0.9166,4363,0.21,0.875,106,0.22,0.9166,1,0.215,0.8958,41,0
SPY190717C303,2019-07-15,2019-07-15 09:30:50,0.22,0.9166,2993,0.21,0.875,106,0.22,0.9166,1,0.215,0.8958,41,0
SPY190717C303,2019-07-15,2019-07-15 09:30:51,0.22,0.9166,4113,0.21,0.875,106,0.22,0.9166,1,0.215,0.8958,41,0
SPY190717C303,2019-07-15,2019-07-15 09:30:52,0.22,0.9166,4201,0.21,0.875,106,0.22,0.9166,1,0.215,0.8958,41,0
SPY190717C303,2019-07-15,2019-07-15 09:30:53,0.22,0.9166,4451,0.21,0.875,106,0.22,0.9166,1,0.215,0.8958,41,0
SPY190717C303,2019-07-15,2019-07-15 09:30:54,0.22,0.9166,4201,0.21,0.875,106,0.22,0.9166,1,0.215,0.8958,41,0
SPY190717C303,2019-07-15,2019-07-15 09:30:54,0.22,0.9166,4451,0.21,0.875,106,0.22,0.9166,1,0.215,0.8958,41,0
SPY190717C303,2019-07-15,2019-07-15 09:30:55,0.22,0.9166,4201,0.21,0.875,106,0.22,0.9166,1,0.215,0.8958,41,0
SPY190717C303,2019-07-15,2019-07-15 09:30:55,0.22,0.9166,4201,0.21,0.875,106,0.22,0.9166,5,0.215,0.8958,81,40
SPY190717C303,2019-07-15,2019-07-15 09:30:56,0.22,0.9166,2926,0.21,0.875,106,0.22,0.9166,5,0.215,0.8958,81,0
SPY190717C303,2019-07-15,2019-07-15 09:30:56,0.22,0.9166,2435,0.21,0.875,106,0.22,0.9166,5,0.215,0.8958,81,0
SPY190717C303,2019-07-15,2019-07-15 09:30:57,0.22,0.9166,2926,0.21,0.875,156,0.22,0.9166,5,0.215,0.8958,81,0
SPY190717C303,2019-07-15,2019-07-15 09:30:58,0.22,0.9166,4012,0.21,0.875,156,0.22,0.9166,5,0.215,0.8958,81,0
SPY190717C303,2019-07-15,2019-07-15 09:30:58,0.22,0.9166,2926,0.21,0.875,106,0.22,0.9166,5,0.215,0.8958,81,0
SPY190717C303,2019-07-15,2019-07-15 09:30:59,0.22,0.9166,534,0.21,0.875,54,0.22,0.9166,5,0.215,0.8958,81,0
SPY190717C303,2019-07-15,2019-07-15 09:30:59,0.22,0.9166,4004,0.21,0.875,106,0.22,0.9166,5,0.215,0.8958,81,0
SPY190717C303,2019-07-15,2019-07-15 09:31:00,0.22,0.9166,1819,0.21,0.875,54,0.22,0.9166,5,0.215,0.8958,81,0
SPY190717C303,2019-07-15,2019-07-15 09:31:00,0.22,0.9166,2772,0.21,0.875,170,0.22,0.9166,5,0.215,0.8958,81,0
SPY190717C303,2019-07-15,2019-07-15 09:31:01,0.22,0.9166,2772,0.21,0.875,170,0.22,0.9166,5,0.215,0.8958,81,0
SPY190717C303,2019-07-15,2019-07-15 09:31:02,0.22,0.9166,2672,0.21,0.875,169,0.21,0.875,1,0.215,0.8958,82,1
SPY190717C303,2019-07-15,2019-07-15 09:31:02,0.22,0.9166,3867,0.21,0.875,170,0.22,0.9166,5,0.215,0.8958,81,0
SPY190717C303,2019-07-15,2019-07-15 09:31:04,0.22,0.9166,2003,0.21,0.875,104,0.21,0.875,1,0.215,0.8958,82,0
SPY190717C303,2019-07-15,2019-07-15 09:31:04,0.22,0.9166,3764,0.21,0.875,104,0.21,0.875,1,0.215,0.8958,82,0
SPY190717C303,2019-07-15,2019-07-15 09:31:05,0.22,0.9166,3764,0.21,0.875,104,0.21,0.875,1,0.215,0.8958,82,0
SPY190717C303,2019-07-15,2019-07-15 09:31:06,0.22,0.9166,2669,0.21,0.875,104,0.21,0.875,1,0.215,0.8958,82,0
SPY190717C303,2019-07-15,2019-07-15 09:31:07,0.22,0.9166,2814,0.21,0.875,1,0.21,0.875,1,0.215,0.8958,82,0
SPY190717C303,2019-07-15,2019-07-15 09:31:07,0.22,0.9166,5057,0.21,0.875,1,0.21,0.875,1,0.215,0.8958,82,0
SPY190717C303,2019-07-15,2019-07-15 09:31:08,0.22,0.9166,2327,0.21,0.875,1,0.21,0.875,1,0.215,0.8958,82,0
SPY190717C303,2019-07-15,2019-07-15 09:31:08,0.22,0.9166,4128,0.21,0.875,1,0.21,0.875,1,0.215,0.8958,82,0
SPY190717C303,2019-07-15,2019-07-15 09:31:09,0.22,0.9166,4804,0.21,0.875,1,0.21,0.875,1,0.215,0.8958,82,0
SPY190717C303,2019-07-15,2019-07-15 09:31:10,0.22,0.9166,4763,0.21,0.875,54,0.21,0.875,1,0.215,0.8958,82,0
SPY190717C303,2019-07-15,2019-07-15 09:31:10,0.22,0.9166,4708,0.21,0.875,54,0.21,0.875,1,0.215,0.8958,82,0
SPY190717C303,2019-07-15,2019-07-15 09:31:11,0.22,0.9166,3356,0.21,0.875,1,0.21,0.875,1,0.215,0.8958,82,0
SPY190717C303,2019-07-15,2019-07-15 09:31:11,0.22,0.9166,4124,0.21,0.875,54,0.21,0.875,1,0.215,0.8958,82,0
SPY190717C303,2019-07-15,2019-07-15 09:31:12,0.22,0.9166,2863,0.21,0.875,54,0.21,0.875,1,0.215,0.8958,82,0
SPY190717C303,2019-07-15,2019-07-15 09:31:13,0.22,0.9166,4690,0.21,0.875,54,0.21,0.875,1,0.215,0.8958,82,0
SPY190717C303,2019-07-15,2019-07-15 09:31:13,0.22,0.9166,4534,0.21,0.875,54,0.21,0.875,1,0.215,0.8958,82,0
SPY190717C303,2019-07-15,2019-07-15 09:31:14,0.22,0.9166,4690,0.21,0.875,1,0.21,0.875,1,0.215,0.8958,82,0
SPY190717C303,2019-07-15,2019-07-15 09:31:14,0.22,0.9166,3164,0.21,0.875,54,0.21,0.875,1,0.215,0.8958,82,0
SPY190717C303,2019-07-15,2019-07-15 09:31:15,0.22,0.9166,2510,0.21,0.875,104,0.21,0.875,1,0.215,0.8958,82,0
SPY190717C303,2019-07-15,2019-07-15 09:31:16,0.22,0.9166,2354,0.21,0.875,104,0.21,0.875,1,0.215,0.8958,82,0
SPY190717C303,2019-07-15,2019-07-15 09:31:17,0.22,0.9166,3018,0.21,0.875,104,0.21,0.875,1,0.215,0.8958,82,0
SPY190717C303,2019-07-15,2019-07-15 09:31:17,0.22,0.9166,3044,0.21,0.875,104,0.21,0.875,1,0.215,0.8958,82,0
SPY190717C303,2019-07-15,2019-07-15 09:31:18,0.22,0.9166,2995,0.21,0.875,104,0.21,0.875,1,0.215,0.8958,82,0
SPY190717C303,2019-07-15,2019-07-15 09:31:18,0.22,0.9166,3026,0.21,0.875,104,0.21,0.875,1,0.215,0.8958,82,0
SPY190717C303,2019-07-15,2019-07-15 09:31:19,0.22,0.9166,2510,0.21,0.875,104,0.21,0.875,1,0.215,0.8958,82,0
SPY190717C303,2019-07-15,2019-07-15 09:31:20,0.22,0.9166,2510,0.21,0.875,104,0.21,0.875,1,0.215,0.8958,82,0
SPY190717C303,2019-07-15,2019-07-15 09:31:21,0.22,0.9166,2510,0.21,0.875,104,0.21,0.875,1,0.215,0.8958,82,0
SPY190717C303,2019-07-15,2019-07-15 09:31:21,0.22,0.9166,1413,0.21,0.875,104,0.21,0.875,1,0.215,0.8958,82,0
SPY190717C303,2019-07-15,2019-07-15 09:31:22,0.22,0.9166,3948,0.21,0.875,104,0.21,0.875,1,0.215,0.8958,82,0
SPY190717C303,2019-07-15,2019-07-15 09:31:22,0.22,0.9166,2758,0.21,0.875,104,0.21,0.875,1,0.215,0.8958,82,0
SPY190717C303,2019-07-15,2019-07-15 09:31:23,0.22,0.9166,4164,0.21,0.875,104,0.21,0.875,1,0.215,0.8958,82,0
SPY190717C303,2019-07-15,2019-07-15 09:31:23,0.22,0.9166,2576,0.21,0.875,104,0.21,0.875,1,0.215,0.8958,82,0
SPY190717C303,2019-07-15,2019-07-15 09:31:24,0.22,0.9166,5058,0.21,0.875,1,0.21,0.875,1,0.215,0.8958,82,0
SPY190717C303,2019-07-15,2019-07-15 09:31:25,0.22,0.9166,2669,0.21,0.875,54,0.21,0.875,1,0.215,0.8958,82,0
SPY190717C303,2019-07-15,2019-07-15 09:31:25,0.22,0.9166,4615,0.21,0.875,54,0.21,0.875,1,0.215,0.8958,82,0
SPY190717C303,2019-07-15,2019-07-15 09:31:26,0.22,0.9166,2767,0.21,0.875,1,0.21,0.875,1,0.215,0.8958,82,0
SPY190717C303,2019-07-15,2019-07-15 09:31:26,0.22,0.9166,2767,0.21,0.875,54,0.21,0.875,1,0.215,0.8958,82,0
SPY190717C303,2019-07-15,2019-07-15 09:31:27,0.22,0.9166,2937,0.21,0.875,54,0.21,0.875,1,0.215,0.8958,82,0
SPY190717C303,2019-07-15,2019-07-15 09:31:27,0.22,0.9166,2767,0.21,0.875,54,0.21,0.875,1,0.215,0.8958,82,0
SPY190717C303,2019-07-15,2019-07-15 09:31:28,0.22,0.9166,2833,0.21,0.875,215,0.21,0.875,1,0.215,0.8958,82,0
SPY190717C303,2019-07-15,2019-07-15 09:31:29,0.22,0.9166,2833,0.21,0.875,215,0.21,0.875,1,0.215,0.8958,82,0
SPY190717C303,2019-07-15,2019-07-15 09:31:30,0.22,0.9166,1746,0.21,0.875,305,0.21,0.875,1,0.215,0.8958,82,0
SPY190717C303,2019-07-15,2019-07-15 09:31:31,0.22,0.9166,2583,0.21,0.875,425,0.21,0.875,1,0.215,0.8958,82,0
SPY190717C303,2019-07-15,2019-07-15 09:31:32,0.22,0.9166,2583,0.21,0.875,425,0.21,0.875,1,0.215,0.8958,82,0
SPY190717C303,2019-07-15,2019-07-15 09:31:33,0.22,0.9166,2583,0.21,0.875,425,0.21,0.875,1,0.215,0.8958,82,0
SPY190717C303,2019-07-15,2019-07-15 09:31:34,0.22,0.9166,2244,0.21,0.875,425,0.21,0.875,1,0.215,0.8958,82,0
SPY190717C303,2019-07-15,2019-07-15 09:31:34,0.22,0.9166,1684,0.21,0.875,100,0.21,0.875,1,0.215,0.8958,82,0
SPY190717C303,2019-07-15,2019-07-15 09:31:35,0.22,0.9166,1483,0.21,0.875,305,0.21,0.875,1,0.215,0.8958,82,0
SPY190717C303,2019-07-15,2019-07-15 09:31:36,0.22,0.9166,1771,0.21,0.875,305,0.21,0.875,1,0.215,0.8958,82,0
SPY190717C303,2019-07-15,2019-07-15 09:31:37,0.22,0.9166,2577,0.21,0.875,415,0.21,0.875,1,0.215,0.8958,82,0
SPY190717C303,2019-07-15,2019-07-15 09:31:37,0.22,0.9166,1771,0.21,0.875,415,0.21,0.875,1,0.215,0.8958,82,0
SPY190717C303,2019-07-15,2019-07-15 09:31:43,0.22,0.9166,2629,0.21,0.875,305,0.21,0.875,1,0.215,0.8958,82,0
SPY190717C303,2019-07-15,2019-07-15 09:31:44,0.22,0.9166,2629,0.21,0.875,305,0.21,0.875,1,0.215,0.8958,82,0
SPY190717C303,2019-07-15,2019-07-15 09:31:45,0.22,0.9166,2629,0.21,0.875,305,0.21,0.875,1,0.215,0.8958,82,0
SPY190717C303,2019-07-15,2019-07-15 09:31:47,0.22,0.9166,549,0.21,0.875,871,0.21,0.875,1,0.215,0.8958,82,0
SPY190717C303,2019-07-15,2019-07-15 09:31:47,0.22,0.9166,638,0.21,0.875,871,0.21,0.875,1,0.215,0.8958,82,0
SPY190717C303,2019-07-15,2019-07-15 09:31:48,0.22,0.9166,1854,0.21,0.875,482,0.21,0.875,1,0.215,0.8958,82,0
SPY190717C303,2019-07-15,2019-07-15 09:31:49,0.22,0.9166,2335,0.21,0.875,977,0.21,0.875,1,0.215,0.8958,82,0
SPY190717C303,2019-07-15,2019-07-15 09:31:49,0.22,0.9166,2305,0.21,0.875,1243,0.21,0.875,1,0.215,0.8958,82,0
SPY190717C303,2019-07-15,2019-07-15 09:31:50,0.22,0.9166,2335,0.21,0.875,977,0.21,0.875,1,0.215,0.8958,82,0
SPY190717C303,2019-07-15,2019-07-15 09:31:51,0.22,0.9166,2409,0.21,0.875,977,0.21,0.875,1,0.215,0.8958,82,0
SPY190717C303,2019-07-15,2019-07-15 09:31:52,0.22,0.9166,2366,0.21,0.875,977,0.21,0.875,1,0.215,0.8958,82,0
SPY190717C303,2019-07-15,2019-07-15 09:31:53,0.22,0.9166,2366,0.21,0.875,977,0.21,0.875,1,0.215,0.8958,82,0
SPY190717C303,2019-07-15,2019-07-15 09:31:54,0.22,0.9166,2366,0.21,0.875,977,0.21,0.875,1,0.215,0.8958,82,0
SPY190717C303,2019-07-15,2019-07-15 09:31:54,0.22,0.9166,2442,0.21,0.875,971,0.21,0.875,1,0.215,0.8958,82,0
SPY190717C303,2019-07-15,2019-07-15 09:31:55,0.22,0.9166,2442,0.21,0.875,971,0.21,0.875,1,0.215,0.8958,82,0
SPY190717C303,2019-07-15,2019-07-15 09:31:55,0.22,0.9166,397,0.21,0.875,1695,0.21,0.875,1,0.215,0.8958,82,0
SPY190717C303,2019-07-15,2019-07-15 09:31:56,0.22,0.9166,375,0.21,0.875,2488,0.21,0.875,1,0.215,0.8958,82,0
SPY190717C303,2019-07-15,2019-07-15 09:31:56,0.22,0.9166,375,0.21,0.875,1945,0.21,0.875,1,0.215,0.8958,82,0
SPY190717C303,2019-07-15,2019-07-15 09:31:57,0.22,0.9166,375,0.21,0.875,1867,0.21,0.875,1,0.215,0.8958,82,0
SPY190717C303,2019-07-15,2019-07-15 09:31:58,0.22,0.9166,90,0.21,0.875,2318,0.21,0.875,1,0.215,0.8958,82,0
SPY190717C303,2019-07-15,2019-07-15 09:31:58,0.22,0.9166,5,0.21,0.875,2405,0.21,0.875,1,0.215,0.8958,82,0
SPY190717C303,2019-07-15,2019-07-15 09:31:59,0.22,0.9166,5,0.21,0.875,2790,0.21,0.875,1,0.215,0.8958,82,0
SPY190717C303,2019-07-15,2019-07-15 09:32:00,0.22,0.9166,50,0.21,0.875,2907,0.22,0.9166,20,0.215,0.8958,102,20
SPY190717C303,2019-07-15,2019-07-15 09:32:00,0.22,0.9166,5,0.21,0.875,2790,0.21,0.875,1,0.215,0.8958,82,0
SPY190717C303,2019-07-15,2019-07-15 09:32:01,0.22,0.9166,217,0.21,0.875,2907,0.22,0.9166,20,0.215,0.8958,102,0
SPY190717C303,2019-07-15,2019-07-15 09:32:02,0.22,0.9166,581,0.21,0.875,2318,0.22,0.9166,20,0.215,0.8958,102,0
SPY190717C303,2019-07-15,2019-07-15 09:32:02,0.22,0.9166,489,0.21,0.875,1386,0.22,0.9166,20,0.215,0.8958,102,0
SPY190717C303,2019-07-15,2019-07-15 09:32:03,0.22,0.9166,314,0.21,0.875,1309,0.22,0.9166,20,0.215,0.8958,102,0
SPY190717C303,2019-07-15,2019-07-15 09:32:03,0.22,0.9166,612,0.21,0.875,2268,0.22,0.9166,20,0.215,0.8958,102,0
SPY190717C303,2019-07-15,2019-07-15 09:32:04,0.22,0.9166,314,0.21,0.875,2073,0.22,0.9166,20,0.215,0.8958,102,0
SPY190717C303,2019-07-15,2019-07-15 09:32:05,0.22,0.9166,326,0.21,0.875,2741,0.22,0.9166,20,0.215,0.8958,102,0
SPY190717C303,2019-07-15,2019-07-15 09:32:05,0.22,0.9166,314,0.21,0.875,883,0.22,0.9166,20,0.215,0.8958,102,0
SPY190717C303,2019-07-15,2019-07-15 09:32:06,0.22,0.9166,326,0.21,0.875,2759,0.22,0.9166,20,0.215,0.8958,102,0
SPY190717C303,2019-07-15,2019-07-15 09:32:06,0.22,0.9166,326,0.21,0.875,1588,0.22,0.9166,20,0.215,0.8958,102,0
SPY190717C303,2019-07-15,2019-07-15 09:32:07,0.22,0.9166,326,0.21,0.875,1588,0.22,0.9166,20,0.215,0.8958,102,0
SPY190717C303,2019-07-15,2019-07-15 09:32:08,0.22,0.9166,326,0.21,0.875,1588,0.22,0.9166,20,0.215,0.8958,102,0
SPY190717C303,2019-07-15,2019-07-15 09:32:08,0.22,0.9166,1229,0.21,0.875,2384,0.22,0.9166,20,0.215,0.8958,102,0
SPY190717C303,2019-07-15,2019-07-15 09:32:09,0.22,0.9166,1299,0.21,0.875,2384,0.22,0.9166,20,0.215,0.8958,102,0
SPY190717C303,2019-07-15,2019-07-15 09:32:09,0.22,0.9166,1850,0.21,0.875,5,0.22,0.9166,20,0.215,0.8958,102,0
SPY190717C303,2019-07-15,2019-07-15 09:32:10,0.22,0.9166,1984,0.21,0.875,297,0.22,0.9166,20,0.215,0.8958,102,0
SPY190717C303,2019-07-15,2019-07-15 09:32:10,0.22,0.9166,1098,0.21,0.875,5,0.22,0.9166,20,0.215,0.8958,102,0
SPY190717C303,2019-07-15,2019-07-15 09:32:11,0.22,0.9166,1984,0.21,0.875,297,0.22,0.9166,20,0.215,0.8958,102,0
SPY190717C303,2019-07-15,2019-07-15 09:32:12,0.22,0.9166,1552,0.21,0.875,1044,0.22,0.9166,20,0.215,0.8958,102,0
SPY190717C303,2019-07-15,2019-07-15 09:32:12,0.22,0.9166,1764,0.21,0.875,1044,0.22,0.9166,20,0.215,0.8958,102,0
SPY190717C303,2019-07-15,2019-07-15 09:32:13,0.22,0.9166,1584,0.21,0.875,1044,0.22,0.9166,20,0.215,0.8958,102,0
SPY190717C303,2019-07-15,2019-07-15 09:32:14,0.22,0.9166,1661,0.21,0.875,1044,0.22,0.9166,20,0.215,0.8958,102,0
SPY190717C303,2019-07-15,2019-07-15 09:32:15,0.22,0.9166,1942,0.21,0.875,305,0.22,0.9166,20,0.215,0.8958,102,0
SPY190717C303,2019-07-15,2019-07-15 09:32:15,0.22,0.9166,1661,0.21,0.875,322,0.22,0.9166,20,0.215,0.8958,102,0
SPY190717C303,2019-07-15,2019-07-15 09:32:16,0.22,0.9166,1684,0.21,0.875,305,0.22,0.9166,20,0.215,0.8958,102,0
SPY190717C303,2019-07-15,2019-07-15 09:32:16,0.22,0.9166,1436,0.21,0.875,5,0.22,0.9166,20,0.215,0.8958,102,0
SPY190717C303,2019-07-15,2019-07-15 09:32:17,0.22,0.9166,1726,0.21,0.875,5,0.22,0.9166,20,0.215,0.8958,102,0
SPY190717C303,2019-07-15,2019-07-15 09:32:17,0.22,0.9166,1675,0.21,0.875,5,0.22,0.9166,20,0.215,0.8958,102,0
SPY190717C303,2019-07-15,2019-07-15 09:32:18,0.22,0.9166,1533,0.21,0.875,1,0.22,0.9166,20,0.215,0.8958,102,0
SPY190717C303,2019-07-15,2019-07-15 09:32:19,0.22,0.9166,2027,0.21,0.875,1,0.22,0.9166,20,0.215,0.8958,102,0
SPY190717C303,2019-07-15,2019-07-15 09:32:19,0.22,0.9166,1690,0.21,0.875,1,0.22,0.9166,20,0.215,0.8958,102,0
SPY190717C303,2019-07-15,2019-07-15 09:32:20,0.22,0.9166,2027,0.21,0.875,194,0.22,0.9166,20,0.215,0.8958,102,0
SPY190717C303,2019-07-15,2019-07-15 09:32:21,0.22,0.9166,2027,0.21,0.875,194,0.22,0.9166,20,0.215,0.8958,102,0
SPY190717C303,2019-07-15,2019-07-15 09:32:22,0.22,0.9166,2559,0.21,0.875,194,0.22,0.9166,20,0.215,0.8958,102,0
SPY190717C303,2019-07-15,2019-07-15 09:32:23,0.22,0.9166,2414,0.21,0.875,24,0.22,0.9166,20,0.215,0.8958,102,0
SPY190717C303,2019-07-15,2019-07-15 09:32:24,0.22,0.9166,1663,0.21,0.875,266,0.22,0.9166,20,0.215,0.8958,102,0
SPY190717C303,2019-07-15,2019-07-15 09:32:24,0.22,0.9166,1923,0.21,0.875,266,0.22,0.9166,20,0.215,0.8958,102,0
SPY190717C303,2019-07-15,2019-07-15 09:32:25,0.22,0.9166,1513,0.21,0.875,188,0.22,0.9166,20,0.215,0.8958,102,0
SPY190717C303,2019-07-15,2019-07-15 09:32:25,0.22,0.9166,1513,0.21,0.875,866,0.22,0.9166,20,0.215,0.8958,102,0
SPY190717C303,2019-07-15,2019-07-15 09:32:26,0.22,0.9166,1513,0.21,0.875,983,0.22,0.9166,20,0.215,0.8958,102,0
SPY190717C303,2019-07-15,2019-07-15 09:32:26,0.22,0.9166,2163,0.21,0.875,100,0.22,0.9166,20,0.215,0.8958,102,0
SPY190717C303,2019-07-15,2019-07-15 09:32:27,0.22,0.9166,2655,0.21,0.875,100,0.22,0.9166,20,0.215,0.8958,102,0
SPY190717C303,2019-07-15,2019-07-15 09:32:28,0.22,0.9166,2655,0.21,0.875,100,0.22,0.9166,20,0.215,0.8958,102,0
SPY190717C303,2019-07-15,2019-07-15 09:32:29,0.22,0.9166,2632,0.21,0.875,100,0.22,0.9166,20,0.215,0.8958,102,0
SPY190717C303,2019-07-15,2019-07-15 09:32:29,0.22,0.9166,3127,0.21,0.875,100,0.22,0.9166,20,0.215,0.8958,102,0
SPY190717C303,2019-07-15,2019-07-15 09:32:30,0.22,0.9166,3093,0.21,0.875,100,0.22,0.9166,20,0.215,0.8958,102,0
SPY190717C303,2019-07-15,2019-07-15 09:32:31,0.21,0.875,100,0.2,0.8333,2860,0.21,0.875,1,0.205,0.8541,103,0
SPY190717C303,2019-07-15,2019-07-15 09:32:31,0.21,0.875,100,0.2,0.8333,2860,0.21,0.875,1,0.205,0.8541,103,1
SPY190717C303,2019-07-15,2019-07-15 09:32:32,0.21,0.875,100,0.2,0.8333,2860,0.21,0.875,1,0.205,0.8541,103,0
SPY190717C303,2019-07-15,2019-07-15 09:32:33,0.21,0.875,100,0.2,0.8333,2808,0.21,0.875,1,0.205,0.8541,103,0
SPY190717C303,2019-07-15,2019-07-15 09:32:34,0.21,0.875,100,0.2,0.8333,2926,0.21,0.875,1,0.205,0.8541,103,0
SPY190717C303,2019-07-15,2019-07-15 09:32:35,0.21,0.875,595,0.2,0.8333,2496,0.21,0.875,1,0.205,0.8541,103,0
SPY190717C303,2019-07-15,2019-07-15 09:32:36,0.21,0.875,595,0.2,0.8333,2416,0.21,0.875,1,0.205,0.8541,103,0
SPY190717C303,2019-07-15,2019-07-15 09:32:37,0.21,0.875,1306,0.2,0.8333,2666,0.21,0.875,1,0.205,0.8541,103,0
SPY190717C303,2019-07-15,2019-07-15 09:32:37,0.21,0.875,1540,0.2,0.8333,2666,0.21,0.875,1,0.205,0.8541,103,0
SPY190717C303,2019-07-15,2019-07-15 09:32:38,0.21,0.875,1372,0.2,0.8333,2666,0.21,0.875,1,0.205,0.8541,103,0
SPY190717C303,2019-07-15,2019-07-15 09:32:39,0.21,0.875,2100,0.2,0.8333,1793,0.21,0.875,1,0.205,0.8541,103,0
SPY190717C303,2019-07-15,2019-07-15 09:32:39,0.21,0.875,1372,0.2,0.8333,2666,0.21,0.875,1,0.205,0.8541,103,0
SPY190717C303,2019-07-15,2019-07-15 09:32:40,0.21,0.875,1849,0.2,0.8333,695,0.21,0.875,1,0.205,0.8541,103,0
SPY190717C303,2019-07-15,2019-07-15 09:32:40,0.21,0.875,854,0.2,0.8333,1501,0.21,0.875,1,0.205,0.8541,103,0
SPY190717C303,2019-07-15,2019-07-15 09:32:41,0.21,0.875,1461,0.2,0.8333,1442,0.21,0.875,1,0.205,0.8541,103,0
SPY190717C303,2019-07-15,2019-07-15 09:32:42,0.21,0.875,1535,0.2,0.8333,1770,0.21,0.875,1,0.205,0.8541,103,0
SPY190717C303,2019-07-15,2019-07-15 09:32:42,0.21,0.875,1461,0.2,0.8333,2101,0.21,0.875,1,0.205,0.8541,103,0
SPY190717C303,2019-07-15,2019-07-15 09:32:43,0.21,0.875,2522,0.2,0.8333,1770,0.21,0.875,1,0.205,0.8541,103,0
SPY190717C303,2019-07-15,2019-07-15 09:32:44,0.21,0.875,2392,0.2,0.8333,1347,0.21,0.875,1,0.205,0.8541,103,0
SPY190717C303,2019-07-15,2019-07-15 09:32:45,0.21,0.875,2335,0.2,0.8333,1502,0.21,0.875,1,0.205,0.8541,103,0
SPY190717C303,2019-07-15,2019-07-15 09:32:45,0.21,0.875,1567,0.2,0.8333,1502,0.21,0.875,1,0.205,0.8541,103,0
SPY190717C303,2019-07-15,2019-07-15 09:32:46,0.21,0.875,2335,0.2,0.8333,1502,0.21,0.875,1,0.205,0.8541,103,0
SPY190717C303,2019-07-15,2019-07-15 09:32:46,0.21,0.875,2267,0.2,0.8333,1064,0.21,0.875,1,0.205,0.8541,103,0
SPY190717C303,2019-07-15,2019-07-15 09:32:47,0.21,0.875,1522,0.2,0.8333,1064,0.21,0.875,1,0.205,0.8541,103,0
SPY190717C303,2019-07-15,2019-07-15 09:32:47,0.21,0.875,2267,0.2,0.8333,1064,0.21,0.875,1,0.205,0.8541,103,0
SPY190717C303,2019-07-15,2019-07-15 09:32:48,0.21,0.875,2503,0.2,0.8333,1267,0.21,0.875,1,0.205,0.8541,103,0
SPY190717C303,2019-07-15,2019-07-15 09:32:49,0.21,0.875,2386,0.2,0.8333,858,0.21,0.875,1,0.205,0.8541,103,0
SPY190717C303,2019-07-15,2019-07-15 09:32:49,0.21,0.875,1266,0.2,0.8333,858,0.21,0.875,1,0.205,0.8541,103,0
SPY190717C303,2019-07-15,2019-07-15 09:32:50,0.21,0.875,2433,0.2,0.8333,985,0.21,0.875,1,0.205,0.8541,103,0
SPY190717C303,2019-07-15,2019-07-15 09:32:50,0.21,0.875,2386,0.2,0.8333,985,0.21,0.875,1,0.205,0.8541,103,0
SPY190717C303,2019-07-15,2019-07-15 09:32:51,0.21,0.875,2386,0.2,0.8333,985,0.2,0.8333,1,0.205,0.8541,104,1
SPY190717C303,2019-07-15,2019-07-15 09:32:51,0.21,0.875,2386,0.2,0.8333,415,0.2,0.8333,1,0.205,0.8541,104,0
SPY190717C303,2019-07-15,2019-07-15 09:32:52,0.21,0.875,2443,0.2,0.8333,415,0.2,0.8333,1,0.205,0.8541,104,0
SPY190717C303,2019-07-15,2019-07-15 09:32:53,0.21,0.875,2440,0.2,0.8333,980,0.2,0.8333,1,0.205,0.8541,104,0
SPY190717C303,2019-07-15,2019-07-15 09:32:54,0.21,0.875,1666,0.2,0.8333,445,0.2,0.8333,1,0.205,0.8541,104,0
SPY190717C303,2019-07-15,2019-07-15 09:32:54,0.21,0.875,1803,0.2,0.8333,415,0.2,0.8333,1,0.205,0.8541,104,0
SPY190717C303,2019-07-15,2019-07-15 09:32:55,0.2,0.8333,5,0.19,0.7916,2114,0.2,0.8333,1,0.195,0.8125,104,0
SPY190717C303,2019-07-15,2019-07-15 09:32:55,0.21,0.875,1989,0.2,0.8333,123,0.2,0.8333,1,0.205,0.8541,104,0
SPY190717C303,2019-07-15,2019-07-15 09:32:56,0.2,0.8333,5,0.19,0.7916,2114,0.2,0.8333,1,0.195,0.8125,104,0
SPY190717C303,2019-07-15,2019-07-15 09:32:57,0.2,0.8333,5,0.19,0.7916,3139,0.2,0.8333,1,0.195,0.8125,104,0
SPY190717C303,2019-07-15,2019-07-15 09:32:58,0.21,0.875,2470,0.19,0.7916,2908,0.2,0.8333,2,0.2,0.8333,106,2
SPY190717C303,2019-07-15,2019-07-15 09:32:58,0.2,0.8333,5,0.19,0.7916,3139,0.2,0.8333,1,0.195,0.8125,104,0
SPY190717C303,2019-07-15,2019-07-15 09:32:59,0.2,0.8333,2294,0.19,0.7916,163,0.2,0.8333,2,0.195,0.8125,106,0
SPY190717C303,2019-07-15,2019-07-15 09:33:00,0.2,0.8333,2656,0.19,0.7916,5,0.2,0.8333,2,0.195,0.8125,106,0
SPY190717C303,2019-07-15,2019-07-15 09:33:00,0.2,0.8333,2113,0.19,0.7916,163,0.2,0.8333,2,0.195,0.8125,106,0
SPY190717C303,2019-07-15,2019-07-15 09:33:01,0.2,0.8333,2875,0.19,0.7916,5,0.2,0.8333,2,0.195,0.8125,106,0
SPY190717C303,2019-07-15,2019-07-15 09:33:01,0.2,0.8333,741,0.19,0.7916,896,0.2,0.8333,2,0.195,0.8125,106,0
SPY190717C303,2019-07-15,2019-07-15 09:33:02,0.2,0.8333,1438,0.19,0.7916,1090,0.2,0.8333,2,0.195,0.8125,106,0
SPY190717C303,2019-07-15,2019-07-15 09:33:02,0.2,0.8333,1090,0.19,0.7916,305,0.2,0.8333,2,0.195,0.8125,106,0
SPY190717C303,2019-07-15,2019-07-15 09:33:03,0.2,0.8333,1356,0.19,0.7916,911,0.2,0.8333,2,0.195,0.8125,106,0
SPY190717C303,2019-07-15,2019-07-15 09:33:03,0.2,0.8333,959,0.19,0.7916,858,0.2,0.8333,2,0.195,0.8125,106,0
SPY190717C303,2019-07-15,2019-07-15 09:33:04,0.2,0.8333,970,0.19,0.7916,1535,0.2,0.8333,2,0.195,0.8125,106,0
SPY190717C303,2019-07-15,2019-07-15 09:33:05,0.2,0.8333,913,0.19,0.7916,1681,0.2,0.8333,2,0.195,0.8125,106,0
SPY190717C303,2019-07-15,2019-07-15 09:33:06,0.2,0.8333,999,0.19,0.7916,840,0.2,0.8333,2,0.195,0.8125,106,0
SPY190717C303,2019-07-15,2019-07-15 09:33:06,0.2,0.8333,1360,0.19,0.7916,1252,0.2,0.8333,2,0.195,0.8125,106,0
SPY190717C303,2019-07-15,2019-07-15 09:33:07,0.2,0.8333,647,0.19,0.7916,1571,0.2,0.8333,2,0.195,0.8125,106,0
SPY190717C303,2019-07-15,2019-07-15 09:33:08,0.2,0.8333,647,0.19,0.7916,1571,0.2,0.8333,2,0.195,0.8125,106,0
SPY190717C303,2019-07-15,2019-07-15 09:33:08,0.2,0.8333,647,0.19,0.7916,1770,0.2,0.8333,2,0.195,0.8125,106,0
SPY190717C303,2019-07-15,2019-07-15 09:33:09,0.2,0.8333,746,0.19,0.7916,2808,0.19,0.7916,4,0.195,0.8125,110,0
SPY190717C303,2019-07-15,2019-07-15 09:33:09,0.2,0.8333,746,0.19,0.7916,2638,0.19,0.7916,4,0.195,0.8125,110,4
SPY190717C303,2019-07-15,2019-07-15 09:33:10,0.2,0.8333,916,0.19,0.7916,2808,0.19,0.7916,4,0.195,0.8125,110,0
SPY190717C303,2019-07-15,2019-07-15 09:33:11,0.2,0.8333,1958,0.19,0.7916,1116,0.19,0.7916,4,0.195,0.8125,110,0
SPY190717C303,2019-07-15,2019-07-15 09:33:11,0.2,0.8333,1474,0.19,0.7916,1623,0.19,0.7916,4,0.195,0.8125,110,0
SPY190717C303,2019-07-15,2019-07-15 09:33:12,0.2,0.8333,1275,0.19,0.7916,2027,0.19,0.7916,4,0.195,0.8125,110,0
SPY190717C303,2019-07-15,2019-07-15 09:33:12,0.2,0.8333,1374,0.19,0.7916,1118,0.19,0.7916,4,0.195,0.8125,110,0
SPY190717C303,2019-07-15,2019-07-15 09:33:13,0.2,0.8333,2417,0.19,0.7916,1579,0.19,0.7916,4,0.195,0.8125,110,0
SPY190717C303,2019-07-15,2019-07-15 09:33:13,0.2,0.8333,1275,0.19,0.7916,2027,0.19,0.7916,4,0.195,0.8125,110,0
SPY190717C303,2019-07-15,2019-07-15 09:33:14,0.2,0.8333,944,0.19,0.7916,541,0.19,0.7916,4,0.195,0.8125,110,0
SPY190717C303,2019-07-15,2019-07-15 09:33:14,0.2,0.8333,297,0.19,0.7916,3362,0.19,0.7916,4,0.195,0.8125,110,0
SPY190717C303,2019-07-15,2019-07-15 09:33:15,0.2,0.8333,297,0.19,0.7916,3524,0.19,0.7916,4,0.195,0.8125,110,0
SPY190717C303,2019-07-15,2019-07-15 09:33:16,0.2,0.8333,184,0.19,0.7916,3524,0.19,0.7916,4,0.195,0.8125,110,0
SPY190717C303,2019-07-15,2019-07-15 09:33:16,0.2,0.8333,184,0.19,0.7916,3524,0.19,0.7916,1,0.195,0.8125,111,1
SPY190717C303,2019-07-15,2019-07-15 09:33:17,0.2,0.8333,184,0.19,0.7916,3524,0.19,0.7916,1,0.195,0.8125,111,0
SPY190717C303,2019-07-15,2019-07-15 09:33:18,0.2,0.8333,184,0.19,0.7916,2211,0.19,0.7916,1,0.195,0.8125,111,0
SPY190717C303,2019-07-15,2019-07-15 09:33:19,0.2,0.8333,2,0.19,0.7916,3693,0.19,0.7916,1,0.195,0.8125,111,0
SPY190717C303,2019-07-15,2019-07-15 09:33:20,0.2,0.8333,2,0.19,0.7916,1168,0.19,0.7916,1,0.195,0.8125,111,0
SPY190717C303,2019-07-15,2019-07-15 09:33:20,0.2,0.8333,245,0.19,0.7916,1526,0.19,0.7916,1,0.195,0.8125,111,0
SPY190717C303,2019-07-15,2019-07-15 09:33:21,0.2,0.8333,506,0.19,0.7916,1883,0.19,0.7916,1,0.195,0.8125,111,0
SPY190717C303,2019-07-15,2019-07-15 09:33:21,0.2,0.8333,708,0.19,0.7916,1883,0.19,0.7916,1,0.195,0.8125,111,0
SPY190717C303,2019-07-15,2019-07-15 09:33:22,0.2,0.8333,708,0.19,0.7916,1883,0.19,0.7916,1,0.195,0.8125,111,0
SPY190717C303,2019-07-15,2019-07-15 09:33:23,0.2,0.8333,708,0.19,0.7916,1883,0.19,0.7916,1,0.195,0.8125,111,0
SPY190717C303,2019-07-15,2019-07-15 09:33:23,0.2,0.8333,708,0.19,0.7916,2426,0.19,0.7916,1,0.195,0.8125,111,0
SPY190717C303,2019-07-15,2019-07-15 09:33:24,0.2,0.8333,708,0.19,0.7916,2426,0.19,0.7916,2,0.195,0.8125,113,2
SPY190717C303,2019-07-15,2019-07-15 09:33:24,0.2,0.8333,708,0.19,0.7916,2426,0.19,0.7916,2,0.195,0.8125,113,0
SPY190717C303,2019-07-15,2019-07-15 09:33:25,0.2,0.8333,708,0.19,0.7916,2863,0.19,0.7916,2,0.195,0.8125,113,0
SPY190717C303,2019-07-15,2019-07-15 09:33:25,0.2,0.8333,415,0.19,0.7916,2863,0.19,0.7916,2,0.195,0.8125,113,0
SPY190717C303,2019-07-15,2019-07-15 09:33:26,0.2,0.8333,718,0.19,0.7916,1810,0.19,0.7916,2,0.195,0.8125,113,0
SPY190717C303,2019-07-15,2019-07-15 09:33:27,0.2,0.8333,852,0.19,0.7916,1443,0.19,0.7916,2,0.195,0.8125,113,0
SPY190717C303,2019-07-15,2019-07-15 09:33:27,0.2,0.8333,852,0.19,0.7916,1462,0.19,0.7916,2,0.195,0.8125,113,0
SPY190717C303,2019-07-15,2019-07-15 09:33:28,0.2,0.8333,1293,0.19,0.7916,1443,0.19,0.7916,2,0.195,0.8125,113,0
SPY190717C303,2019-07-15,2019-07-15 09:33:28,0.2,0.8333,852,0.19,0.7916,1443,0.19,0.7916,2,0.195,0.8125,113,0
SPY190717C303,2019-07-15,2019-07-15 09:33:29,0.2,0.8333,1840,0.19,0.7916,1443,0.19,0.7916,2,0.195,0.8125,113,0
SPY190717C303,2019-07-15,2019-07-15 09:33:29,0.2,0.8333,2850,0.19,0.7916,1,0.19,0.7916,2,0.195,0.8125,113,0
SPY190717C303,2019-07-15,2019-07-15 09:33:30,0.2,0.8333,2957,0.19,0.7916,1,0.19,0.7916,2,0.195,0.8125,113,0
SPY190717C303,2019-07-15,2019-07-15 09:33:31,0.2,0.8333,2296,0.19,0.7916,1,0.19,0.7916,2,0.195,0.8125,113,0
SPY190717C303,2019-07-15,2019-07-15 09:33:31,0.2,0.8333,3029,0.19,0.7916,52,0.19,0.7916,2,0.195,0.8125,113,0
SPY190717C303,2019-07-15,2019-07-15 09:33:32,0.2,0.8333,2602,0.19,0.7916,313,0.19,0.7916,2,0.195,0.8125,113,0
SPY190717C303,2019-07-15,2019-07-15 09:33:32,0.2,0.8333,2602,0.19,0.7916,432,0.19,0.7916,2,0.195,0.8125,113,0
SPY190717C303,2019-07-15,2019-07-15 09:33:33,0.2,0.8333,1813,0.19,0.7916,108,0.19,0.7916,2,0.195,0.8125,113,0
SPY190717C303,2019-07-15,2019-07-15 09:33:34,0.2,0.8333,2070,0.19,0.7916,382,0.19,0.7916,2,0.195,0.8125,113,0
SPY190717C303,2019-07-15,2019-07-15 09:33:34,0.2,0.8333,1939,0.19,0.7916,382,0.19,0.7916,2,0.195,0.8125,113,0
SPY190717C303,2019-07-15,2019-07-15 09:33:35,0.2,0.8333,3054,0.19,0.7916,1,0.19,0.7916,2,0.195,0.8125,113,0
SPY190717C303,2019-07-15,2019-07-15 09:33:35,0.2,0.8333,1939,0.19,0.7916,382,0.19,0.7916,2,0.195,0.8125,113,0
SPY190717C303,2019-07-15,2019-07-15 09:33:36,0.2,0.8333,3235,0.19,0.7916,1,0.19,0.7916,2,0.195,0.8125,113,0
SPY190717C303,2019-07-15,2019-07-15 09:33:36,0.2,0.8333,3206,0.19,0.7916,1,0.19,0.7916,2,0.195,0.8125,113,0
SPY190717C303,2019-07-15,2019-07-15 09:33:37,0.2,0.8333,3206,0.19,0.7916,1,0.19,0.7916,2,0.195,0.8125,113,0
SPY190717C303,2019-07-15,2019-07-15 09:33:38,0.2,0.8333,3206,0.19,0.7916,1,0.19,0.7916,2,0.195,0.8125,113,0
SPY190717C303,2019-07-15,2019-07-15 09:33:39,0.2,0.8333,3206,0.19,0.7916,1,0.19,0.7916,2,0.195,0.8125,113,0
SPY190717C303,2019-07-15,2019-07-15 09:33:40,0.2,0.8333,3206,0.19,0.7916,54,0.19,0.7916,2,0.195,0.8125,113,0
SPY190717C303,2019-07-15,2019-07-15 09:33:41,0.2,0.8333,3206,0.19,0.7916,1,0.19,0.7916,2,0.195,0.8125,113,0
SPY190717C303,2019-07-15,2019-07-15 09:33:42,0.2,0.8333,3206,0.19,0.7916,1,0.19,0.7916,2,0.195,0.8125,113,0
SPY190717C303,2019-07-15,2019-07-15 09:33:43,0.2,0.8333,3206,0.19,0.7916,1,0.19,0.7916,2,0.195,0.8125,113,0
SPY190717C303,2019-07-15,2019-07-15 09:33:43,0.2,0.8333,1478,0.19,0.7916,1,0.19,0.7916,2,0.195,0.8125,113,0
SPY190717C303,2019-07-15,2019-07-15 09:33:44,0.2,0.8333,3215,0.19,0.7916,1,0.19,0.7916,2,0.195,0.8125,113,0
SPY190717C303,2019-07-15,2019-07-15 09:33:45,0.2,0.8333,3400,0.19,0.7916,1,0.19,0.7916,2,0.195,0.8125,113,0
SPY190717C303,2019-07-15,2019-07-15 09:33:46,0.2,0.8333,3400,0.19,0.7916,1,0.19,0.7916,2,0.195,0.8125,113,0
SPY190717C303,2019-07-15,2019-07-15 09:33:47,0.2,0.8333,3400,0.19,0.7916,1,0.19,0.7916,2,0.195,0.8125,113,0
SPY190717C303,2019-07-15,2019-07-15 09:33:48,0.2,0.8333,3988,0.19,0.7916,1,0.19,0.7916,2,0.195,0.8125,113,0
SPY190717C303,2019-07-15,2019-07-15 09:33:49,0.19,0.7916,1010,0.18,0.75,457,0.19,0.7916,1,0.185,0.7708,116,3
SPY190717C303,2019-07-15,2019-07-15 09:33:50,0.19,0.7916,3442,0.18,0.75,696,0.19,0.7916,1,0.185,0.7708,116,0
SPY190717C303,2019-07-15,2019-07-15 09:33:50,0.19,0.7916,3182,0.18,0.75,54,0.19,0.7916,1,0.185,0.7708,116,0
SPY190717C303,2019-07-15,2019-07-15 09:33:51,0.19,0.7916,3204,0.18,0.75,54,0.19,0.7916,1,0.185,0.7708,116,0
SPY190717C303,2019-07-15,2019-07-15 09:33:51,0.19,0.7916,2199,0.17,0.7083,2716,0.19,0.7916,1,0.18,0.75,116,0
SPY190717C303,2019-07-15,2019-07-15 09:33:52,0.18,0.75,325,0.17,0.7083,3888,0.19,0.7916,1,0.175,0.7291,117,1
SPY190717C303,2019-07-15,2019-07-15 09:33:53,0.18,0.75,325,0.17,0.7083,2467,0.19,0.7916,1,0.175,0.7291,117,0
SPY190717C303,2019-07-15,2019-07-15 09:33:53,0.18,0.75,483,0.17,0.7083,3594,0.19,0.7916,1,0.175,0.7291,117,0
SPY190717C303,2019-07-15,2019-07-15 09:33:54,0.18,0.75,625,0.17,0.7083,3413,0.19,0.7916,1,0.175,0.7291,117,0
SPY190717C303,2019-07-15,2019-07-15 09:33:54,0.18,0.75,483,0.17,0.7083,3594,0.19,0.7916,1,0.175,0.7291,117,0
SPY190717C303,2019-07-15,2019-07-15 09:33:55,0.18,0.75,2568,0.17,0.7083,2922,0.19,0.7916,1,0.175,0.7291,117,0
SPY190717C303,2019-07-15,2019-07-15 09:33:55,0.18,0.75,1861,0.17,0.7083,2017,0.19,0.7916,1,0.175,0.7291,117,0
SPY190717C303,2019-07-15,2019-07-15 09:33:56,0.18,0.75,1861,0.17,0.7083,2017,0.19,0.7916,1,0.175,0.7291,117,0
SPY190717C303,2019-07-15,2019-07-15 09:33:57,0.18,0.75,1994,0.17,0.7083,106,0.19,0.7916,1,0.175,0.7291,117,0
SPY190717C303,2019-07-15,2019-07-15 09:33:57,0.18,0.75,3222,0.17,0.7083,1203,0.17,0.7083,20,0.175,0.7291,137,20
SPY190717C303,2019-07-15,2019-07-15 09:33:58,0.18,0.75,3317,0.17,0.7083,101,0.17,0.7083,20,0.175,0.7291,137,0
SPY190717C303,2019-07-15,2019-07-15 09:33:58,0.18,0.75,3317,0.17,0.7083,335,0.17,0.7083,20,0.175,0.7291,137,0
SPY190717C303,2019-07-15,2019-07-15 09:33:59,0.18,0.75,2474,0.17,0.7083,634,0.17,0.7083,20,0.175,0.7291,137,0
SPY190717C303,2019-07-15,2019-07-15 09:33:59,0.17,0.7083,5,0.16,0.6666,4177,0.17,0.7083,20,0.165,0.6875,137,0
SPY190717C303,2019-07-15,2019-07-15 09:34:00,0.17,0.7083,5,0.16,0.6666,4177,0.17,0.7083,20,0.165,0.6875,137,0
SPY190717C303,2019-07-15,2019-07-15 09:34:01,0.17,0.7083,5,0.16,0.6666,3875,0.17,0.7083,20,0.165,0.6875,137,0
SPY190717C303,2019-07-15,2019-07-15 09:34:01,0.17,0.7083,15,0.16,0.6666,4245,0.17,0.7083,20,0.165,0.6875,137,0
SPY190717C303,2019-07-15,2019-07-15 09:34:02,0.17,0.7083,348,0.16,0.6666,4125,0.17,0.7083,20,0.165,0.6875,137,0
SPY190717C303,2019-07-15,2019-07-15 09:34:02,0.17,0.7083,348,0.17,0.7083,54,0.17,0.7083,20,0.17,0.7083,137,0
SPY190717C303,2019-07-15,2019-07-15 09:34:03,0.18,0.75,3523,0.17,0.7083,1031,0.17,0.7083,20,0.175,0.7291,137,0
SPY190717C303,2019-07-15,2019-07-15 09:34:04,0.18,0.75,2940,0.17,0.7083,755,0.17,0.7083,20,0.175,0.7291,137,0
SPY190717C303,2019-07-15,2019-07-15 09:34:04,0.18,0.75,1429,0.17,0.7083,273,0.17,0.7083,20,0.175,0.7291,137,0
SPY190717C303,2019-07-15,2019-07-15 09:34:05,0.18,0.75,3060,0.17,0.7083,1593,0.17,0.7083,20,0.175,0.7291,137,0
SPY190717C303,2019-07-15,2019-07-15 09:34:05,0.18,0.75,2969,0.17,0.7083,2153,0.17,0.7083,20,0.175,0.7291,137,0
SPY190717C303,2019-07-15,2019-07-15 09:34:06,0.18,0.75,2286,0.17,0.7083,2204,0.17,0.7083,20,0.175,0.7291,137,0
SPY190717C303,2019-07-15,2019-07-15 09:34:07,0.18,0.75,2018,0.17,0.7083,1424,0.17,0.7083,20,0.175,0.7291,137,0
SPY190717C303,2019-07-15,2019-07-15 09:34:07,0.18,0.75,2322,0.17,0.7083,1424,0.17,0.7083,20,0.175,0.7291,137,0
SPY190717C303,2019-07-15,2019-07-15 09:34:08,0.18,0.75,1495,0.17,0.7083,1474,0.17,0.7083,20,0.175,0.7291,137,0
SPY190717C303,2019-07-15,2019-07-15 09:34:08,0.18,0.75,1967,0.17,0.7083,1474,0.17,0.7083,20,0.175,0.7291,137,0
SPY190717C303,2019-07-15,2019-07-15 09:34:09,0.18,0.75,1026,0.17,0.7083,2750,0.17,0.7083,20,0.175,0.7291,137,0
SPY190717C303,2019-07-15,2019-07-15 09:34:10,0.18,0.75,963,0.17,0.7083,3501,0.17,0.7083,20,0.175,0.7291,137,0
SPY190717C303,2019-07-15,2019-07-15 09:34:10,0.18,0.75,2005,0.17,0.7083,2305,0.17,0.7083,20,0.175,0.7291,137,0
SPY190717C303,2019-07-15,2019-07-15 09:34:11,0.18,0.75,1383,0.17,0.7083,2305,0.17,0.7083,20,0.175,0.7291,137,0
SPY190717C303,2019-07-15,2019-07-15 09:34:11,0.18,0.75,2005,0.17,0.7083,2305,0.17,0.7083,20,0.175,0.7291,137,0
SPY190717C303,2019-07-15,2019-07-15 09:34:12,0.18,0.75,1383,0.17,0.7083,2827,0.17,0.7083,20,0.175,0.7291,137,0
SPY190717C303,2019-07-15,2019-07-15 09:34:13,0.18,0.75,1383,0.17,0.7083,2827,0.17,0.7083,20,0.175,0.7291,137,0
SPY190717C303,2019-07-15,2019-07-15 09:34:13,0.18,0.75,1383,0.17,0.7083,3055,0.17,0.7083,20,0.175,0.7291,137,0
SPY190717C303,2019-07-15,2019-07-15 09:34:14,0.18,0.75,1383,0.17,0.7083,2827,0.17,0.7083,20,0.175,0.7291,137,0
SPY190717C303,2019-07-15,2019-07-15 09:34:14,0.18,0.75,2055,0.17,0.7083,1679,0.17,0.7083,20,0.175,0.7291,137,0
SPY190717C303,2019-07-15,2019-07-15 09:34:15,0.18,0.75,2055,0.17,0.7083,2305,0.17,0.7083,20,0.175,0.7291,137,0
SPY190717C303,2019-07-15,2019-07-15 09:34:16,0.18,0.75,2981,0.17,0.7083,3340,0.17,0.7083,20,0.175,0.7291,137,0
SPY190717C303,2019-07-15,2019-07-15 09:34:16,0.18,0.75,2157,0.17,0.7083,2255,0.17,0.7083,20,0.175,0.7291,137,0
SPY190717C303,2019-07-15,2019-07-15 09:34:17,0.18,0.75,2178,0.17,0.7083,531,0.17,0.7083,20,0.175,0.7291,137,0
SPY190717C303,2019-07-15,2019-07-15 09:34:17,0.18,0.75,2178,0.17,0.7083,972,0.17,0.7083,20,0.175,0.7291,137,0
SPY190717C303,2019-07-15,2019-07-15 09:34:19,0.18,0.75,2055,0.17,0.7083,1958,0.17,0.7083,15,0.175,0.7291,152,15
SPY190717C303,2019-07-15,2019-07-15 09:34:20,0.18,0.75,2821,0.17,0.7083,2932,0.17,0.7083,15,0.175,0.7291,152,0
SPY190717C303,2019-07-15,2019-07-15 09:34:20,0.18,0.75,1433,0.17,0.7083,1957,0.17,0.7083,15,0.175,0.7291,152,0
SPY190717C303,2019-07-15,2019-07-15 09:34:21,0.18,0.75,2668,0.17,0.7083,2674,0.17,0.7083,4,0.175,0.7291,156,4
SPY190717C303,2019-07-15,2019-07-15 09:34:22,0.18,0.75,2668,0.17,0.7083,2674,0.17,0.7083,4,0.175,0.7291,156,0
SPY190717C303,2019-07-15,2019-07-15 09:34:22,0.18,0.75,2938,0.17,0.7083,2844,0.17,0.7083,4,0.175,0.7291,156,0
SPY190717C303,2019-07-15,2019-07-15 09:34:23,0.18,0.75,1634,0.17,0.7083,803,0.17,0.7083,4,0.175,0.7291,156,0
SPY190717C303,2019-07-15,2019-07-15 09:34:23,0.18,0.75,2760,0.17,0.7083,312,0.17,0.7083,14,0.175,0.7291,206,50
SPY190717C303,2019-07-15,2019-07-15 09:34:24,0.18,0.75,3030,0.17,0.7083,502,0.17,0.7083,14,0.175,0.7291,206,0
SPY190717C303,2019-07-15,2019-07-15 09:34:24,0.18,0.75,2965,0.17,0.7083,312,0.17,0.7083,14,0.175,0.7291,206,0
SPY190717C303,2019-07-15,2019-07-15 09:34:25,0.18,0.75,2965,0.17,0.7083,312,0.17,0.7083,14,0.175,0.7291,206,0
SPY190717C303,2019-07-15,2019-07-15 09:34:26,0.18,0.75,3508,0.17,0.7083,312,0.17,0.7083,14,0.175,0.7291,206,0
SPY190717C303,2019-07-15,2019-07-15 09:34:26,0.18,0.75,3508,0.17,0.7083,495,0.17,0.7083,14,0.175,0.7291,206,0
SPY190717C303,2019-07-15,2019-07-15 09:34:27,0.18,0.75,3508,0.17,0.7083,312,0.17,0.7083,14,0.175,0.7291,206,0
SPY190717C303,2019-07-15,2019-07-15 09:34:28,0.18,0.75,3508,0.17,0.7083,312,0.17,0.7083,14,0.175,0.7291,206,0
SPY190717C303,2019-07-15,2019-07-15 09:34:29,0.17,0.7083,5,0.17,0.7083,341,0.17,0.7083,14,0.17,0.7083,206,0
SPY190717C303,2019-07-15,2019-07-15 09:34:30,0.17,0.7083,5,0.16,0.6666,4656,0.17,0.7083,14,0.165,0.6875,206,0
SPY190717C303,2019-07-15,2019-07-15 09:34:30,0.17,0.7083,226,0.16,0.6666,4656,0.17,0.7083,14,0.165,0.6875,206,0
SPY190717C303,2019-07-15,2019-07-15 09:34:31,0.17,0.7083,226,0.16,0.6666,4656,0.17,0.7083,14,0.165,0.6875,206,0
SPY190717C303,2019-07-15,2019-07-15 09:34:31,0.17,0.7083,50,0.16,0.6666,4656,0.17,0.7083,14,0.165,0.6875,206,0
SPY190717C303,2019-07-15,2019-07-15 09:34:32,0.17,0.7083,50,0.16,0.6666,5808,0.17,0.7083,14,0.165,0.6875,206,0
SPY190717C303,2019-07-15,2019-07-15 09:34:33,0.17,0.7083,46,0.16,0.6666,5820,0.17,0.7083,4,0.165,0.6875,210,4
SPY190717C303,2019-07-15,2019-07-15 09:34:34,0.17,0.7083,46,0.16,0.6666,5809,0.17,0.7083,4,0.165,0.6875,210,0
SPY190717C303,2019-07-15,2019-07-15 09:34:34,0.17,0.7083,46,0.16,0.6666,5770,0.17,0.7083,4,0.165,0.6875,210,0
SPY190717C303,2019-07-15,2019-07-15 09:34:35,0.17,0.7083,46,0.16,0.6666,5770,0.17,0.7083,4,0.165,0.6875,210,0
SPY190717C303,2019-07-15,2019-07-15 09:34:35,0.17,0.7083,281,0.16,0.6666,5770,0.17,0.7083,4,0.165,0.6875,210,0
SPY190717C303,2019-07-15,2019-07-15 09:34:36,0.17,0.7083,281,0.16,0.6666,5770,0.17,0.7083,4,0.165,0.6875,210,0
SPY190717C303,2019-07-15,2019-07-15 09:34:37,0.17,0.7083,5,0.16,0.6666,5873,0.17,0.7083,2,0.165,0.6875,212,2
SPY190717C303,2019-07-15,2019-07-15 09:34:37,0.17,0.7083,5,0.16,0.6666,5839,0.17,0.7083,2,0.165,0.6875,212,0
SPY190717C303,2019-07-15,2019-07-15 09:34:38,0.17,0.7083,271,0.16,0.6666,5839,0.17,0.7083,2,0.165,0.6875,212,0
SPY190717C303,2019-07-15,2019-07-15 09:34:38,0.17,0.7083,271,0.16,0.6666,6040,0.17,0.7083,2,0.165,0.6875,212,0
SPY190717C303,2019-07-15,2019-07-15 09:34:39,0.18,0.75,2617,0.17,0.7083,100,0.17,0.7083,2,0.175,0.7291,212,0
SPY190717C303,2019-07-15,2019-07-15 09:34:40,0.18,0.75,3694,0.17,0.7083,2476,0.17,0.7083,2,0.175,0.7291,212,0
SPY190717C303,2019-07-15,2019-07-15 09:34:41,0.18,0.75,2617,0.17,0.7083,1700,0.17,0.7083,2,0.175,0.7291,212,0
SPY190717C303,2019-07-15,2019-07-15 09:34:42,0.18,0.75,2764,0.17,0.7083,1870,0.17,0.7083,2,0.175,0.7291,212,0
SPY190717C303,2019-07-15,2019-07-15 09:34:42,0.18,0.75,2678,0.17,0.7083,1870,0.17,0.7083,2,0.175,0.7291,212,0
SPY190717C303,2019-07-15,2019-07-15 09:34:43,0.18,0.75,2764,0.17,0.7083,2484,0.17,0.7083,2,0.175,0.7291,212,0
SPY190717C303,2019-07-15,2019-07-15 09:34:44,0.18,0.75,2617,0.17,0.7083,2582,0.17,0.7083,2,0.175,0.7291,212,0
SPY190717C303,2019-07-15,2019-07-15 09:34:45,0.18,0.75,3694,0.17,0.7083,2008,0.17,0.7083,2,0.175,0.7291,212,0
SPY190717C303,2019-07-15,2019-07-15 09:34:45,0.18,0.75,3694,0.17,0.7083,2968,0.17,0.7083,2,0.175,0.7291,212,0
SPY190717C303,2019-07-15,2019-07-15 09:34:46,0.18,0.75,3824,0.17,0.7083,2968,0.17,0.7083,2,0.175,0.7291,212,0
SPY190717C303,2019-07-15,2019-07-15 09:34:46,0.18,0.75,3694,0.17,0.7083,2008,0.17,0.7083,2,0.175,0.7291,212,0
SPY190717C303,2019-07-15,2019-07-15 09:34:47,0.18,0.75,3847,0.17,0.7083,2968,0.17,0.7083,2,0.175,0.7291,212,0
SPY190717C303,2019-07-15,2019-07-15 09:34:48,0.18,0.75,2747,0.17,0.7083,132,0.17,0.7083,2,0.175,0.7291,212,0
SPY190717C303,2019-07-15,2019-07-15 09:34:49,0.18,0.75,3781,0.17,0.7083,132,0.17,0.7083,2,0.175,0.7291,212,0
SPY190717C303,2019-07-15,2019-07-15 09:34:49,0.18,0.75,3789,0.17,0.7083,132,0.17,0.7083,2,0.175,0.7291,212,0
SPY190717C303,2019-07-15,2019-07-15 09:34:50,0.18,0.75,3519,0.17,0.7083,132,0.17,0.7083,2,0.175,0.7291,212,0
SPY190717C303,2019-07-15,2019-07-15 09:34:51,0.18,0.75,4385,0.17,0.7083,12,0.17,0.7083,2,0.175,0.7291,212,0
SPY190717C303,2019-07-15,2019-07-15 09:34:51,0.18,0.75,3610,0.17,0.7083,12,0.17,0.7083,2,0.175,0.7291,212,0
SPY190717C303,2019-07-15,2019-07-15 09:34:52,0.18,0.75,4543,0.17,0.7083,12,0.17,0.7083,2,0.175,0.7291,212,0
SPY190717C303,2019-07-15,2019-07-15 09:34:52,0.18,0.75,3789,0.17,0.7083,12,0.17,0.7083,2,0.175,0.7291,212,0
SPY190717C303,2019-07-15,2019-07-15 09:34:53,0.18,0.75,3787,0.17,0.7083,12,0.17,0.7083,2,0.175,0.7291,212,0
SPY190717C303,2019-07-15,2019-07-15 09:34:54,0.18,0.75,3787,0.17,0.7083,12,0.17,0.7083,2,0.175,0.7291,212,0
SPY190717C303,2019-07-15,2019-07-15 09:34:55,0.18,0.75,4454,0.17,0.7083,12,0.17,0.7083,2,0.175,0.7291,212,0
SPY190717C303,2019-07-15,2019-07-15 09:34:55,0.18,0.75,3644,0.17,0.7083,12,0.18,0.75,10,0.175,0.7291,222,10
SPY190717C303,2019-07-15,2019-07-15 09:34:56,0.18,0.75,4918,0.17,0.7083,12,0.18,0.75,10,0.175,0.7291,222,0
SPY190717C303,2019-07-15,2019-07-15 09:34:56,0.18,0.75,3667,0.17,0.7083,12,0.18,0.75,10,0.175,0.7291,222,0
SPY190717C303,2019-07-15,2019-07-15 09:34:57,0.18,0.75,4931,0.17,0.7083,12,0.18,0.75,10,0.175,0.7291,222,0
SPY190717C303,2019-07-15,2019-07-15 09:34:58,0.18,0.75,5309,0.17,0.7083,12,0.18,0.75,10,0.175,0.7291,222,0
SPY190717C303,2019-07-15,2019-07-15 09:34:58,0.18,0.75,4468,0.17,0.7083,12,0.18,0.75,10,0.175,0.7291,222,0
SPY190717C303,2019-07-15,2019-07-15 09:34:59,0.18,0.75,4738,0.17,0.7083,12,0.18,0.75,10,0.175,0.7291,222,0
SPY190717C303,2019-07-15,2019-07-15 09:35:00,0.18,0.75,3544,0.17,0.7083,12,0.18,0.75,10,0.175,0.7291,222,0
SPY190717C303,2019-07-15,2019-07-15 09:35:01,0.18,0.75,3655,0.17,0.7083,12,0.18,0.75,10,0.175,0.7291,222,0
SPY190717C303,2019-07-15,2019-07-15 09:35:01,0.18,0.75,4841,0.17,0.7083,12,0.18,0.75,10,0.175,0.7291,222,0
SPY190717C303,2019-07-15,2019-07-15 09:35:02,0.18,0.75,4058,0.17,0.7083,12,0.18,0.75,10,0.175,0.7291,222,0
SPY190717C303,2019-07-15,2019-07-15 09:35:02,0.18,0.75,3720,0.17,0.7083,12,0.18,0.75,10,0.175,0.7291,222,0
SPY190717C303,2019-07-15,2019-07-15 09:35:03,0.18,0.75,4648,0.17,0.7083,12,0.18,0.75,10,0.175,0.7291,222,0
SPY190717C303,2019-07-15,2019-07-15 09:35:04,0.18,0.75,4007,0.17,0.7083,12,0.18,0.75,10,0.175,0.7291,222,0
SPY190717C303,2019-07-15,2019-07-15 09:35:04,0.18,0.75,3672,0.17,0.7083,12,0.18,0.75,10,0.175,0.7291,222,0
SPY190717C303,2019-07-15,2019-07-15 09:35:05,0.17,0.7083,950,0.16,0.6666,3290,0.17,0.7083,12,0.165,0.6875,234,12
SPY190717C303,2019-07-15,2019-07-15 09:35:05,0.18,0.75,4007,0.17,0.7083,12,0.18,0.75,10,0.175,0.7291,222,0
SPY190717C303,2019-07-15,2019-07-15 09:35:06,0.17,0.7083,2800,0.16,0.6666,1677,0.17,0.7083,12,0.165,0.6875,234,0
SPY190717C303,2019-07-15,2019-07-15 09:35:07,0.17,0.7083,3345,0.16,0.6666,1676,0.17,0.7083,12,0.165,0.6875,234,0
SPY190717C303,2019-07-15,2019-07-15 09:35:07,0.17,0.7083,3345,0.16,0.6666,1676,0.16,0.6666,2,0.165,0.6875,237,3
SPY190717C303,2019-07-15,2019-07-15 09:35:08,0.17,0.7083,4067,0.16,0.6666,2530,0.16,0.6666,2,0.165,0.6875,237,0
SPY190717C303,2019-07-15,2019-07-15 09:35:08,0.17,0.7083,3345,0.16,0.6666,1676,0.16,0.6666,2,0.165,0.6875,237,0
SPY190717C303,2019-07-15,2019-07-15 09:35:09,0.17,0.7083,4127,0.16,0.6666,2530,0.16,0.6666,2,0.165,0.6875,237,0
SPY190717C303,2019-07-15,2019-07-15 09:35:09,0.17,0.7083,3965,0.16,0.6666,2530,0.16,0.6666,2,0.165,0.6875,237,0
SPY190717C303,2019-07-15,2019-07-15 09:35:10,0.17,0.7083,2800,0.16,0.6666,1676,0.16,0.6666,2,0.165,0.6875,237,0
SPY190717C303,2019-07-15,2019-07-15 09:35:11,0.17,0.7083,3941,0.16,0.6666,1846,0.16,0.6666,2,0.165,0.6875,237,0
SPY190717C303,2019-07-15,2019-07-15 09:35:11,0.17,0.7083,4098,0.16,0.6666,2746,0.17,0.7083,4,0.165,0.6875,249,12
SPY190717C303,2019-07-15,2019-07-15 09:35:12,0.17,0.7083,4098,0.16,0.6666,2746,0.17,0.7083,4,0.165,0.6875,249,0
SPY190717C303,2019-07-15,2019-07-15 09:35:12,0.17,0.7083,3511,0.16,0.6666,1676,0.17,0.7083,4,0.165,0.6875,249,0
SPY190717C303,2019-07-15,2019-07-15 09:35:13,0.17,0.7083,4054,0.16,0.6666,2526,0.17,0.7083,4,0.165,0.6875,249,0
SPY190717C303,2019-07-15,2019-07-15 09:35:14,0.17,0.7083,2800,0.16,0.6666,1676,0.17,0.7083,4,0.165,0.6875,249,0
SPY190717C303,2019-07-15,2019-07-15 09:35:14,0.17,0.7083,4054,0.16,0.6666,2526,0.17,0.7083,4,0.165,0.6875,249,0
SPY190717C303,2019-07-15,2019-07-15 09:35:15,0.17,0.7083,2713,0.16,0.6666,1011,0.17,0.7083,4,0.165,0.6875,249,0
SPY190717C303,2019-07-15,2019-07-15 09:35:15,0.17,0.7083,2800,0.16,0.6666,1846,0.17,0.7083,4,0.165,0.6875,249,0
SPY190717C303,2019-07-15,2019-07-15 09:35:16,0.17,0.7083,2563,0.16,0.6666,543,0.17,0.7083,4,0.165,0.6875,249,0
SPY190717C303,2019-07-15,2019-07-15 09:35:16,0.17,0.7083,3377,0.16,0.6666,468,0.17,0.7083,4,0.165,0.6875,249,0
SPY190717C303,2019-07-15,2019-07-15 09:35:17,0.17,0.7083,3377,0.16,0.6666,468,0.17,0.7083,4,0.165,0.6875,249,0
SPY190717C303,2019-07-15,2019-07-15 09:35:18,0.17,0.7083,3537,0.16,0.6666,468,0.17,0.7083,4,0.165,0.6875,249,0
SPY190717C303,2019-07-15,2019-07-15 09:35:18,0.17,0.7083,2800,0.16,0.6666,468,0.17,0.7083,4,0.165,0.6875,249,0
SPY190717C303,2019-07-15,2019-07-15 09:35:19,0.17,0.7083,4783,0.16,0.6666,439,0.17,0.7083,4,0.165,0.6875,249,0
SPY190717C303,2019-07-15,2019-07-15 09:35:20,0.17,0.7083,4783,0.16,0.6666,498,0.17,0.7083,4,0.165,0.6875,249,0
SPY190717C303,2019-07-15,2019-07-15 09:35:21,0.17,0.7083,2717,0.16,0.6666,498,0.16,0.6666,1,0.165,0.6875,250,1
SPY190717C303,2019-07-15,2019-07-15 09:35:21,0.17,0.7083,4685,0.16,0.6666,498,0.17,0.7083,4,0.165,0.6875,249,0
SPY190717C303,2019-07-15,2019-07-15 09:35:22,0.16,0.6666,5,0.15,0.625,3364,0.16,0.6666,1,0.155,0.6458,250,0
SPY190717C303,2019-07-15,2019-07-15 09:35:22,0.16,0.6666,5,0.15,0.625,4365,0.16,0.6666,1,0.155,0.6458,250,0
SPY190717C303,2019-07-15,2019-07-15 09:35:23,0.16,0.6666,5,0.15,0.625,3527,0.16,0.6666,1,0.155,0.6458,251,0
SPY190717C303,2019-07-15,2019-07-15 09:35:23,0.16,0.6666,5,0.15,0.625,3527,0.16,0.6666,1,0.155,0.6458,251,1
SPY190717C303,2019-07-15,2019-07-15 09:35:24,0.16,0.6666,5,0.15,0.625,3527,0.16,0.6666,1,0.155,0.6458,251,0
SPY190717C303,2019-07-15,2019-07-15 09:35:25,0.16,0.6666,4,0.15,0.625,3312,0.16,0.6666,1,0.155,0.6458,251,0
SPY190717C303,2019-07-15,2019-07-15 09:35:25,0.16,0.6666,4,0.15,0.625,4581,0.16,0.6666,1,0.155,0.6458,251,0
SPY190717C303,2019-07-15,2019-07-15 09:35:26,0.16,0.6666,370,0.15,0.625,4713,0.16,0.6666,1,0.155,0.6458,251,0
SPY190717C303,2019-07-15,2019-07-15 09:35:26,0.16,0.6666,4,0.15,0.625,4577,0.16,0.6666,1,0.155,0.6458,251,0
SPY190717C303,2019-07-15,2019-07-15 09:35:27,0.16,0.6666,304,0.15,0.625,5714,0.16,0.6666,1,0.155,0.6458,251,0
SPY190717C303,2019-07-15,2019-07-15 09:35:28,0.16,0.6666,304,0.15,0.625,3142,0.16,0.6666,1,0.155,0.6458,251,0
SPY190717C303,2019-07-15,2019-07-15 09:35:29,0.16,0.6666,304,0.15,0.625,4384,0.16,0.6666,1,0.155,0.6458,251,0
SPY190717C303,2019-07-15,2019-07-15 09:35:30,0.16,0.6666,50,0.15,0.625,4699,0.16,0.6666,1,0.155,0.6458,251,0
SPY190717C303,2019-07-15,2019-07-15 09:35:30,0.16,0.6666,304,0.15,0.625,4554,0.16,0.6666,1,0.155,0.6458,251,0
SPY190717C303,2019-07-15,2019-07-15 09:35:31,0.17,0.7083,4771,0.16,0.6666,120,0.16,0.6666,1,0.165,0.6875,251,0
SPY190717C303,2019-07-15,2019-07-15 09:35:31,0.17,0.7083,4151,0.15,0.625,5250,0.16,0.6666,1,0.16,0.6666,251,0
SPY190717C303,2019-07-15,2019-07-15 09:35:32,0.17,0.7083,4771,0.15,0.625,5750,0.16,0.6666,1,0.16,0.6666,251,0
SPY190717C303,2019-07-15,2019-07-15 09:35:33,0.17,0.7083,4771,0.15,0.625,5876,0.16,0.6666,1,0.16,0.6666,251,0
SPY190717C303,2019-07-15,2019-07-15 09:35:34,0.17,0.7083,3321,0.15,0.625,4066,0.16,0.6666,1,0.16,0.6666,253,2
SPY190717C303,2019-07-15,2019-07-15 09:35:34,0.17,0.7083,3321,0.16,0.6666,1,0.16,0.6666,1,0.165,0.6875,253,0
SPY190717C303,2019-07-15,2019-07-15 09:35:35,0.17,0.7083,4555,0.15,0.625,6452,0.16,0.6666,1,0.16,0.6666,253,0
SPY190717C303,2019-07-15,2019-07-15 09:35:36,0.17,0.7083,4555,0.15,0.625,5232,0.16,0.6666,1,0.16,0.6666,253,0
SPY190717C303,2019-07-15,2019-07-15 09:35:37,0.17,0.7083,4916,0.15,0.625,5959,0.16,0.6666,1,0.16,0.6666,253,0
SPY190717C303,2019-07-15,2019-07-15 09:35:38,0.17,0.7083,4285,0.15,0.625,5947,0.16,0.6666,1,0.16,0.6666,253,0
SPY190717C303,2019-07-15,2019-07-15 09:35:39,0.17,0.7083,3115,0.16,0.6666,120,0.16,0.6666,1,0.165,0.6875,253,0
SPY190717C303,2019-07-15,2019-07-15 09:35:39,0.17,0.7083,4285,0.15,0.625,5947,0.16,0.6666,1,0.16,0.6666,253,0
SPY190717C303,2019-07-15,2019-07-15 09:35:40,0.17,0.7083,4143,0.16,0.6666,120,0.16,0.6666,1,0.165,0.6875,253,0
SPY190717C303,2019-07-15,2019-07-15 09:35:40,0.17,0.7083,3115,0.16,0.6666,120,0.16,0.6666,1,0.165,0.6875,253,0
SPY190717C303,2019-07-15,2019-07-15 09:35:41,0.17,0.7083,2971,0.16,0.6666,120,0.16,0.6666,1,0.165,0.6875,253,0
SPY190717C303,2019-07-15,2019-07-15 09:35:41,0.17,0.7083,3952,0.15,0.625,4458,0.16,0.6666,1,0.16,0.6666,253,0
SPY190717C303,2019-07-15,2019-07-15 09:35:42,0.16,0.6666,490,0.15,0.625,4458,0.16,0.6666,1,0.155,0.6458,253,0
SPY190717C303,2019-07-15,2019-07-15 09:35:43,0.16,0.6666,490,0.15,0.625,5888,0.16,0.6666,1,0.155,0.6458,253,0
SPY190717C303,2019-07-15,2019-07-15 09:35:43,0.16,0.6666,490,0.15,0.625,5712,0.16,0.6666,1,0.155,0.6458,253,0
SPY190717C303,2019-07-15,2019-07-15 09:35:44,0.16,0.6666,490,0.15,0.625,4337,0.16,0.6666,1,0.155,0.6458,253,0
SPY190717C303,2019-07-15,2019-07-15 09:35:44,0.16,0.6666,490,0.15,0.625,5606,0.16,0.6666,1,0.155,0.6458,253,0
SPY190717C303,2019-07-15,2019-07-15 09:35:45,0.16,0.6666,1282,0.15,0.625,5606,0.16,0.6666,1,0.155,0.6458,253,0
SPY190717C303,2019-07-15,2019-07-15 09:35:46,0.16,0.6666,822,0.15,0.625,2356,0.16,0.6666,1,0.155,0.6458,253,0
SPY190717C303,2019-07-15,2019-07-15 09:35:46,0.16,0.6666,1997,0.15,0.625,3381,0.16,0.6666,1,0.155,0.6458,253,0
SPY190717C303,2019-07-15,2019-07-15 09:35:47,0.16,0.6666,2795,0.15,0.625,4194,0.15,0.625,2,0.155,0.6458,257,0
SPY190717C303,2019-07-15,2019-07-15 09:35:47,0.16,0.6666,1997,0.15,0.625,4194,0.15,0.625,2,0.155,0.6458,257,4
SPY190717C303,2019-07-15,2019-07-15 09:35:48,0.16,0.6666,2709,0.15,0.625,4522,0.15,0.625,2,0.155,0.6458,257,0
SPY190717C303,2019-07-15,2019-07-15 09:35:48,0.16,0.6666,1931,0.15,0.625,3287,0.15,0.625,2,0.155,0.6458,257,0
SPY190717C303,2019-07-15,2019-07-15 09:35:49,0.16,0.6666,1852,0.15,0.625,3287,0.15,0.625,2,0.155,0.6458,257,0
SPY190717C303,2019-07-15,2019-07-15 09:35:50,0.16,0.6666,3322,0.15,0.625,4411,0.15,0.625,2,0.155,0.6458,259,2
SPY190717C303,2019-07-15,2019-07-15 09:35:50,0.16,0.6666,2328,0.15,0.625,2960,0.15,0.625,2,0.155,0.6458,257,0
SPY190717C303,2019-07-15,2019-07-15 09:35:51,0.16,0.6666,3322,0.15,0.625,4411,0.15,0.625,2,0.155,0.6458,259,0
SPY190717C303,2019-07-15,2019-07-15 09:35:52,0.16,0.6666,2405,0.15,0.625,4892,0.15,0.625,2,0.155,0.6458,259,0
SPY190717C303,2019-07-15,2019-07-15 09:35:53,0.16,0.6666,2235,0.15,0.625,4722,0.15,0.625,2,0.155,0.6458,259,0
SPY190717C303,2019-07-15,2019-07-15 09:35:53,0.16,0.6666,2484,0.15,0.625,4892,0.15,0.625,2,0.155,0.6458,259,0
SPY190717C303,2019-07-15,2019-07-15 09:35:54,0.16,0.6666,3183,0.15,0.625,4707,0.15,0.625,2,0.155,0.6458,259,0
SPY190717C303,2019-07-15,2019-07-15 09:35:54,0.16,0.6666,2214,0.15,0.625,4892,0.15,0.625,2,0.155,0.6458,259,0
SPY190717C303,2019-07-15,2019-07-15 09:35:55,0.16,0.6666,3183,0.15,0.625,4872,0.15,0.625,2,0.155,0.6458,259,0
SPY190717C303,2019-07-15,2019-07-15 09:35:56,0.16,0.6666,3183,0.15,0.625,4928,0.15,0.625,2,0.155,0.6458,259,0
SPY190717C303,2019-07-15,2019-07-15 09:35:56,0.16,0.6666,3183,0.15,0.625,4485,0.15,0.625,2,0.155,0.6458,259,0
SPY190717C303,2019-07-15,2019-07-15 09:35:57,0.16,0.6666,3183,0.15,0.625,4485,0.15,0.625,2,0.155,0.6458,259,0
SPY190717C303,2019-07-15,2019-07-15 09:35:57,0.16,0.6666,1672,0.15,0.625,3377,0.15,0.625,2,0.155,0.6458,259,0
SPY190717C303,2019-07-15,2019-07-15 09:35:58,0.16,0.6666,2188,0.15,0.625,3377,0.15,0.625,2,0.155,0.6458,259,0
SPY190717C303,2019-07-15,2019-07-15 09:35:59,0.16,0.6666,1915,0.15,0.625,3377,0.15,0.625,2,0.155,0.6458,259,0
SPY190717C303,2019-07-15,2019-07-15 09:36:00,0.16,0.6666,1229,0.15,0.625,2834,0.15,0.625,6,0.155,0.6458,265,6
SPY190717C303,2019-07-15,2019-07-15 09:36:01,0.16,0.6666,1229,0.15,0.625,2834,0.15,0.625,6,0.155,0.6458,265,0
SPY190717C303,2019-07-15,2019-07-15 09:36:01,0.16,0.6666,485,0.15,0.625,5127,0.15,0.625,6,0.155,0.6458,265,0
SPY190717C303,2019-07-15,2019-07-15 09:36:02,0.16,0.6666,998,0.15,0.625,4031,0.15,0.625,6,0.155,0.6458,265,0
SPY190717C303,2019-07-15,2019-07-15 09:36:03,0.16,0.6666,998,0.15,0.625,4031,0.15,0.625,6,0.155,0.6458,265,0
SPY190717C303,2019-07-15,2019-07-15 09:36:03,0.16,0.6666,998,0.15,0.625,4635,0.15,0.625,6,0.155,0.6458,265,0
SPY190717C303,2019-07-15,2019-07-15 09:36:04,0.16,0.6666,998,0.15,0.625,4170,0.15,0.625,6,0.155,0.6458,265,0
SPY190717C303,2019-07-15,2019-07-15 09:36:05,0.16,0.6666,1374,0.15,0.625,3199,0.15,0.625,6,0.155,0.6458,265,0
SPY190717C303,2019-07-15,2019-07-15 09:36:06,0.16,0.6666,1168,0.15,0.625,4085,0.15,0.625,6,0.155,0.6458,265,0
SPY190717C303,2019-07-15,2019-07-15 09:36:06,0.16,0.6666,1168,0.15,0.625,3875,0.15,0.625,6,0.155,0.6458,265,0
SPY190717C303,2019-07-15,2019-07-15 09:36:07,0.16,0.6666,1168,0.15,0.625,5391,0.15,0.625,6,0.155,0.6458,265,0
SPY190717C303,2019-07-15,2019-07-15 09:36:07,0.16,0.6666,1584,0.15,0.625,5391,0.15,0.625,6,0.155,0.6458,265,0
SPY190717C303,2019-07-15,2019-07-15 09:36:08,0.16,0.6666,1414,0.15,0.625,5391,0.15,0.625,6,0.155,0.6458,265,0
SPY190717C303,2019-07-15,2019-07-15 09:36:09,0.16,0.6666,1414,0.15,0.625,5391,0.15,0.625,6,0.155,0.6458,265,0
SPY190717C303,2019-07-15,2019-07-15 09:36:10,0.16,0.6666,1567,0.15,0.625,5391,0.15,0.625,6,0.155,0.6458,265,0
SPY190717C303,2019-07-15,2019-07-15 09:36:10,0.16,0.6666,1168,0.15,0.625,5262,0.15,0.625,6,0.155,0.6458,265,0
SPY190717C303,2019-07-15,2019-07-15 09:36:11,0.16,0.6666,1168,0.15,0.625,5262,0.15,0.625,6,0.155,0.6458,265,0
SPY190717C303,2019-07-15,2019-07-15 09:36:12,0.16,0.6666,998,0.15,0.625,5262,0.15,0.625,6,0.155,0.6458,265,0
SPY190717C303,2019-07-15,2019-07-15 09:36:12,0.16,0.6666,1287,0.15,0.625,4129,0.15,0.625,6,0.155,0.6458,265,0
SPY190717C303,2019-07-15,2019-07-15 09:36:13,0.16,0.6666,1117,0.15,0.625,5451,0.15,0.625,6,0.155,0.6458,265,0
SPY190717C303,2019-07-15,2019-07-15 09:36:13,0.16,0.6666,1387,0.15,0.625,5451,0.15,0.625,6,0.155,0.6458,265,0
SPY190717C303,2019-07-15,2019-07-15 09:36:14,0.16,0.6666,125,0.15,0.625,5329,0.15,0.625,6,0.155,0.6458,265,0
SPY190717C303,2019-07-15,2019-07-15 09:36:15,0.16,0.6666,125,0.15,0.625,4786,0.16,0.6666,3,0.155,0.6458,268,3
SPY190717C303,2019-07-15,2019-07-15 09:36:15,0.16,0.6666,125,0.15,0.625,5329,0.15,0.625,6,0.155,0.6458,265,0
SPY190717C303,2019-07-15,2019-07-15 09:36:16,0.16,0.6666,125,0.15,0.625,5494,0.16,0.6666,3,0.155,0.6458,268,0
SPY190717C303,2019-07-15,2019-07-15 09:36:16,0.16,0.6666,305,0.15,0.625,5683,0.16,0.6666,3,0.155,0.6458,268,0
SPY190717C303,2019-07-15,2019-07-15 09:36:17,0.16,0.6666,5,0.15,0.625,5518,0.16,0.6666,3,0.155,0.6458,268,0
SPY190717C303,2019-07-15,2019-07-15 09:36:17,0.17,0.7083,3720,0.16,0.6666,2308,0.16,0.6666,5,0.165,0.6875,283,15
SPY190717C303,2019-07-15,2019-07-15 09:36:18,0.17,0.7083,3720,0.16,0.6666,3061,0.16,0.6666,5,0.165,0.6875,283,0
SPY190717C303,2019-07-15,2019-07-15 09:36:19,0.17,0.7083,3753,0.16,0.6666,2342,0.16,0.6666,5,0.165,0.6875,283,0
SPY190717C303,2019-07-15,2019-07-15 09:36:19,0.17,0.7083,3895,0.16,0.6666,3061,0.16,0.6666,5,0.165,0.6875,283,0
SPY190717C303,2019-07-15,2019-07-15 09:36:20,0.17,0.7083,3745,0.16,0.6666,2342,0.16,0.6666,5,0.165,0.6875,283,0
SPY190717C303,2019-07-15,2019-07-15 09:36:20,0.17,0.7083,3747,0.16,0.6666,2342,0.16,0.6666,5,0.165,0.6875,283,0
SPY190717C303,2019-07-15,2019-07-15 09:36:21,0.17,0.7083,3271,0.16,0.6666,1589,0.16,0.6666,5,0.165,0.6875,283,0
SPY190717C303,2019-07-15,2019-07-15 09:36:22,0.17,0.7083,4260,0.16,0.6666,1556,0.16,0.6666,5,0.165,0.6875,283,0
SPY190717C303,2019-07-15,2019-07-15 09:36:22,0.17,0.7083,3704,0.16,0.6666,1556,0.16,0.6666,5,0.165,0.6875,283,0
SPY190717C303,2019-07-15,2019-07-15 09:36:23,0.17,0.7083,4335,0.16,0.6666,724,0.16,0.6666,3,0.165,0.6875,286,3
SPY190717C303,2019-07-15,2019-07-15 09:36:23,0.17,0.7083,3704,0.16,0.6666,1506,0.16,0.6666,5,0.165,0.6875,283,0
SPY190717C303,2019-07-15,2019-07-15 09:36:24,0.17,0.7083,4042,0.16,0.6666,653,0.16,0.6666,3,0.165,0.6875,286,0
SPY190717C303,2019-07-15,2019-07-15 09:36:24,0.17,0.7083,2250,0.16,0.6666,2086,0.16,0.6666,3,0.165,0.6875,286,0
SPY190717C303,2019-07-15,2019-07-15 09:36:25,0.17,0.7083,2250,0.16,0.6666,3284,0.16,0.6666,3,0.165,0.6875,286,0
SPY190717C303,2019-07-15,2019-07-15 09:36:26,0.17,0.7083,3148,0.16,0.6666,1671,0.16,0.6666,3,0.165,0.6875,286,0
SPY190717C303,2019-07-15,2019-07-15 09:36:26,0.17,0.7083,3040,0.16,0.6666,2248,0.16,0.6666,3,0.165,0.6875,286,0
SPY190717C303,2019-07-15,2019-07-15 09:36:27,0.17,0.7083,3158,0.16,0.6666,1671,0.16,0.6666,3,0.165,0.6875,286,0
SPY190717C303,2019-07-15,2019-07-15 09:36:27,0.17,0.7083,2539,0.16,0.6666,2531,0.17,0.7083,7,0.165,0.6875,293,7
SPY190717C303,2019-07-15,2019-07-15 09:36:28,0.17,0.7083,2358,0.16,0.6666,3186,0.17,0.7083,7,0.165,0.6875,293,0
SPY190717C303,2019-07-15,2019-07-15 09:36:29,0.17,0.7083,2594,0.16,0.6666,3186,0.17,0.7083,7,0.165,0.6875,293,0
SPY190717C303,2019-07-15,2019-07-15 09:36:29,0.17,0.7083,3597,0.16,0.6666,3768,0.17,0.7083,7,0.165,0.6875,293,0
SPY190717C303,2019-07-15,2019-07-15 09:36:30,0.17,0.7083,3352,0.16,0.6666,3186,0.17,0.7083,7,0.165,0.6875,293,0
SPY190717C303,2019-07-15,2019-07-15 09:36:30,0.17,0.7083,3530,0.16,0.6666,4588,0.17,0.7083,7,0.165,0.6875,293,0
SPY190717C303,2019-07-15,2019-07-15 09:36:31,0.17,0.7083,3381,0.16,0.6666,4382,0.17,0.7083,7,0.165,0.6875,293,0
SPY190717C303,2019-07-15,2019-07-15 09:36:32,0.17,0.7083,3381,0.16,0.6666,4382,0.17,0.7083,1,0.165,0.6875,294,1
SPY190717C303,2019-07-15,2019-07-15 09:36:32,0.17,0.7083,3981,0.16,0.6666,3587,0.17,0.7083,1,0.165,0.6875,294,0
SPY190717C303,2019-07-15,2019-07-15 09:36:33,0.17,0.7083,2664,0.16,0.6666,2369,0.17,0.7083,1,0.165,0.6875,294,0
SPY190717C303,2019-07-15,2019-07-15 09:36:33,0.17,0.7083,2801,0.16,0.6666,1829,0.17,0.7083,1,0.165,0.6875,294,0
SPY190717C303,2019-07-15,2019-07-15 09:36:34,0.17,0.7083,2801,0.16,0.6666,1829,0.17,0.7083,1,0.165,0.6875,294,0
SPY190717C303,2019-07-15,2019-07-15 09:36:34,0.17,0.7083,2437,0.16,0.6666,2170,0.17,0.7083,1,0.165,0.6875,294,0
SPY190717C303,2019-07-15,2019-07-15 09:36:35,0.17,0.7083,3497,0.16,0.6666,3190,0.17,0.7083,1,0.165,0.6875,294,0
SPY190717C303,2019-07-15,2019-07-15 09:36:36,0.17,0.7083,3360,0.16,0.6666,3661,0.17,0.7083,1,0.165,0.6875,294,0
SPY190717C303,2019-07-15,2019-07-15 09:36:36,0.17,0.7083,2834,0.16,0.6666,1779,0.17,0.7083,1,0.165,0.6875,294,0
SPY190717C303,2019-07-15,2019-07-15 09:36:37,0.17,0.7083,2441,0.16,0.6666,1713,0.17,0.7083,1,0.165,0.6875,294,0
SPY190717C303,2019-07-15,2019-07-15 09:36:37,0.17,0.7083,2834,0.16,0.6666,2129,0.17,0.7083,1,0.165,0.6875,294,0
SPY190717C303,2019-07-15,2019-07-15 09:36:38,0.17,0.7083,2867,0.16,0.6666,1690,0.17,0.7083,1,0.165,0.6875,294,0
SPY190717C303,2019-07-15,2019-07-15 09:36:39,0.17,0.7083,2834,0.16,0.6666,1567,0.17,0.7083,1,0.165,0.6875,294,0
SPY190717C303,2019-07-15,2019-07-15 09:36:39,0.17,0.7083,2834,0.16,0.6666,1690,0.17,0.7083,1,0.165,0.6875,294,0
SPY190717C303,2019-07-15,2019-07-15 09:36:40,0.17,0.7083,4120,0.16,0.6666,1567,0.17,0.7083,1,0.165,0.6875,294,0
SPY190717C303,2019-07-15,2019-07-15 09:36:40,0.17,0.7083,2834,0.16,0.6666,1567,0.17,0.7083,1,0.165,0.6875,294,0
SPY190717C303,2019-07-15,2019-07-15 09:36:41,0.17,0.7083,4037,0.16,0.6666,1567,0.17,0.7083,1,0.165,0.6875,294,0
SPY190717C303,2019-07-15,2019-07-15 09:36:42,0.17,0.7083,1749,0.16,0.6666,341,0.16,0.6666,1,0.165,0.6875,295,1
SPY190717C303,2019-07-15,2019-07-15 09:36:42,0.16,0.6666,370,0.15,0.625,4255,0.16,0.6666,1,0.155,0.6458,295,0
SPY190717C303,2019-07-15,2019-07-15 09:36:43,0.16,0.6666,305,0.15,0.625,4391,0.16,0.6666,1,0.155,0.6458,295,0
SPY190717C303,2019-07-15,2019-07-15 09:36:44,0.16,0.6666,5,0.15,0.625,5735,0.16,0.6666,1,0.155,0.6458,295,0
SPY190717C303,2019-07-15,2019-07-15 09:36:44,0.16,0.6666,5,0.15,0.625,5104,0.16,0.6666,1,0.155,0.6458,295,0
SPY190717C303,2019-07-15,2019-07-15 09:36:45,0.16,0.6666,5,0.15,0.625,5242,0.16,0.6666,1,0.155,0.6458,295,0
SPY190717C303,2019-07-15,2019-07-15 09:36:45,0.16,0.6666,5,0.15,0.625,4483,0.16,0.6666,1,0.155,0.6458,295,0
SPY190717C303,2019-07-15,2019-07-15 09:36:46,0.16,0.6666,5,0.15,0.625,5241,0.16,0.6666,1,0.155,0.6458,295,0
SPY190717C303,2019-07-15,2019-07-15 09:36:47,0.16,0.6666,5,0.15,0.625,4912,0.16,0.6666,1,0.155,0.6458,295,0
SPY190717C303,2019-07-15,2019-07-15 09:36:47,0.16,0.6666,5,0.15,0.625,5872,0.16,0.6666,1,0.155,0.6458,295,0
SPY190717C303,2019-07-15,2019-07-15 09:36:48,0.16,0.6666,5,0.15,0.625,4910,0.16,0.6666,1,0.155,0.6458,295,0
SPY190717C303,2019-07-15,2019-07-15 09:36:48,0.16,0.6666,762,0.15,0.625,5827,0.16,0.6666,1,0.155,0.6458,295,0
SPY190717C303,2019-07-15,2019-07-15 09:36:49,0.16,0.6666,922,0.15,0.625,5898,0.16,0.6666,1,0.155,0.6458,295,0
SPY190717C303,2019-07-15,2019-07-15 09:36:49,0.16,0.6666,1226,0.15,0.625,5894,0.16,0.6666,1,0.155,0.6458,295,0
SPY190717C303,2019-07-15,2019-07-15 09:36:50,0.16,0.6666,1290,0.15,0.625,5898,0.16,0.6666,1,0.155,0.6458,295,0
SPY190717C303,2019-07-15,2019-07-15 09:36:51,0.16,0.6666,1620,0.15,0.625,5898,0.16,0.6666,1,0.155,0.6458,295,0
SPY190717C303,2019-07-15,2019-07-15 09:36:51,0.16,0.6666,1008,0.15,0.625,5898,0.16,0.6666,1,0.155,0.6458,295,0
SPY190717C303,2019-07-15,2019-07-15 09:36:52,0.16,0.6666,531,0.15,0.625,5898,0.16,0.6666,1,0.155,0.6458,295,0
SPY190717C303,2019-07-15,2019-07-15 09:36:53,0.16,0.6666,531,0.15,0.625,5898,0.16,0.6666,1,0.155,0.6458,295,0
SPY190717C303,2019-07-15,2019-07-15 09:36:54,0.16,0.6666,557,0.15,0.625,4571,0.16,0.6666,1,0.155,0.6458,295,0
SPY190717C303,2019-07-15,2019-07-15 09:36:54,0.16,0.6666,584,0.15,0.625,4571,0.16,0.6666,1,0.155,0.6458,295,0
SPY190717C303,2019-07-15,2019-07-15 09:36:55,0.16,0.6666,425,0.15,0.625,4031,0.16,0.6666,1,0.155,0.6458,295,0
SPY190717C303,2019-07-15,2019-07-15 09:36:55,0.16,0.6666,425,0.15,0.625,5387,0.16,0.6666,1,0.155,0.6458,295,0
SPY190717C303,2019-07-15,2019-07-15 09:36:56,0.16,0.6666,924,0.15,0.625,4844,0.16,0.6666,1,0.155,0.6458,295,0
SPY190717C303,2019-07-15,2019-07-15 09:36:57,0.16,0.6666,1007,0.15,0.625,4844,0.16,0.6666,1,0.155,0.6458,295,0
SPY190717C303,2019-07-15,2019-07-15 09:36:58,0.16,0.6666,904,0.15,0.625,4844,0.16,0.6666,10,0.155,0.6458,305,10
SPY190717C303,2019-07-15,2019-07-15 09:36:58,0.16,0.6666,980,0.15,0.625,4844,0.16,0.6666,10,0.155,0.6458,305,0
SPY190717C303,2019-07-15,2019-07-15 09:36:59,0.16,0.6666,980,0.15,0.625,5020,0.16,0.6666,10,0.155,0.6458,305,0
SPY190717C303,2019-07-15,2019-07-15 09:37:00,0.16,0.6666,980,0.15,0.625,5020,0.16,0.6666,10,0.155,0.6458,305,0
SPY190717C303,2019-07-15,2019-07-15 09:37:01,0.16,0.6666,5,0.15,0.625,5137,0.16,0.6666,10,0.155,0.6458,305,0
SPY190717C303,2019-07-15,2019-07-15 09:37:01,0.16,0.6666,980,0.15,0.625,5233,0.16,0.6666,10,0.155,0.6458,305,0
SPY190717C303,2019-07-15,2019-07-15 09:37:02,0.16,0.6666,5,0.15,0.625,5592,0.16,0.6666,10,0.155,0.6458,305,0
SPY190717C303,2019-07-15,2019-07-15 09:37:03,0.16,0.6666,5,0.15,0.625,5800,0.16,0.6666,10,0.155,0.6458,305,0
SPY190717C303,2019-07-15,2019-07-15 09:37:04,0.17,0.7083,4760,0.15,0.625,5507,0.16,0.6666,10,0.16,0.6666,305,0
SPY190717C303,2019-07-15,2019-07-15 09:37:05,0.17,0.7083,4760,0.15,0.625,5507,0.16,0.6666,10,0.16,0.6666,305,0
SPY190717C303,2019-07-15,2019-07-15 09:37:06,0.17,0.7083,4147,0.15,0.625,5507,0.16,0.6666,10,0.16,0.6666,305,0
SPY190717C303,2019-07-15,2019-07-15 09:37:07,0.17,0.7083,4147,0.15,0.625,5507,0.16,0.6666,10,0.16,0.6666,305,0
SPY190717C303,2019-07-15,2019-07-15 09:37:08,0.17,0.7083,4147,0.15,0.625,5507,0.16,0.6666,10,0.16,0.6666,305,0
SPY190717C303,2019-07-15,2019-07-15 09:37:09,0.17,0.7083,4147,0.15,0.625,5507,0.16,0.6666,10,0.16,0.6666,305,0
SPY190717C303,2019-07-15,2019-07-15 09:37:10,0.17,0.7083,4912,0.16,0.6666,52,0.16,0.6666,10,0.165,0.6875,305,0
SPY190717C303,2019-07-15,2019-07-15 09:37:10,0.17,0.7083,4147,0.15,0.625,5507,0.16,0.6666,10,0.16,0.6666,305,0
SPY190717C303,2019-07-15,2019-07-15 09:37:11,0.17,0.7083,4912,0.16,0.6666,52,0.16,0.6666,10,0.165,0.6875,305,0
SPY190717C303,2019-07-15,2019-07-15 09:37:12,0.17,0.7083,5134,0.16,0.6666,120,0.16,0.6666,10,0.165,0.6875,305,0
SPY190717C303,2019-07-15,2019-07-15 09:37:12,0.17,0.7083,4912,0.16,0.6666,52,0.16,0.6666,10,0.165,0.6875,305,0
SPY190717C303,2019-07-15,2019-07-15 09:37:13,0.17,0.7083,5049,0.16,0.6666,120,0.16,0.6666,10,0.165,0.6875,305,0
SPY190717C303,2019-07-15,2019-07-15 09:37:14,0.17,0.7083,5049,0.16,0.6666,120,0.16,0.6666,10,0.165,0.6875,305,0
SPY190717C303,2019-07-15,2019-07-15 09:37:14,0.17,0.7083,5143,0.16,0.6666,120,0.16,0.6666,10,0.165,0.6875,305,0
SPY190717C303,2019-07-15,2019-07-15 09:37:15,0.17,0.7083,5143,0.16,0.6666,120,0.16,0.6666,10,0.165,0.6875,305,0
SPY190717C303,2019-07-15,2019-07-15 09:37:16,0.17,0.7083,5143,0.16,0.6666,120,0.16,0.6666,10,0.165,0.6875,305,0
SPY190717C303,2019-07-15,2019-07-15 09:37:17,0.17,0.7083,4774,0.16,0.6666,52,0.16,0.6666,10,0.165,0.6875,305,0
SPY190717C303,2019-07-15,2019-07-15 09:37:17,0.17,0.7083,5288,0.16,0.6666,120,0.16,0.6666,10,0.165,0.6875,305,0
SPY190717C303,2019-07-15,2019-07-15 09:37:18,0.16,0.6666,5,0.15,0.625,5088,0.16,0.6666,10,0.155,0.6458,305,0
SPY190717C303,2019-07-15,2019-07-15 09:37:18,0.17,0.7083,4774,0.16,0.6666,52,0.16,0.6666,10,0.165,0.6875,305,0
SPY190717C303,2019-07-15,2019-07-15 09:37:19,0.16,0.6666,545,0.15,0.625,5088,0.16,0.6666,10,0.155,0.6458,305,0
SPY190717C303,2019-07-15,2019-07-15 09:37:20,0.16,0.6666,680,0.15,0.625,4972,0.16,0.6666,10,0.155,0.6458,305,0
SPY190717C303,2019-07-15,2019-07-15 09:37:20,0.16,0.6666,680,0.15,0.625,5036,0.16,0.6666,10,0.155,0.6458,305,0
SPY190717C303,2019-07-15,2019-07-15 09:37:21,0.16,0.6666,680,0.15,0.625,4833,0.16,0.6666,10,0.155,0.6458,305,0
SPY190717C303,2019-07-15,2019-07-15 09:37:22,0.16,0.6666,697,0.15,0.625,3533,0.16,0.6666,10,0.155,0.6458,305,0
SPY190717C303,2019-07-15,2019-07-15 09:37:22,0.16,0.6666,996,0.15,0.625,4833,0.16,0.6666,10,0.155,0.6458,305,0
SPY190717C303,2019-07-15,2019-07-15 09:37:23,0.16,0.6666,996,0.15,0.625,4931,0.16,0.6666,10,0.155,0.6458,305,0
SPY190717C303,2019-07-15,2019-07-15 09:37:24,0.16,0.6666,996,0.15,0.625,4931,0.16,0.6666,10,0.155,0.6458,305,0
SPY190717C303,2019-07-15,2019-07-15 09:37:24,0.16,0.6666,2229,0.15,0.625,4297,0.16,0.6666,10,0.155,0.6458,305,0
SPY190717C303,2019-07-15,2019-07-15 09:37:25,0.16,0.6666,2177,0.15,0.625,4297,0.16,0.6666,10,0.155,0.6458,305,0
SPY190717C303,2019-07-15,2019-07-15 09:37:26,0.16,0.6666,2177,0.15,0.625,4297,0.16,0.6666,10,0.155,0.6458,305,0
SPY190717C303,2019-07-15,2019-07-15 09:37:26,0.16,0.6666,2838,0.15,0.625,4297,0.16,0.6666,10,0.155,0.6458,305,0
SPY190717C303,2019-07-15,2019-07-15 09:37:27,0.16,0.6666,2905,0.15,0.625,1621,0.16,0.6666,10,0.155,0.6458,305,0
SPY190717C303,2019-07-15,2019-07-15 09:37:27,0.16,0.6666,3418,0.15,0.625,3872,0.16,0.6666,10,0.155,0.6458,305,0
SPY190717C303,2019-07-15,2019-07-15 09:37:28,0.16,0.6666,4076,0.15,0.625,1088,0.16,0.6666,1,0.155,0.6458,306,1
SPY190717C303,2019-07-15,2019-07-15 09:37:29,0.16,0.6666,4076,0.15,0.625,1088,0.16,0.6666,1,0.155,0.6458,306,0
SPY190717C303,2019-07-15,2019-07-15 09:37:30,0.16,0.6666,2896,0.15,0.625,1088,0.16,0.6666,1,0.155,0.6458,306,0
SPY190717C303,2019-07-15,2019-07-15 09:37:31,0.16,0.6666,2896,0.15,0.625,1088,0.16,0.6666,1,0.155,0.6458,306,0
SPY190717C303,2019-07-15,2019-07-15 09:37:32,0.16,0.6666,4076,0.15,0.625,1088,0.16,0.6666,1,0.155,0.6458,306,0
SPY190717C303,2019-07-15,2019-07-15 09:37:33,0.16,0.6666,3108,0.15,0.625,1,0.16,0.6666,1,0.155,0.6458,306,0
SPY190717C303,2019-07-15,2019-07-15 09:37:34,0.16,0.6666,4967,0.15,0.625,1,0.16,0.6666,1,0.155,0.6458,306,0
SPY190717C303,2019-07-15,2019-07-15 09:37:34,0.16,0.6666,3795,0.15,0.625,1,0.16,0.6666,1,0.155,0.6458,306,0
SPY190717C303,2019-07-15,2019-07-15 09:37:35,0.16,0.6666,4967,0.15,0.625,1,0.16,0.6666,1,0.155,0.6458,306,0
SPY190717C303,2019-07-15,2019-07-15 09:37:36,0.16,0.6666,4967,0.15,0.625,1,0.16,0.6666,1,0.155,0.6458,306,0
SPY190717C303,2019-07-15,2019-07-15 09:37:37,0.16,0.6666,3688,0.15,0.625,1,0.16,0.6666,1,0.155,0.6458,306,0
SPY190717C303,2019-07-15,2019-07-15 09:37:38,0.16,0.6666,4965,0.15,0.625,1,0.16,0.6666,1,0.155,0.6458,306,0
SPY190717C303,2019-07-15,2019-07-15 09:37:38,0.16,0.6666,3688,0.15,0.625,1,0.16,0.6666,1,0.155,0.6458,306,0
SPY190717C303,2019-07-15,2019-07-15 09:37:39,0.16,0.6666,4965,0.15,0.625,1,0.16,0.6666,1,0.155,0.6458,306,0
SPY190717C303,2019-07-15,2019-07-15 09:37:39,0.16,0.6666,4654,0.15,0.625,1,0.16,0.6666,1,0.155,0.6458,306,0
SPY190717C303,2019-07-15,2019-07-15 09:37:40,0.16,0.6666,5293,0.15,0.625,1,0.16,0.6666,1,0.155,0.6458,306,0
SPY190717C303,2019-07-15,2019-07-15 09:37:40,0.16,0.6666,5347,0.15,0.625,1,0.16,0.6666,1,0.155,0.6458,306,0
SPY190717C303,2019-07-15,2019-07-15 09:37:41,0.16,0.6666,5665,0.15,0.625,1,0.16,0.6666,1,0.155,0.6458,306,0
SPY190717C303,2019-07-15,2019-07-15 09:37:42,0.16,0.6666,4188,0.15,0.625,1,0.16,0.6666,1,0.155,0.6458,306,0
SPY190717C303,2019-07-15,2019-07-15 09:37:42,0.16,0.6666,4320,0.15,0.625,1,0.16,0.6666,1,0.155,0.6458,306,0
SPY190717C303,2019-07-15,2019-07-15 09:37:43,0.16,0.6666,3724,0.15,0.625,54,0.16,0.6666,1,0.155,0.6458,306,0
SPY190717C303,2019-07-15,2019-07-15 09:37:43,0.16,0.6666,4188,0.15,0.625,1,0.16,0.6666,1,0.155,0.6458,306,0
SPY190717C303,2019-07-15,2019-07-15 09:37:44,0.16,0.6666,3603,0.15,0.625,54,0.16,0.6666,1,0.155,0.6458,306,0
SPY190717C303,2019-07-15,2019-07-15 09:37:44,0.16,0.6666,3700,0.15,0.625,54,0.16,0.6666,1,0.155,0.6458,306,0
SPY190717C303,2019-07-15,2019-07-15 09:37:45,0.16,0.6666,3737,0.15,0.625,108,0.16,0.6666,1,0.155,0.6458,306,0
SPY190717C303,2019-07-15,2019-07-15 09:37:46,0.16,0.6666,3737,0.15,0.625,54,0.16,0.6666,1,0.155,0.6458,306,0
SPY190717C303,2019-07-15,2019-07-15 09:37:46,0.16,0.6666,3700,0.15,0.625,54,0.16,0.6666,1,0.155,0.6458,307,1
SPY190717C303,2019-07-15,2019-07-15 09:37:47,0.16,0.6666,3700,0.15,0.625,54,0.16,0.6666,1,0.155,0.6458,307,0
SPY190717C303,2019-07-15,2019-07-15 09:37:47,0.16,0.6666,5399,0.15,0.625,54,0.16,0.6666,1,0.155,0.6458,307,0
SPY190717C303,2019-07-15,2019-07-15 09:37:48,0.16,0.6666,5399,0.15,0.625,1,0.16,0.6666,1,0.155,0.6458,307,0
SPY190717C303,2019-07-15,2019-07-15 09:37:49,0.16,0.6666,5386,0.15,0.625,1,0.16,0.6666,1,0.155,0.6458,307,0
SPY190717C303,2019-07-15,2019-07-15 09:37:50,0.16,0.6666,4914,0.15,0.625,1,0.16,0.6666,1,0.155,0.6458,307,0
SPY190717C303,2019-07-15,2019-07-15 09:37:51,0.16,0.6666,5020,0.15,0.625,1,0.16,0.6666,1,0.155,0.6458,307,0
SPY190717C303,2019-07-15,2019-07-15 09:37:52,0.16,0.6666,4148,0.15,0.625,1,0.16,0.6666,1,0.155,0.6458,308,1
SPY190717C303,2019-07-15,2019-07-15 09:37:52,0.16,0.6666,5038,0.15,0.625,1,0.16,0.6666,1,0.155,0.6458,307,0
SPY190717C303,2019-07-15,2019-07-15 09:37:53,0.16,0.6666,5721,0.15,0.625,1,0.16,0.6666,1,0.155,0.6458,308,0
SPY190717C303,2019-07-15,2019-07-15 09:37:54,0.16,0.6666,5688,0.15,0.625,1,0.16,0.6666,1,0.155,0.6458,308,0
SPY190717C303,2019-07-15,2019-07-15 09:37:55,0.16,0.6666,5688,0.15,0.625,1,0.16,0.6666,1,0.155,0.6458,308,0
SPY190717C303,2019-07-15,2019-07-15 09:37:56,0.16,0.6666,5688,0.15,0.625,1,0.16,0.6666,1,0.155,0.6458,308,0
SPY190717C303,2019-07-15,2019-07-15 09:37:57,0.15,0.625,1262,0.15,0.625,1,0.15,0.625,1,0.15,0.625,310,2
SPY190717C303,2019-07-15,2019-07-15 09:37:57,0.15,0.625,3300,0.14,0.5833,3749,0.15,0.625,1,0.145,0.6041,310,0
SPY190717C303,2019-07-15,2019-07-15 09:37:58,0.15,0.625,3476,0.14,0.5833,3435,0.15,0.625,1,0.145,0.6041,310,0
SPY190717C303,2019-07-15,2019-07-15 09:37:58,0.15,0.625,2665,0.14,0.5833,2644,0.15,0.625,1,0.145,0.6041,310,0
SPY190717C303,2019-07-15,2019-07-15 09:37:59,0.15,0.625,2565,0.14,0.5833,3216,0.15,0.625,1,0.145,0.6041,310,0
SPY190717C303,2019-07-15,2019-07-15 09:38:00,0.15,0.625,2593,0.14,0.5833,3066,0.15,0.625,1,0.145,0.6041,310,0
SPY190717C303,2019-07-15,2019-07-15 09:38:00,0.15,0.625,2493,0.14,0.5833,3066,0.15,0.625,1,0.145,0.6041,310,0
SPY190717C303,2019-07-15,2019-07-15 09:38:01,0.15,0.625,2593,0.14,0.5833,3066,0.15,0.625,1,0.145,0.6041,310,0
SPY190717C303,2019-07-15,2019-07-15 09:38:01,0.15,0.625,2593,0.14,0.5833,2482,0.15,0.625,1,0.145,0.6041,310,0
SPY190717C303,2019-07-15,2019-07-15 09:38:02,0.15,0.625,2593,0.14,0.5833,2482,0.15,0.625,1,0.145,0.6041,310,0
SPY190717C303,2019-07-15,2019-07-15 09:38:03,0.15,0.625,3872,0.14,0.5833,3774,0.15,0.625,1,0.145,0.6041,310,0
SPY190717C303,2019-07-15,2019-07-15 09:38:03,0.15,0.625,3726,0.14,0.5833,3644,0.15,0.625,1,0.145,0.6041,310,0
SPY190717C303,2019-07-15,2019-07-15 09:38:04,0.15,0.625,3872,0.14,0.5833,4358,0.15,0.625,1,0.145,0.6041,310,0
SPY190717C303,2019-07-15,2019-07-15 09:38:04,0.15,0.625,3618,0.14,0.5833,3224,0.15,0.625,1,0.145,0.6041,310,0
SPY190717C303,2019-07-15,2019-07-15 09:38:05,0.15,0.625,3939,0.14,0.5833,3545,0.15,0.625,1,0.145,0.6041,310,0
SPY190717C303,2019-07-15,2019-07-15 09:38:06,0.15,0.625,3939,0.14,0.5833,3414,0.15,0.625,1,0.145,0.6041,310,0
SPY190717C303,2019-07-15,2019-07-15 09:38:07,0.15,0.625,4126,0.14,0.5833,3414,0.15,0.625,1,0.145,0.6041,310,0
SPY190717C303,2019-07-15,2019-07-15 09:38:08,0.15,0.625,2996,0.14,0.5833,2249,0.15,0.625,1,0.145,0.6041,310,0
SPY190717C303,2019-07-15,2019-07-15 09:38:08,0.15,0.625,2894,0.14,0.5833,3414,0.15,0.625,1,0.145,0.6041,310,0
SPY190717C303,2019-07-15,2019-07-15 09:38:09,0.15,0.625,4121,0.14,0.5833,3300,0.15,0.625,1,0.145,0.6041,310,0
SPY190717C303,2019-07-15,2019-07-15 09:38:09,0.15,0.625,2359,0.14,0.5833,2082,0.15,0.625,1,0.145,0.6041,310,0
SPY190717C303,2019-07-15,2019-07-15 09:38:10,0.15,0.625,2630,0.14,0.5833,3209,0.15,0.625,1,0.145,0.6041,310,0
SPY190717C303,2019-07-15,2019-07-15 09:38:11,0.15,0.625,3882,0.14,0.5833,4303,0.15,0.625,1,0.145,0.6041,310,0
SPY190717C303,2019-07-15,2019-07-15 09:38:11,0.15,0.625,2900,0.14,0.5833,3073,0.15,0.625,1,0.145,0.6041,310,0
SPY190717C303,2019-07-15,2019-07-15 09:38:12,0.15,0.625,3726,0.14,0.5833,3781,0.15,0.625,1,0.145,0.6041,310,0
SPY190717C303,2019-07-15,2019-07-15 09:38:12,0.15,0.625,1664,0.14,0.5833,2928,0.15,0.625,1,0.145,0.6041,310,0
SPY190717C303,2019-07-15,2019-07-15 09:38:13,0.15,0.625,1664,0.14,0.5833,2928,0.15,0.625,1,0.145,0.6041,310,0
SPY190717C303,2019-07-15,2019-07-15 09:38:14,0.15,0.625,3017,0.14,0.5833,4580,0.15,0.625,4,0.145,0.6041,314,4
SPY190717C303,2019-07-15,2019-07-15 09:38:14,0.15,0.625,2880,0.14,0.5833,4451,0.15,0.625,1,0.145,0.6041,310,0
SPY190717C303,2019-07-15,2019-07-15 09:38:15,0.15,0.625,1569,0.14,0.5833,4809,0.15,0.625,4,0.145,0.6041,314,0
SPY190717C303,2019-07-15,2019-07-15 09:38:15,0.15,0.625,1985,0.14,0.5833,3677,0.15,0.625,4,0.145,0.6041,314,0
SPY190717C303,2019-07-15,2019-07-15 09:38:16,0.15,0.625,1569,0.14,0.5833,4228,0.14,0.5833,1,0.145,0.6041,315,1
SPY190717C303,2019-07-15,2019-07-15 09:38:17,0.15,0.625,1569,0.14,0.5833,4228,0.14,0.5833,1,0.145,0.6041,315,0
SPY190717C303,2019-07-15,2019-07-15 09:38:17,0.15,0.625,1026,0.14,0.5833,4451,0.14,0.5833,1,0.145,0.6041,315,0
SPY190717C303,2019-07-15,2019-07-15 09:38:18,0.15,0.625,1026,0.14,0.5833,5813,0.14,0.5833,1,0.145,0.6041,315,0
SPY190717C303,2019-07-15,2019-07-15 09:38:18,0.15,0.625,1026,0.14,0.5833,4451,0.14,0.5833,1,0.145,0.6041,315,0
SPY190717C303,2019-07-15,2019-07-15 09:38:19,0.15,0.625,485,0.14,0.5833,5756,0.14,0.5833,1,0.145,0.6041,315,0
SPY190717C303,2019-07-15,2019-07-15 09:38:19,0.15,0.625,1026,0.14,0.5833,5813,0.14,0.5833,1,0.145,0.6041,315,0
SPY190717C303,2019-07-15,2019-07-15 09:38:20,0.15,0.625,485,0.14,0.5833,5517,0.14,0.5833,1,0.145,0.6041,315,0
SPY190717C303,2019-07-15,2019-07-15 09:38:21,0.15,0.625,425,0.14,0.5833,4496,0.14,0.5833,1,0.145,0.6041,315,0
SPY190717C303,2019-07-15,2019-07-15 09:38:21,0.15,0.625,485,0.14,0.5833,4496,0.14,0.5833,1,0.145,0.6041,315,0
SPY190717C303,2019-07-15,2019-07-15 09:38:22,0.15,0.625,425,0.14,0.5833,5800,0.14,0.5833,1,0.145,0.6041,315,0
SPY190717C303,2019-07-15,2019-07-15 09:38:22,0.15,0.625,425,0.14,0.5833,4496,0.14,0.5833,1,0.145,0.6041,315,0
SPY190717C303,2019-07-15,2019-07-15 09:38:23,0.15,0.625,425,0.14,0.5833,5837,0.14,0.5833,1,0.145,0.6041,315,0
SPY190717C303,2019-07-15,2019-07-15 09:38:23,0.15,0.625,2164,0.14,0.5833,5874,0.14,0.5833,1,0.145,0.6041,315,0
SPY190717C303,2019-07-15,2019-07-15 09:38:24,0.15,0.625,1034,0.14,0.5833,4550,0.14,0.5833,1,0.145,0.6041,315,0
SPY190717C303,2019-07-15,2019-07-15 09:38:25,0.15,0.625,1678,0.14,0.5833,3919,0.14,0.5833,1,0.145,0.6041,315,0
SPY190717C303,2019-07-15,2019-07-15 09:38:25,0.15,0.625,1951,0.14,0.5833,3598,0.14,0.5833,1,0.145,0.6041,315,0
SPY190717C303,2019-07-15,2019-07-15 09:38:26,0.15,0.625,2815,0.14,0.5833,3919,0.14,0.5833,1,0.145,0.6041,315,0
SPY190717C303,2019-07-15,2019-07-15 09:38:27,0.15,0.625,3940,0.14,0.5833,4526,0.14,0.5833,1,0.145,0.6041,315,0
SPY190717C303,2019-07-15,2019-07-15 09:38:27,0.15,0.625,3935,0.14,0.5833,5236,0.14,0.5833,1,0.145,0.6041,315,0
SPY190717C303,2019-07-15,2019-07-15 09:38:28,0.15,0.625,3867,0.14,0.5833,4282,0.14,0.5833,1,0.145,0.6041,315,0
SPY190717C303,2019-07-15,2019-07-15 09:38:29,0.15,0.625,2715,0.14,0.5833,3136,0.14,0.5833,1,0.145,0.6041,315,0
SPY190717C303,2019-07-15,2019-07-15 09:38:29,0.15,0.625,3935,0.14,0.5833,4360,0.14,0.5833,1,0.145,0.6041,315,0
SPY190717C303,2019-07-15,2019-07-15 09:38:30,0.15,0.625,3764,0.14,0.5833,4485,0.14,0.5833,1,0.145,0.6041,315,0
SPY190717C303,2019-07-15,2019-07-15 09:38:31,0.15,0.625,435,0.14,0.5833,3915,0.14,0.5833,1,0.145,0.6041,315,0
SPY190717C303,2019-07-15,2019-07-15 09:38:31,0.15,0.625,3755,0.14,0.5833,4501,0.14,0.5833,1,0.145,0.6041,315,0
SPY190717C303,2019-07-15,2019-07-15 09:38:32,0.15,0.625,435,0.14,0.5833,4340,0.14,0.5833,1,0.145,0.6041,315,0
SPY190717C303,2019-07-15,2019-07-15 09:38:32,0.15,0.625,435,0.14,0.5833,4155,0.14,0.5833,1,0.145,0.6041,315,0
SPY190717C303,2019-07-15,2019-07-15 09:38:37,0.15,0.625,2347,0.14,0.5833,2771,0.14,0.5833,1,0.145,0.6041,315,0
SPY190717C303,2019-07-15,2019-07-15 09:38:37,0.15,0.625,3027,0.14,0.5833,4974,0.14,0.5833,1,0.145,0.6041,315,0
SPY190717C303,2019-07-15,2019-07-15 09:38:38,0.15,0.625,2989,0.14,0.5833,4859,0.14,0.5833,1,0.145,0.6041,315,0
SPY190717C303,2019-07-15,2019-07-15 09:38:39,0.15,0.625,2905,0.14,0.5833,4864,0.14,0.5833,1,0.145,0.6041,315,0
SPY190717C303,2019-07-15,2019-07-15 09:38:39,0.15,0.625,1915,0.14,0.5833,3589,0.14,0.5833,1,0.145,0.6041,315,0
SPY190717C303,2019-07-15,2019-07-15 09:38:40,0.15,0.625,3027,0.14,0.5833,4767,0.14,0.5833,1,0.145,0.6041,315,0
SPY190717C303,2019-07-15,2019-07-15 09:38:40,0.15,0.625,2015,0.14,0.5833,3494,0.14,0.5833,1,0.145,0.6041,315,0
SPY190717C303,2019-07-15,2019-07-15 09:38:41,0.15,0.625,3027,0.14,0.5833,4513,0.14,0.5833,1,0.145,0.6041,315,0
SPY190717C303,2019-07-15,2019-07-15 09:38:41,0.15,0.625,3027,0.14,0.5833,4703,0.14,0.5833,1,0.145,0.6041,315,0
SPY190717C303,2019-07-15,2019-07-15 09:38:42,0.15,0.625,2242,0.14,0.5833,3268,0.14,0.5833,1,0.145,0.6041,315,0
SPY190717C303,2019-07-15,2019-07-15 09:38:42,0.15,0.625,2446,0.14,0.5833,4505,0.14,0.5833,1,0.145,0.6041,315,0
SPY190717C303,2019-07-15,2019-07-15 09:38:43,0.15,0.625,3024,0.14,0.5833,4505,0.14,0.5833,1,0.145,0.6041,315,0
SPY190717C303,2019-07-15,2019-07-15 09:38:43,0.15,0.625,3024,0.14,0.5833,4599,0.14,0.5833,1,0.145,0.6041,315,0
SPY190717C303,2019-07-15,2019-07-15 09:38:44,0.15,0.625,2962,0.14,0.5833,4508,0.14,0.5833,1,0.145,0.6041,315,0
SPY190717C303,2019-07-15,2019-07-15 09:38:45,0.15,0.625,3162,0.14,0.5833,4508,0.14,0.5833,1,0.145,0.6041,315,0
SPY190717C303,2019-07-15,2019-07-15 09:38:46,0.15,0.625,2907,0.14,0.5833,4489,0.14,0.5833,1,0.145,0.6041,315,0
SPY190717C303,2019-07-15,2019-07-15 09:38:46,0.15,0.625,3162,0.14,0.5833,4152,0.14,0.5833,1,0.145,0.6041,315,0
SPY190717C303,2019-07-15,2019-07-15 09:38:47,0.15,0.625,3162,0.14,0.5833,4152,0.14,0.5833,1,0.145,0.6041,315,0
SPY190717C303,2019-07-15,2019-07-15 09:38:48,0.15,0.625,3116,0.14,0.5833,3414,0.14,0.5833,1,0.145,0.6041,315,0
SPY190717C303,2019-07-15,2019-07-15 09:38:48,0.15,0.625,2916,0.14,0.5833,3414,0.14,0.5833,1,0.145,0.6041,315,0
SPY190717C303,2019-07-15,2019-07-15 09:38:49,0.15,0.625,3116,0.14,0.5833,3472,0.14,0.5833,1,0.145,0.6041,315,0
SPY190717C303,2019-07-15,2019-07-15 09:38:49,0.15,0.625,3116,0.14,0.5833,3414,0.14,0.5833,1,0.145,0.6041,315,0
SPY190717C303,2019-07-15,2019-07-15 09:38:50,0.15,0.625,3116,0.14,0.5833,3434,0.14,0.5833,1,0.145,0.6041,315,0
SPY190717C303,2019-07-15,2019-07-15 09:38:51,0.15,0.625,3116,0.14,0.5833,3434,0.14,0.5833,1,0.145,0.6041,315,0
SPY190717C303,2019-07-15,2019-07-15 09:38:51,0.15,0.625,3116,0.14,0.5833,3472,0.14,0.5833,1,0.145,0.6041,315,0
SPY190717C303,2019-07-15,2019-07-15 09:38:52,0.15,0.625,3116,0.14,0.5833,4051,0.14,0.5833,1,0.145,0.6041,315,0
SPY190717C303,2019-07-15,2019-07-15 09:38:52,0.15,0.625,3158,0.14,0.5833,4148,0.14,0.5833,1,0.145,0.6041,315,0
SPY190717C303,2019-07-15,2019-07-15 09:38:53,0.15,0.625,1876,0.14,0.5833,2995,0.14,0.5833,1,0.145,0.6041,315,0
SPY190717C303,2019-07-15,2019-07-15 09:38:54,0.15,0.625,2126,0.14,0.5833,3045,0.14,0.5833,1,0.145,0.6041,315,0
SPY190717C303,2019-07-15,2019-07-15 09:38:54,0.15,0.625,2664,0.14,0.5833,3045,0.14,0.5833,1,0.145,0.6041,315,0
SPY190717C303,2019-07-15,2019-07-15 09:38:55,0.15,0.625,2911,0.14,0.5833,4357,0.14,0.5833,1,0.145,0.6041,315,0
SPY190717C303,2019-07-15,2019-07-15 09:38:55,0.15,0.625,3160,0.14,0.5833,4350,0.14,0.5833,1,0.145,0.6041,315,0
SPY190717C303,2019-07-15,2019-07-15 09:38:56,0.15,0.625,2960,0.14,0.5833,4350,0.14,0.5833,1,0.145,0.6041,315,0
SPY190717C303,2019-07-15,2019-07-15 09:38:57,0.15,0.625,2582,0.14,0.5833,4350,0.14,0.5833,1,0.145,0.6041,315,0
SPY190717C303,2019-07-15,2019-07-15 09:38:58,0.15,0.625,2704,0.14,0.5833,4350,0.14,0.5833,1,0.145,0.6041,315,0
SPY190717C303,2019-07-15,2019-07-15 09:38:59,0.15,0.625,2582,0.14,0.5833,4242,0.14,0.5833,1,0.145,0.6041,315,0
SPY190717C303,2019-07-15,2019-07-15 09:38:59,0.15,0.625,2582,0.14,0.5833,4350,0.14,0.5833,1,0.145,0.6041,315,0
SPY190717C303,2019-07-15,2019-07-15 09:39:00,0.15,0.625,2582,0.14,0.5833,4242,0.14,0.5833,1,0.145,0.6041,315,0
SPY190717C303,2019-07-15,2019-07-15 09:39:01,0.15,0.625,2582,0.14,0.5833,4242,0.14,0.5833,1,0.145,0.6041,315,0
SPY190717C303,2019-07-15,2019-07-15 09:39:02,0.15,0.625,2532,0.14,0.5833,3174,0.14,0.5833,1,0.145,0.6041,315,0
SPY190717C303,2019-07-15,2019-07-15 09:39:02,0.15,0.625,2443,0.14,0.5833,4381,0.14,0.5833,1,0.145,0.6041,315,0
SPY190717C303,2019-07-15,2019-07-15 09:39:03,0.15,0.625,2438,0.14,0.5833,4381,0.14,0.5833,1,0.145,0.6041,315,0
SPY190717C303,2019-07-15,2019-07-15 09:39:04,0.15,0.625,2438,0.14,0.5833,4252,0.14,0.5833,1,0.145,0.6041,315,0
SPY190717C303,2019-07-15,2019-07-15 09:39:05,0.15,0.625,2238,0.14,0.5833,4252,0.14,0.5833,1,0.145,0.6041,315,0
SPY190717C303,2019-07-15,2019-07-15 09:39:05,0.15,0.625,2438,0.14,0.5833,4370,0.14,0.5833,1,0.145,0.6041,315,0
SPY190717C303,2019-07-15,2019-07-15 09:39:06,0.15,0.625,2438,0.14,0.5833,4370,0.14,0.5833,1,0.145,0.6041,315,0
SPY190717C303,2019-07-15,2019-07-15 09:39:07,0.15,0.625,1987,0.14,0.5833,4320,0.14,0.5833,1,0.145,0.6041,315,0
SPY190717C303,2019-07-15,2019-07-15 09:39:07,0.15,0.625,2398,0.14,0.5833,3163,0.14,0.5833,1,0.145,0.6041,315,0
SPY190717C303,2019-07-15,2019-07-15 09:39:08,0.15,0.625,2398,0.14,0.5833,2875,0.14,0.5833,1,0.145,0.6041,315,0
SPY190717C303,2019-07-15,2019-07-15 09:39:09,0.15,0.625,2508,0.14,0.5833,4051,0.14,0.5833,1,0.145,0.6041,315,0
SPY190717C303,2019-07-15,2019-07-15 09:39:10,0.15,0.625,2243,0.14,0.5833,3045,0.14,0.5833,1,0.145,0.6041,315,0
SPY190717C303,2019-07-15,2019-07-15 09:39:10,0.15,0.625,2678,0.14,0.5833,4221,0.14,0.5833,1,0.145,0.6041,315,0
SPY190717C303,2019-07-15,2019-07-15 09:39:11,0.15,0.625,3499,0.14,0.5833,4349,0.14,0.5833,1,0.145,0.6041,315,0
SPY190717C303,2019-07-15,2019-07-15 09:39:12,0.15,0.625,2835,0.14,0.5833,4433,0.14,0.5833,1,0.145,0.6041,315,0
SPY190717C303,2019-07-15,2019-07-15 09:39:12,0.15,0.625,2072,0.14,0.5833,1558,0.14,0.5833,1,0.145,0.6041,315,0
SPY190717C303,2019-07-15,2019-07-15 09:39:13,0.15,0.625,2835,0.14,0.5833,4550,0.15,0.625,2,0.145,0.6041,323,8
SPY190717C303,2019-07-15,2019-07-15 09:39:13,0.15,0.625,2835,0.14,0.5833,4433,0.14,0.5833,1,0.145,0.6041,315,0
SPY190717C303,2019-07-15,2019-07-15 09:39:14,0.15,0.625,1442,0.14,0.5833,3049,0.15,0.625,2,0.145,0.6041,323,0
SPY190717C303,2019-07-15,2019-07-15 09:39:15,0.15,0.625,2469,0.14,0.5833,4423,0.15,0.625,4,0.145,0.6041,327,0
SPY190717C303,2019-07-15,2019-07-15 09:39:15,0.15,0.625,2299,0.14,0.5833,4253,0.15,0.625,4,0.145,0.6041,327,4
SPY190717C303,2019-07-15,2019-07-15 09:39:16,0.15,0.625,2669,0.14,0.5833,4423,0.15,0.625,4,0.145,0.6041,327,0
SPY190717C303,2019-07-15,2019-07-15 09:39:16,0.15,0.625,2719,0.14,0.5833,4533,0.15,0.625,4,0.145,0.6041,327,0
SPY190717C303,2019-07-15,2019-07-15 09:39:17,0.15,0.625,3819,0.14,0.5833,4421,0.15,0.625,4,0.145,0.6041,327,0
SPY190717C303,2019-07-15,2019-07-15 09:39:17,0.15,0.625,2952,0.14,0.5833,4533,0.15,0.625,4,0.145,0.6041,327,0
SPY190717C303,2019-07-15,2019-07-15 09:39:18,0.15,0.625,3819,0.14,0.5833,4421,0.15,0.625,4,0.145,0.6041,327,0
SPY190717C303,2019-07-15,2019-07-15 09:39:19,0.15,0.625,3818,0.14,0.5833,4421,0.15,0.625,4,0.145,0.6041,327,0
SPY190717C303,2019-07-15,2019-07-15 09:39:20,0.15,0.625,3818,0.14,0.5833,4421,0.15,0.625,4,0.145,0.6041,327,0
SPY190717C303,2019-07-15,2019-07-15 09:39:21,0.15,0.625,3818,0.14,0.5833,3842,0.15,0.625,4,0.145,0.6041,327,0
SPY190717C303,2019-07-15,2019-07-15 09:39:22,0.15,0.625,3818,0.14,0.5833,3842,0.15,0.625,4,0.145,0.6041,327,0
SPY190717C303,2019-07-15,2019-07-15 09:39:23,0.15,0.625,3818,0.14,0.5833,3842,0.15,0.625,4,0.145,0.6041,327,0
SPY190717C303,2019-07-15,2019-07-15 09:39:23,0.15,0.625,2687,0.14,0.5833,3842,0.15,0.625,4,0.145,0.6041,327,0
SPY190717C303,2019-07-15,2019-07-15 09:39:24,0.15,0.625,3775,0.14,0.5833,3760,0.15,0.625,4,0.145,0.6041,327,0
SPY190717C303,2019-07-15,2019-07-15 09:39:24,0.15,0.625,3720,0.14,0.5833,3732,0.15,0.625,4,0.145,0.6041,327,0
SPY190717C303,2019-07-15,2019-07-15 09:39:25,0.15,0.625,3720,0.14,0.5833,3732,0.15,0.625,4,0.145,0.6041,327,0
SPY190717C303,2019-07-15,2019-07-15 09:39:26,0.15,0.625,2687,0.14,0.5833,2587,0.15,0.625,4,0.145,0.6041,327,0
SPY190717C303,2019-07-15,2019-07-15 09:39:27,0.15,0.625,2687,0.14,0.5833,2587,0.15,0.625,4,0.145,0.6041,327,0
SPY190717C303,2019-07-15,2019-07-15 09:39:27,0.15,0.625,2798,0.14,0.5833,2587,0.15,0.625,4,0.145,0.6041,327,0
SPY190717C303,2019-07-15,2019-07-15 09:39:28,0.15,0.625,3710,0.14,0.5833,3698,0.15,0.625,4,0.145,0.6041,327,0
SPY190717C303,2019-07-15,2019-07-15 09:39:28,0.15,0.625,3710,0.14,0.5833,3737,0.15,0.625,4,0.145,0.6041,327,0
SPY190717C303,2019-07-15,2019-07-15 09:39:29,0.15,0.625,3709,0.14,0.5833,3698,0.15,0.625,4,0.145,0.6041,327,0
SPY190717C303,2019-07-15,2019-07-15 09:39:30,0.15,0.625,3709,0.14,0.5833,4397,0.15,0.625,4,0.145,0.6041,327,0
SPY190717C303,2019-07-15,2019-07-15 09:39:30,0.15,0.625,2619,0.14,0.5833,3166,0.15,0.625,4,0.145,0.6041,327,0
SPY190717C303,2019-07-15,2019-07-15 09:39:31,0.15,0.625,3709,0.14,0.5833,4397,0.15,0.625,4,0.145,0.6041,327,0
SPY190717C303,2019-07-15,2019-07-15 09:39:31,0.15,0.625,2419,0.14,0.5833,3166,0.15,0.625,4,0.145,0.6041,327,0
SPY190717C303,2019-07-15,2019-07-15 09:39:32,0.15,0.625,2676,0.14,0.5833,3203,0.15,0.625,4,0.145,0.6041,327,0
SPY190717C303,2019-07-15,2019-07-15 09:39:33,0.15,0.625,2732,0.14,0.5833,4438,0.15,0.625,4,0.145,0.6041,327,0
SPY190717C303,2019-07-15,2019-07-15 09:39:33,0.15,0.625,1307,0.14,0.5833,2406,0.15,0.625,4,0.145,0.6041,327,0
SPY190717C303,2019-07-15,2019-07-15 09:39:34,0.15,0.625,1307,0.14,0.5833,4443,0.15,0.625,4,0.145,0.6041,327,0
SPY190717C303,2019-07-15,2019-07-15 09:39:35,0.15,0.625,1026,0.14,0.5833,5363,0.15,0.625,4,0.145,0.6041,327,0
SPY190717C303,2019-07-15,2019-07-15 09:39:35,0.15,0.625,1026,0.14,0.5833,5473,0.15,0.625,4,0.145,0.6041,327,0
SPY190717C303,2019-07-15,2019-07-15 09:39:36,0.15,0.625,1026,0.14,0.5833,5352,0.15,0.625,4,0.145,0.6041,327,0
SPY190717C303,2019-07-15,2019-07-15 09:39:37,0.15,0.625,1642,0.14,0.5833,5352,0.15,0.625,4,0.145,0.6041,327,0
SPY190717C303,2019-07-15,2019-07-15 09:39:37,0.15,0.625,1026,0.14,0.5833,5350,0.15,0.625,4,0.145,0.6041,327,0
SPY190717C303,2019-07-15,2019-07-15 09:39:38,0.15,0.625,1026,0.14,0.5833,4027,0.15,0.625,4,0.145,0.6041,327,0
SPY190717C303,2019-07-15,2019-07-15 09:39:39,0.15,0.625,2507,0.14,0.5833,3502,0.15,0.625,4,0.145,0.6041,327,0
SPY190717C303,2019-07-15,2019-07-15 09:39:39,0.15,0.625,1026,0.14,0.5833,4027,0.15,0.625,4,0.145,0.6041,327,0
SPY190717C303,2019-07-15,2019-07-15 09:39:40,0.15,0.625,1612,0.14,0.5833,4774,0.15,0.625,4,0.145,0.6041,327,0
SPY190717C303,2019-07-15,2019-07-15 09:39:40,0.15,0.625,2128,0.14,0.5833,4774,0.15,0.625,4,0.145,0.6041,327,0
SPY190717C303,2019-07-15,2019-07-15 09:39:41,0.15,0.625,2128,0.14,0.5833,3312,0.15,0.625,4,0.145,0.6041,327,0
SPY190717C303,2019-07-15,2019-07-15 09:39:41,0.15,0.625,2432,0.14,0.5833,3312,0.15,0.625,4,0.145,0.6041,327,0
SPY190717C303,2019-07-15,2019-07-15 09:39:42,0.15,0.625,3554,0.14,0.5833,3920,0.15,0.625,4,0.145,0.6041,327,0
SPY190717C303,2019-07-15,2019-07-15 09:39:42,0.15,0.625,3498,0.14,0.5833,4403,0.15,0.625,4,0.145,0.6041,327,0
SPY190717C303,2019-07-15,2019-07-15 09:39:43,0.15,0.625,2182,0.14,0.5833,2327,0.15,0.625,4,0.145,0.6041,327,0
SPY190717C303,2019-07-15,2019-07-15 09:39:44,0.15,0.625,3254,0.14,0.5833,3723,0.15,0.625,4,0.145,0.6041,327,0
SPY190717C303,2019-07-15,2019-07-15 09:39:45,0.15,0.625,3504,0.14,0.5833,3732,0.15,0.625,4,0.145,0.6041,327,0
SPY190717C303,2019-07-15,2019-07-15 09:39:45,0.15,0.625,3254,0.14,0.5833,3723,0.15,0.625,4,0.145,0.6041,327,0
SPY190717C303,2019-07-15,2019-07-15 09:39:46,0.15,0.625,3508,0.14,0.5833,3732,0.15,0.625,4,0.145,0.6041,327,0
SPY190717C303,2019-07-15,2019-07-15 09:39:47,0.15,0.625,3508,0.14,0.5833,3732,0.15,0.625,6,0.145,0.6041,337,10
SPY190717C303,2019-07-15,2019-07-15 09:39:47,0.15,0.625,3508,0.14,0.5833,3732,0.15,0.625,4,0.145,0.6041,327,0
SPY190717C303,2019-07-15,2019-07-15 09:39:48,0.15,0.625,3508,0.14,0.5833,3732,0.15,0.625,6,0.145,0.6041,337,0
SPY190717C303,2019-07-15,2019-07-15 09:39:48,0.15,0.625,3308,0.14,0.5833,3732,0.15,0.625,6,0.145,0.6041,337,0
SPY190717C303,2019-07-15,2019-07-15 09:39:49,0.15,0.625,3308,0.14,0.5833,3732,0.15,0.625,6,0.145,0.6041,337,0
SPY190717C303,2019-07-15,2019-07-15 09:39:50,0.15,0.625,3308,0.14,0.5833,3732,0.15,0.625,6,0.145,0.6041,337,0
SPY190717C303,2019-07-15,2019-07-15 09:39:51,0.15,0.625,3308,0.14,0.5833,3732,0.15,0.625,6,0.145,0.6041,337,0
SPY190717C303,2019-07-15,2019-07-15 09:39:52,0.15,0.625,2232,0.14,0.5833,2397,0.15,0.625,6,0.145,0.6041,337,0
SPY190717C303,2019-07-15,2019-07-15 09:39:52,0.15,0.625,3326,0.14,0.5833,4069,0.15,0.625,6,0.145,0.6041,337,0
SPY190717C303,2019-07-15,2019-07-15 09:39:53,0.15,0.625,2066,0.14,0.5833,3093,0.15,0.625,6,0.145,0.6041,337,0
SPY190717C303,2019-07-15,2019-07-15 09:39:54,0.15,0.625,350,0.14,0.5833,2478,0.15,0.625,20,0.145,0.6041,357,20
SPY190717C303,2019-07-15,2019-07-15 09:39:54,0.15,0.625,2066,0.14,0.5833,3359,0.15,0.625,6,0.145,0.6041,337,0
SPY190717C303,2019-07-15,2019-07-15 09:39:55,0.15,0.625,133,0.14,0.5833,4369,0.15,0.625,20,0.145,0.6041,357,0
SPY190717C303,2019-07-15,2019-07-15 09:39:55,0.15,0.625,438,0.14,0.5833,4193,0.15,0.625,20,0.145,0.6041,357,0
SPY190717C303,2019-07-15,2019-07-15 09:39:56,0.15,0.625,3,0.14,0.5833,4369,0.15,0.625,20,0.145,0.6041,357,0
SPY190717C303,2019-07-15,2019-07-15 09:39:57,0.16,0.6666,2708,0.15,0.625,864,0.15,0.625,2,0.155,0.6458,360,0
SPY190717C303,2019-07-15,2019-07-15 09:39:57,0.15,0.625,3,0.15,0.625,1,0.15,0.625,2,0.15,0.625,360,3
SPY190717C303,2019-07-15,2019-07-15 09:39:58,0.16,0.6666,2387,0.15,0.625,140,0.15,0.625,2,0.155,0.6458,360,0
SPY190717C303,2019-07-15,2019-07-15 09:39:58,0.16,0.6666,3212,0.15,0.625,467,0.15,0.625,2,0.155,0.6458,360,0
SPY190717C303,2019-07-15,2019-07-15 09:39:59,0.16,0.6666,3189,0.15,0.625,425,0.15,0.625,2,0.155,0.6458,360,0
SPY190717C303,2019-07-15,2019-07-15 09:39:59,0.16,0.6666,3239,0.15,0.625,500,0.15,0.625,2,0.155,0.6458,360,0
SPY190717C303,2019-07-15,2019-07-15 09:40:00,0.16,0.6666,3189,0.15,0.625,461,0.15,0.625,2,0.155,0.6458,360,0
SPY190717C303,2019-07-15,2019-07-15 09:40:01,0.16,0.6666,4634,0.15,0.625,527,0.15,0.625,2,0.155,0.6458,360,0
SPY190717C303,2019-07-15,2019-07-15 09:40:01,0.16,0.6666,3401,0.15,0.625,62,0.15,0.625,2,0.155,0.6458,360,0
SPY190717C303,2019-07-15,2019-07-15 09:40:02,0.16,0.6666,5542,0.15,0.625,62,0.15,0.625,2,0.155,0.6458,360,0
SPY190717C303,2019-07-15,2019-07-15 09:40:03,0.16,0.6666,5589,0.15,0.625,62,0.15,0.625,2,0.155,0.6458,360,0
SPY190717C303,2019-07-15,2019-07-15 09:40:03,0.16,0.6666,5650,0.15,0.625,62,0.15,0.625,2,0.155,0.6458,360,0
SPY190717C303,2019-07-15,2019-07-15 09:40:04,0.16,0.6666,2868,0.15,0.625,116,0.15,0.625,2,0.155,0.6458,360,0
SPY190717C303,2019-07-15,2019-07-15 09:40:05,0.16,0.6666,3994,0.15,0.625,116,0.15,0.625,2,0.155,0.6458,360,0
SPY190717C303,2019-07-15,2019-07-15 09:40:05,0.16,0.6666,3745,0.15,0.625,116,0.15,0.625,2,0.155,0.6458,360,0
SPY190717C303,2019-07-15,2019-07-15 09:40:06,0.16,0.6666,4035,0.15,0.625,116,0.15,0.625,2,0.155,0.6458,360,0
SPY190717C303,2019-07-15,2019-07-15 09:40:06,0.16,0.6666,4383,0.15,0.625,116,0.15,0.625,2,0.155,0.6458,360,0
SPY190717C303,2019-07-15,2019-07-15 09:40:07,0.16,0.6666,4698,0.15,0.625,116,0.15,0.625,2,0.155,0.6458,360,0
SPY190717C303,2019-07-15,2019-07-15 09:40:08,0.16,0.6666,4647,0.15,0.625,116,0.16,0.6666,1,0.155,0.6458,361,1
SPY190717C303,2019-07-15,2019-07-15 09:40:08,0.16,0.6666,4698,0.15,0.625,116,0.15,0.625,2,0.155,0.6458,360,0
SPY190717C303,2019-07-15,2019-07-15 09:40:09,0.16,0.6666,3391,0.15,0.625,116,0.16,0.6666,1,0.155,0.6458,361,0
SPY190717C303,2019-07-15,2019-07-15 09:40:09,0.16,0.6666,4647,0.15,0.625,116,0.16,0.6666,1,0.155,0.6458,361,0
SPY190717C303,2019-07-15,2019-07-15 09:40:10,0.16,0.6666,4640,0.15,0.625,116,0.16,0.6666,1,0.155,0.6458,361,0
SPY190717C303,2019-07-15,2019-07-15 09:40:11,0.16,0.6666,5779,0.15,0.625,2,0.16,0.6666,1,0.155,0.6458,361,0
SPY190717C303,2019-07-15,2019-07-15 09:40:11,0.16,0.6666,3949,0.15,0.625,2,0.16,0.6666,1,0.155,0.6458,361,0
SPY190717C303,2019-07-15,2019-07-15 09:40:12,0.16,0.6666,4814,0.15,0.625,116,0.16,0.6666,1,0.155,0.6458,361,0
SPY190717C303,2019-07-15,2019-07-15 09:40:12,0.16,0.6666,4653,0.15,0.625,116,0.16,0.6666,1,0.155,0.6458,361,0
SPY190717C303,2019-07-15,2019-07-15 09:40:13,0.16,0.6666,4814,0.15,0.625,54,0.16,0.6666,1,0.155,0.6458,361,0
SPY190717C303,2019-07-15,2019-07-15 09:40:14,0.16,0.6666,4493,0.15,0.625,166,0.16,0.6666,1,0.155,0.6458,361,0
SPY190717C303,2019-07-15,2019-07-15 09:40:15,0.16,0.6666,4838,0.15,0.625,116,0.16,0.6666,1,0.155,0.6458,362,1
SPY190717C303,2019-07-15,2019-07-15 09:40:16,0.16,0.6666,5844,0.15,0.625,116,0.16,0.6666,1,0.155,0.6458,362,0
SPY190717C303,2019-07-15,2019-07-15 09:40:17,0.16,0.6666,4669,0.15,0.625,116,0.16,0.6666,1,0.155,0.6458,362,0
SPY190717C303,2019-07-15,2019-07-15 09:40:17,0.16,0.6666,4807,0.15,0.625,116,0.16,0.6666,1,0.155,0.6458,362,0
SPY190717C303,2019-07-15,2019-07-15 09:40:18,0.16,0.6666,5505,0.15,0.625,116,0.16,0.6666,1,0.155,0.6458,362,0
SPY190717C303,2019-07-15,2019-07-15 09:40:18,0.16,0.6666,5505,0.15,0.625,229,0.16,0.6666,1,0.155,0.6458,362,0
SPY190717C303,2019-07-15,2019-07-15 09:40:19,0.16,0.6666,5505,0.15,0.625,116,0.16,0.6666,1,0.155,0.6458,362,0
SPY190717C303,2019-07-15,2019-07-15 09:40:20,0.16,0.6666,5505,0.15,0.625,347,0.16,0.6666,1,0.155,0.6458,362,0
SPY190717C303,2019-07-15,2019-07-15 09:40:20,0.16,0.6666,5505,0.15,0.625,116,0.16,0.6666,1,0.155,0.6458,362,0
SPY190717C303,2019-07-15,2019-07-15 09:40:21,0.16,0.6666,2831,0.15,0.625,305,0.16,0.6666,1,0.155,0.6458,362,0
SPY190717C303,2019-07-15,2019-07-15 09:40:21,0.16,0.6666,3224,0.15,0.625,1381,0.16,0.6666,1,0.155,0.6458,362,0
SPY190717C303,2019-07-15,2019-07-15 09:40:22,0.16,0.6666,3224,0.15,0.625,1526,0.16,0.6666,1,0.155,0.6458,362,0
SPY190717C303,2019-07-15,2019-07-15 09:40:22,0.16,0.6666,2203,0.15,0.625,3839,0.16,0.6666,1,0.155,0.6458,362,0
SPY190717C303,2019-07-15,2019-07-15 09:40:23,0.16,0.6666,2203,0.15,0.625,4609,0.16,0.6666,1,0.155,0.6458,362,0
SPY190717C303,2019-07-15,2019-07-15 09:40:24,0.16,0.6666,2180,0.15,0.625,4328,0.16,0.6666,1,0.155,0.6458,362,0
