symbol,Date,quote_time,ask_price,norm_ask_price,ask_size,bid_price,norm_bid_price,bid_size,last_trade_price,norm_last_trade_price,last_trade_size,mark_price,norm_mark_price,volume,Volume
SPY190520P288,2019-05-17,2019-05-17 09:33:52,2.59,1.0,6,2.54,0.9806,59,2.55,0.9845,1,2.565,0.9903,395,395
SPY190520P288,2019-05-17,2019-05-17 09:34:06,2.55,0.9845,2,2.53,0.9768,40,2.56,0.9884,3,2.54,0.9806,405,10
SPY190520P288,2019-05-17,2019-05-17 09:34:09,2.55,0.9845,2,2.53,0.9768,57,2.56,0.9884,3,2.54,0.9806,405,0
SPY190520P288,2019-05-17,2019-05-17 09:34:10,2.55,0.9845,2,2.52,0.9729,50,2.56,0.9884,3,2.535,0.9787,405,0
SPY190520P288,2019-05-17,2019-05-17 09:34:11,2.57,0.9922,7,2.53,0.9768,79,2.55,0.9845,1,2.55,0.9845,408,3
SPY190520P288,2019-05-17,2019-05-17 09:34:12,2.57,0.9922,7,2.53,0.9768,105,2.55,0.9845,1,2.55,0.9845,408,0
SPY190520P288,2019-05-17,2019-05-17 09:34:13,2.62,1.0115,53,2.57,0.9922,150,2.57,0.9922,1,2.595,1.0019,409,1
SPY190520P288,2019-05-17,2019-05-17 09:34:14,2.64,1.0193,50,2.59,1.0,95,2.6,1.0038,1,2.615,1.0096,415,6
SPY190520P288,2019-05-17,2019-05-17 09:34:15,2.65,1.0231,51,2.6,1.0038,15,2.6,1.0038,1,2.625,1.0135,415,0
SPY190520P288,2019-05-17,2019-05-17 09:34:16,2.65,1.0231,45,2.6,1.0038,62,2.6,1.0038,1,2.625,1.0135,415,0
SPY190520P288,2019-05-17,2019-05-17 09:34:17,2.65,1.0231,108,2.6,1.0038,103,2.6,1.0038,1,2.625,1.0135,415,0
SPY190520P288,2019-05-17,2019-05-17 09:34:18,2.66,1.027,7,2.61,1.0077,10,2.6,1.0038,1,2.635,1.0173,415,0
SPY190520P288,2019-05-17,2019-05-17 09:34:18,2.66,1.027,7,2.61,1.0077,91,2.6,1.0038,1,2.635,1.0173,415,0
SPY190520P288,2019-05-17,2019-05-17 09:34:19,2.65,1.0231,6,2.59,1.0,54,2.6,1.0038,1,2.62,1.0115,415,0
SPY190520P288,2019-05-17,2019-05-17 09:34:20,2.64,1.0193,50,2.59,1.0,56,2.6,1.0038,1,2.615,1.0096,415,0
SPY190520P288,2019-05-17,2019-05-17 09:34:21,2.63,1.0154,44,2.59,1.0,151,2.6,1.0038,1,2.61,1.0077,415,0
SPY190520P288,2019-05-17,2019-05-17 09:34:22,2.65,1.0231,78,2.6,1.0038,53,2.6,1.0038,1,2.625,1.0135,415,0
SPY190520P288,2019-05-17,2019-05-17 09:34:23,2.66,1.027,100,2.57,0.9922,23,2.6,1.0038,1,2.615,1.0096,415,0
SPY190520P288,2019-05-17,2019-05-17 09:34:24,2.63,1.0154,110,2.58,0.9961,78,2.6,1.0038,1,2.605,1.0057,415,0
SPY190520P288,2019-05-17,2019-05-17 09:34:25,2.63,1.0154,7,2.59,1.0,150,2.6,1.0038,1,2.61,1.0077,415,0
SPY190520P288,2019-05-17,2019-05-17 09:34:26,2.63,1.0154,73,2.58,0.9961,95,2.6,1.0038,1,2.605,1.0057,415,0
SPY190520P288,2019-05-17,2019-05-17 09:34:27,2.64,1.0193,10,2.58,0.9961,91,2.6,1.0038,1,2.61,1.0077,415,0
SPY190520P288,2019-05-17,2019-05-17 09:34:28,2.64,1.0193,6,2.59,1.0,138,2.6,1.0038,1,2.615,1.0096,415,0
SPY190520P288,2019-05-17,2019-05-17 09:34:29,2.65,1.0231,6,2.61,1.0077,57,2.6,1.0038,1,2.63,1.0154,415,0
SPY190520P288,2019-05-17,2019-05-17 09:34:30,2.66,1.027,53,2.61,1.0077,95,2.6,1.0038,1,2.635,1.0173,415,0
SPY190520P288,2019-05-17,2019-05-17 09:34:31,2.66,1.027,50,2.61,1.0077,111,2.6,1.0038,1,2.635,1.0173,415,0
SPY190520P288,2019-05-17,2019-05-17 09:34:32,2.66,1.027,7,2.62,1.0115,10,2.6,1.0038,1,2.64,1.0193,415,0
SPY190520P288,2019-05-17,2019-05-17 09:34:33,2.66,1.027,1,2.63,1.0154,6,2.6,1.0038,1,2.645,1.0212,415,0
SPY190520P288,2019-05-17,2019-05-17 09:34:34,2.73,1.054,50,2.67,1.0308,63,2.66,1.027,1,2.7,1.0424,416,1
SPY190520P288,2019-05-17,2019-05-17 09:34:35,2.73,1.054,40,2.67,1.0308,111,2.66,1.027,1,2.7,1.0424,416,0
SPY190520P288,2019-05-17,2019-05-17 09:34:36,2.74,1.0579,40,2.68,1.0347,83,2.66,1.027,1,2.71,1.0463,416,0
SPY190520P288,2019-05-17,2019-05-17 09:34:37,2.74,1.0579,10,2.69,1.0386,28,2.66,1.027,1,2.715,1.0482,416,0
SPY190520P288,2019-05-17,2019-05-17 09:34:38,2.73,1.054,23,2.68,1.0347,228,2.69,1.0386,10,2.705,1.0444,436,20
SPY190520P288,2019-05-17,2019-05-17 09:34:39,2.74,1.0579,50,2.69,1.0386,99,2.69,1.0386,10,2.715,1.0482,436,0
SPY190520P288,2019-05-17,2019-05-17 09:34:40,2.74,1.0579,85,2.69,1.0386,10,2.69,1.0386,10,2.715,1.0482,436,0
SPY190520P288,2019-05-17,2019-05-17 09:34:41,2.74,1.0579,110,2.69,1.0386,12,2.69,1.0386,10,2.715,1.0482,436,0
SPY190520P288,2019-05-17,2019-05-17 09:34:42,2.74,1.0579,146,2.69,1.0386,37,2.69,1.0386,10,2.715,1.0482,436,0
SPY190520P288,2019-05-17,2019-05-17 09:34:43,2.74,1.0579,50,2.69,1.0386,150,2.69,1.0386,10,2.715,1.0482,436,0
SPY190520P288,2019-05-17,2019-05-17 09:34:44,2.74,1.0579,50,2.71,1.0463,6,2.69,1.0386,10,2.725,1.0521,436,0
SPY190520P288,2019-05-17,2019-05-17 09:34:45,2.74,1.0579,50,2.68,1.0347,150,2.69,1.0386,10,2.71,1.0463,436,0
SPY190520P288,2019-05-17,2019-05-17 09:34:46,2.74,1.0579,86,2.69,1.0386,53,2.69,1.0386,10,2.715,1.0482,436,0
SPY190520P288,2019-05-17,2019-05-17 09:34:47,2.74,1.0579,1,2.71,1.0463,101,2.69,1.0386,10,2.725,1.0521,436,0
SPY190520P288,2019-05-17,2019-05-17 09:34:49,2.74,1.0579,1,2.71,1.0463,16,2.69,1.0386,10,2.725,1.0521,436,0
SPY190520P288,2019-05-17,2019-05-17 09:34:50,2.74,1.0579,1,2.71,1.0463,16,2.69,1.0386,10,2.725,1.0521,436,0
SPY190520P288,2019-05-17,2019-05-17 09:34:51,2.74,1.0579,100,2.67,1.0308,150,2.69,1.0386,10,2.705,1.0444,436,0
SPY190520P288,2019-05-17,2019-05-17 09:34:52,2.7,1.0424,103,2.65,1.0231,43,2.69,1.0386,10,2.675,1.0328,436,0
SPY190520P288,2019-05-17,2019-05-17 09:34:52,2.71,1.0463,64,2.65,1.0231,17,2.69,1.0386,10,2.68,1.0347,436,0
SPY190520P288,2019-05-17,2019-05-17 09:34:53,2.68,1.0347,10,2.61,1.0077,21,2.69,1.0386,10,2.645,1.0212,436,0
SPY190520P288,2019-05-17,2019-05-17 09:34:54,2.66,1.027,6,2.61,1.0077,102,2.69,1.0386,10,2.635,1.0173,436,0
SPY190520P288,2019-05-17,2019-05-17 09:34:55,2.66,1.027,137,2.62,1.0115,6,2.69,1.0386,10,2.64,1.0193,436,0
SPY190520P288,2019-05-17,2019-05-17 09:34:56,2.67,1.0308,100,2.62,1.0115,6,2.69,1.0386,10,2.645,1.0212,436,0
SPY190520P288,2019-05-17,2019-05-17 09:34:58,2.67,1.0308,51,2.63,1.0154,135,2.69,1.0386,10,2.65,1.0231,436,0
SPY190520P288,2019-05-17,2019-05-17 09:34:59,2.69,1.0386,45,2.66,1.027,9,2.69,1.0386,10,2.675,1.0328,436,0
SPY190520P288,2019-05-17,2019-05-17 09:35:00,2.68,1.0347,6,2.63,1.0154,151,2.69,1.0386,10,2.655,1.025,436,0
SPY190520P288,2019-05-17,2019-05-17 09:35:01,2.68,1.0347,38,2.63,1.0154,151,2.69,1.0386,10,2.655,1.025,436,0
SPY190520P288,2019-05-17,2019-05-17 09:35:02,2.68,1.0347,6,2.63,1.0154,50,2.69,1.0386,10,2.655,1.025,436,0
SPY190520P288,2019-05-17,2019-05-17 09:35:03,2.65,1.0231,10,2.6,1.0038,15,2.69,1.0386,10,2.625,1.0135,436,0
SPY190520P288,2019-05-17,2019-05-17 09:35:04,2.64,1.0193,6,2.6,1.0038,8,2.69,1.0386,10,2.62,1.0115,436,0
SPY190520P288,2019-05-17,2019-05-17 09:35:05,2.63,1.0154,6,2.59,1.0,98,2.69,1.0386,10,2.61,1.0077,436,0
SPY190520P288,2019-05-17,2019-05-17 09:35:06,2.61,1.0077,6,2.56,0.9884,51,2.69,1.0386,10,2.585,0.998,436,0
SPY190520P288,2019-05-17,2019-05-17 09:35:07,2.61,1.0077,32,2.56,0.9884,1,2.69,1.0386,10,2.585,0.998,436,0
SPY190520P288,2019-05-17,2019-05-17 09:35:08,2.63,1.0154,35,2.57,0.9922,125,2.69,1.0386,10,2.6,1.0038,436,0
SPY190520P288,2019-05-17,2019-05-17 09:35:09,2.63,1.0154,53,2.58,0.9961,40,2.6,1.0038,1,2.605,1.0057,437,1
SPY190520P288,2019-05-17,2019-05-17 09:35:10,2.64,1.0193,100,2.59,1.0,55,2.6,1.0038,1,2.615,1.0096,437,0
SPY190520P288,2019-05-17,2019-05-17 09:35:20,2.69,1.0386,99,2.64,1.0193,46,2.6,1.0038,1,2.665,1.0289,439,2
SPY190520P288,2019-05-17,2019-05-17 09:35:21,2.68,1.0347,6,2.64,1.0193,10,2.63,1.0154,4,2.66,1.027,444,5
SPY190520P288,2019-05-17,2019-05-17 09:35:22,2.67,1.0308,54,2.63,1.0154,1,2.63,1.0154,4,2.65,1.0231,444,0
SPY190520P288,2019-05-17,2019-05-17 09:35:23,2.67,1.0308,93,2.62,1.0115,6,2.63,1.0154,4,2.645,1.0212,444,0
SPY190520P288,2019-05-17,2019-05-17 09:35:24,2.69,1.0386,50,2.64,1.0193,52,2.63,1.0154,4,2.665,1.0289,444,0
SPY190520P288,2019-05-17,2019-05-17 09:35:25,2.69,1.0386,98,2.65,1.0231,50,2.63,1.0154,4,2.67,1.0308,444,0
SPY190520P288,2019-05-17,2019-05-17 09:35:26,2.7,1.0424,50,2.66,1.027,6,2.63,1.0154,4,2.68,1.0347,444,0
SPY190520P288,2019-05-17,2019-05-17 09:35:27,2.7,1.0424,1,2.66,1.027,1,2.63,1.0154,4,2.68,1.0347,444,0
SPY190520P288,2019-05-17,2019-05-17 09:35:28,2.7,1.0424,78,2.66,1.027,7,2.63,1.0154,4,2.68,1.0347,444,0
SPY190520P288,2019-05-17,2019-05-17 09:35:29,2.7,1.0424,79,2.66,1.027,1,2.63,1.0154,4,2.68,1.0347,444,0
SPY190520P288,2019-05-17,2019-05-17 09:35:30,2.7,1.0424,124,2.66,1.027,1,2.63,1.0154,4,2.68,1.0347,444,0
SPY190520P288,2019-05-17,2019-05-17 09:35:31,2.71,1.0463,55,2.66,1.027,7,2.63,1.0154,4,2.685,1.0366,444,0
SPY190520P288,2019-05-17,2019-05-17 09:35:32,2.7,1.0424,1,2.66,1.027,6,2.63,1.0154,4,2.68,1.0347,444,0
SPY190520P288,2019-05-17,2019-05-17 09:35:33,2.71,1.0463,50,2.66,1.027,37,2.63,1.0154,4,2.685,1.0366,444,0
SPY190520P288,2019-05-17,2019-05-17 09:35:34,2.69,1.0386,9,2.64,1.0193,83,2.63,1.0154,4,2.665,1.0289,444,0
SPY190520P288,2019-05-17,2019-05-17 09:35:35,2.69,1.0386,9,2.66,1.027,30,2.63,1.0154,4,2.675,1.0328,444,0
SPY190520P288,2019-05-17,2019-05-17 09:35:36,2.69,1.0386,3,2.67,1.0308,10,2.63,1.0154,4,2.68,1.0347,444,0
SPY190520P288,2019-05-17,2019-05-17 09:35:37,2.74,1.0579,87,2.69,1.0386,6,2.69,1.0386,3,2.715,1.0482,447,3
SPY190520P288,2019-05-17,2019-05-17 09:35:38,2.73,1.054,6,2.69,1.0386,1,2.69,1.0386,3,2.71,1.0463,447,0
SPY190520P288,2019-05-17,2019-05-17 09:35:38,2.73,1.054,64,2.69,1.0386,25,2.69,1.0386,3,2.71,1.0463,447,0
SPY190520P288,2019-05-17,2019-05-17 09:35:39,2.73,1.054,46,2.69,1.0386,1,2.69,1.0386,3,2.71,1.0463,447,0
SPY190520P288,2019-05-17,2019-05-17 09:35:40,2.73,1.054,98,2.69,1.0386,29,2.69,1.0386,3,2.71,1.0463,447,0
SPY190520P288,2019-05-17,2019-05-17 09:35:41,2.74,1.0579,49,2.69,1.0386,129,2.69,1.0386,3,2.715,1.0482,447,0
SPY190520P288,2019-05-17,2019-05-17 09:35:42,2.74,1.0579,64,2.7,1.0424,6,2.69,1.0386,3,2.72,1.0501,447,0
SPY190520P288,2019-05-17,2019-05-17 09:35:43,2.74,1.0579,64,2.7,1.0424,1,2.7,1.0424,1,2.72,1.0501,448,1
SPY190520P288,2019-05-17,2019-05-17 09:35:45,2.74,1.0579,53,2.69,1.0386,33,2.7,1.0424,1,2.715,1.0482,448,0
SPY190520P288,2019-05-17,2019-05-17 09:35:46,2.74,1.0579,97,2.69,1.0386,67,2.7,1.0424,1,2.715,1.0482,448,0
SPY190520P288,2019-05-17,2019-05-17 09:35:47,2.74,1.0579,97,2.69,1.0386,50,2.7,1.0424,1,2.715,1.0482,448,0
SPY190520P288,2019-05-17,2019-05-17 09:35:48,2.74,1.0579,90,2.68,1.0347,97,2.7,1.0424,1,2.71,1.0463,448,0
SPY190520P288,2019-05-17,2019-05-17 09:35:49,2.73,1.054,96,2.67,1.0308,51,2.7,1.0424,1,2.7,1.0424,448,0
SPY190520P288,2019-05-17,2019-05-17 09:35:50,2.72,1.0501,102,2.67,1.0308,51,2.7,1.0424,1,2.695,1.0405,448,0
SPY190520P288,2019-05-17,2019-05-17 09:35:51,2.71,1.0463,91,2.65,1.0231,109,2.7,1.0424,1,2.68,1.0347,448,0
SPY190520P288,2019-05-17,2019-05-17 09:35:52,2.71,1.0463,114,2.65,1.0231,94,2.7,1.0424,1,2.68,1.0347,448,0
SPY190520P288,2019-05-17,2019-05-17 09:35:53,2.7,1.0424,7,2.65,1.0231,94,2.7,1.0424,1,2.675,1.0328,448,0
SPY190520P288,2019-05-17,2019-05-17 09:35:54,2.69,1.0386,53,2.64,1.0193,48,2.7,1.0424,1,2.665,1.0289,448,0
SPY190520P288,2019-05-17,2019-05-17 09:35:55,2.69,1.0386,50,2.65,1.0231,1,2.7,1.0424,1,2.67,1.0308,448,0
SPY190520P288,2019-05-17,2019-05-17 09:35:56,2.69,1.0386,7,2.64,1.0193,42,2.7,1.0424,1,2.665,1.0289,448,0
SPY190520P288,2019-05-17,2019-05-17 09:35:57,2.68,1.0347,65,2.64,1.0193,42,2.7,1.0424,1,2.66,1.027,448,0
SPY190520P288,2019-05-17,2019-05-17 09:35:58,2.67,1.0308,85,2.62,1.0115,105,2.7,1.0424,1,2.645,1.0212,448,0
SPY190520P288,2019-05-17,2019-05-17 09:35:59,2.66,1.027,1,2.6,1.0038,6,2.7,1.0424,1,2.63,1.0154,448,0
SPY190520P288,2019-05-17,2019-05-17 09:36:00,2.64,1.0193,10,2.59,1.0,55,2.7,1.0424,1,2.615,1.0096,448,0
SPY190520P288,2019-05-17,2019-05-17 09:36:01,2.64,1.0193,50,2.6,1.0038,50,2.7,1.0424,1,2.62,1.0115,448,0
SPY190520P288,2019-05-17,2019-05-17 09:36:01,2.63,1.0154,1,2.6,1.0038,6,2.7,1.0424,1,2.615,1.0096,448,0
SPY190520P288,2019-05-17,2019-05-17 09:36:03,2.64,1.0193,96,2.6,1.0038,1,2.7,1.0424,1,2.62,1.0115,448,0
SPY190520P288,2019-05-17,2019-05-17 09:36:03,2.64,1.0193,50,2.6,1.0038,29,2.7,1.0424,1,2.62,1.0115,448,0
SPY190520P288,2019-05-17,2019-05-17 09:36:04,2.64,1.0193,50,2.6,1.0038,65,2.7,1.0424,1,2.62,1.0115,448,0
SPY190520P288,2019-05-17,2019-05-17 09:36:05,2.67,1.0308,33,2.63,1.0154,5,2.7,1.0424,1,2.65,1.0231,448,0
SPY190520P288,2019-05-17,2019-05-17 09:36:07,2.67,1.0308,53,2.62,1.0115,51,2.7,1.0424,1,2.645,1.0212,448,0
SPY190520P288,2019-05-17,2019-05-17 09:36:08,2.67,1.0308,11,2.63,1.0154,7,2.7,1.0424,1,2.65,1.0231,448,0
SPY190520P288,2019-05-17,2019-05-17 09:36:09,2.67,1.0308,58,2.63,1.0154,29,2.7,1.0424,1,2.65,1.0231,448,0
SPY190520P288,2019-05-17,2019-05-17 09:36:10,2.65,1.0231,64,2.6,1.0038,81,2.7,1.0424,1,2.625,1.0135,448,0
SPY190520P288,2019-05-17,2019-05-17 09:36:11,2.65,1.0231,112,2.6,1.0038,86,2.7,1.0424,1,2.625,1.0135,448,0
SPY190520P288,2019-05-17,2019-05-17 09:36:12,2.67,1.0308,60,2.62,1.0115,49,2.7,1.0424,1,2.645,1.0212,448,0
SPY190520P288,2019-05-17,2019-05-17 09:36:13,2.68,1.0347,6,2.64,1.0193,1,2.7,1.0424,1,2.66,1.027,448,0
SPY190520P288,2019-05-17,2019-05-17 09:36:14,2.7,1.0424,56,2.65,1.0231,51,2.7,1.0424,1,2.675,1.0328,448,0
SPY190520P288,2019-05-17,2019-05-17 09:36:15,2.71,1.0463,52,2.66,1.027,73,2.7,1.0424,1,2.685,1.0366,448,0
SPY190520P288,2019-05-17,2019-05-17 09:36:16,2.71,1.0463,72,2.66,1.027,89,2.7,1.0424,1,2.685,1.0366,448,0
SPY190520P288,2019-05-17,2019-05-17 09:36:17,2.71,1.0463,93,2.67,1.0308,6,2.7,1.0424,1,2.69,1.0386,448,0
SPY190520P288,2019-05-17,2019-05-17 09:36:18,2.71,1.0463,74,2.67,1.0308,39,2.7,1.0424,1,2.69,1.0386,448,0
SPY190520P288,2019-05-17,2019-05-17 09:36:19,2.74,1.0579,50,2.7,1.0424,6,2.7,1.0424,1,2.72,1.0501,448,0
SPY190520P288,2019-05-17,2019-05-17 09:36:20,2.74,1.0579,1,2.7,1.0424,9,2.7,1.0424,1,2.72,1.0501,448,0
SPY190520P288,2019-05-17,2019-05-17 09:36:21,2.74,1.0579,1,2.7,1.0424,100,2.7,1.0424,1,2.72,1.0501,448,0
SPY190520P288,2019-05-17,2019-05-17 09:36:21,2.73,1.054,10,2.68,1.0347,6,2.7,1.0424,1,2.705,1.0444,448,0
SPY190520P288,2019-05-17,2019-05-17 09:36:22,2.74,1.0579,28,2.7,1.0424,7,2.7,1.0424,1,2.72,1.0501,448,0
SPY190520P288,2019-05-17,2019-05-17 09:36:23,2.74,1.0579,1,2.7,1.0424,10,2.7,1.0424,1,2.72,1.0501,448,0
SPY190520P288,2019-05-17,2019-05-17 09:36:24,2.74,1.0579,60,2.7,1.0424,10,2.7,1.0424,1,2.72,1.0501,448,0
SPY190520P288,2019-05-17,2019-05-17 09:36:26,2.74,1.0579,1,2.7,1.0424,81,2.7,1.0424,1,2.72,1.0501,448,0
SPY190520P288,2019-05-17,2019-05-17 09:36:27,2.74,1.0579,1,2.7,1.0424,10,2.7,1.0424,1,2.72,1.0501,448,0
SPY190520P288,2019-05-17,2019-05-17 09:36:28,2.73,1.054,87,2.68,1.0347,91,2.7,1.0424,1,2.705,1.0444,448,0
SPY190520P288,2019-05-17,2019-05-17 09:36:29,2.72,1.0501,1,2.68,1.0347,91,2.7,1.0424,1,2.7,1.0424,448,0
SPY190520P288,2019-05-17,2019-05-17 09:36:30,2.72,1.0501,6,2.68,1.0347,41,2.7,1.0424,1,2.7,1.0424,448,0
SPY190520P288,2019-05-17,2019-05-17 09:36:31,2.69,1.0386,11,2.64,1.0193,66,2.7,1.0424,1,2.665,1.0289,448,0
SPY190520P288,2019-05-17,2019-05-17 09:36:32,2.69,1.0386,56,2.64,1.0193,78,2.7,1.0424,1,2.665,1.0289,448,0
SPY190520P288,2019-05-17,2019-05-17 09:36:33,2.69,1.0386,7,2.64,1.0193,66,2.7,1.0424,1,2.665,1.0289,448,0
SPY190520P288,2019-05-17,2019-05-17 09:36:34,2.65,1.0231,29,2.61,1.0077,50,2.7,1.0424,1,2.63,1.0154,448,0
SPY190520P288,2019-05-17,2019-05-17 09:36:35,2.65,1.0231,11,2.62,1.0115,6,2.7,1.0424,1,2.635,1.0173,448,0
SPY190520P288,2019-05-17,2019-05-17 09:36:36,2.67,1.0308,106,2.62,1.0115,7,2.7,1.0424,1,2.645,1.0212,448,0
SPY190520P288,2019-05-17,2019-05-17 09:36:37,2.65,1.0231,55,2.62,1.0115,1,2.7,1.0424,1,2.635,1.0173,448,0
SPY190520P288,2019-05-17,2019-05-17 09:36:38,2.67,1.0308,92,2.62,1.0115,95,2.7,1.0424,1,2.645,1.0212,448,0
SPY190520P288,2019-05-17,2019-05-17 09:36:39,2.67,1.0308,92,2.62,1.0115,93,2.7,1.0424,1,2.645,1.0212,448,0
SPY190520P288,2019-05-17,2019-05-17 09:36:40,2.65,1.0231,53,2.61,1.0077,53,2.7,1.0424,1,2.63,1.0154,448,0
SPY190520P288,2019-05-17,2019-05-17 09:36:41,2.65,1.0231,72,2.61,1.0077,53,2.7,1.0424,1,2.63,1.0154,448,0
SPY190520P288,2019-05-17,2019-05-17 09:36:42,2.64,1.0193,156,2.59,1.0,29,2.7,1.0424,1,2.615,1.0096,448,0
SPY190520P288,2019-05-17,2019-05-17 09:36:43,2.63,1.0154,57,2.59,1.0,1,2.7,1.0424,1,2.61,1.0077,448,0
SPY190520P288,2019-05-17,2019-05-17 09:36:44,2.64,1.0193,50,2.59,1.0,120,2.7,1.0424,1,2.615,1.0096,448,0
SPY190520P288,2019-05-17,2019-05-17 09:36:45,2.63,1.0154,9,2.59,1.0,86,2.7,1.0424,1,2.61,1.0077,448,0
SPY190520P288,2019-05-17,2019-05-17 09:36:46,2.63,1.0154,47,2.59,1.0,50,2.7,1.0424,1,2.61,1.0077,448,0
SPY190520P288,2019-05-17,2019-05-17 09:36:47,2.63,1.0154,75,2.58,0.9961,104,2.7,1.0424,1,2.605,1.0057,448,0
SPY190520P288,2019-05-17,2019-05-17 09:36:48,2.63,1.0154,100,2.57,0.9922,1,2.7,1.0424,1,2.6,1.0038,448,0
SPY190520P288,2019-05-17,2019-05-17 09:36:49,2.61,1.0077,1,2.57,0.9922,56,2.7,1.0424,1,2.59,1.0,448,0
SPY190520P288,2019-05-17,2019-05-17 09:36:50,2.62,1.0115,28,2.58,0.9961,10,2.7,1.0424,1,2.6,1.0038,448,0
SPY190520P288,2019-05-17,2019-05-17 09:36:51,2.65,1.0231,97,2.61,1.0077,6,2.7,1.0424,1,2.63,1.0154,448,0
SPY190520P288,2019-05-17,2019-05-17 09:36:52,2.62,1.0115,29,2.58,0.9961,50,2.61,1.0077,3,2.6,1.0038,451,3
SPY190520P288,2019-05-17,2019-05-17 09:36:53,2.65,1.0231,50,2.6,1.0038,26,2.61,1.0077,3,2.625,1.0135,451,0
SPY190520P288,2019-05-17,2019-05-17 09:36:54,2.64,1.0193,86,2.59,1.0,88,2.61,1.0077,3,2.615,1.0096,451,0
SPY190520P288,2019-05-17,2019-05-17 09:36:55,2.65,1.0231,50,2.6,1.0038,1,2.61,1.0077,3,2.625,1.0135,451,0
SPY190520P288,2019-05-17,2019-05-17 09:36:57,2.67,1.0308,61,2.62,1.0115,150,2.61,1.0077,3,2.645,1.0212,451,0
SPY190520P288,2019-05-17,2019-05-17 09:36:58,2.67,1.0308,66,2.62,1.0115,50,2.61,1.0077,3,2.645,1.0212,451,0
SPY190520P288,2019-05-17,2019-05-17 09:36:59,2.66,1.027,6,2.63,1.0154,7,2.61,1.0077,3,2.645,1.0212,451,0
SPY190520P288,2019-05-17,2019-05-17 09:37:00,2.67,1.0308,55,2.63,1.0154,38,2.61,1.0077,3,2.65,1.0231,451,0
SPY190520P288,2019-05-17,2019-05-17 09:37:01,2.67,1.0308,33,2.62,1.0115,50,2.61,1.0077,3,2.645,1.0212,451,0
SPY190520P288,2019-05-17,2019-05-17 09:37:02,2.66,1.027,45,2.62,1.0115,50,2.61,1.0077,3,2.64,1.0193,451,0
SPY190520P288,2019-05-17,2019-05-17 09:37:03,2.65,1.0231,9,2.61,1.0077,76,2.61,1.0077,3,2.63,1.0154,451,0
SPY190520P288,2019-05-17,2019-05-17 09:37:04,2.65,1.0231,73,2.61,1.0077,76,2.61,1.0077,3,2.63,1.0154,451,0
SPY190520P288,2019-05-17,2019-05-17 09:37:05,2.65,1.0231,73,2.61,1.0077,6,2.64,1.0193,6,2.63,1.0154,457,6
SPY190520P288,2019-05-17,2019-05-17 09:37:07,2.62,1.0115,98,2.56,0.9884,80,2.64,1.0193,6,2.59,1.0,457,0
SPY190520P288,2019-05-17,2019-05-17 09:37:08,2.61,1.0077,72,2.57,0.9922,29,2.64,1.0193,6,2.59,1.0,457,0
SPY190520P288,2019-05-17,2019-05-17 09:37:09,2.62,1.0115,6,2.57,0.9922,103,2.64,1.0193,6,2.595,1.0019,457,0
SPY190520P288,2019-05-17,2019-05-17 09:37:10,2.63,1.0154,10,2.58,0.9961,40,2.64,1.0193,6,2.605,1.0057,457,0
SPY190520P288,2019-05-17,2019-05-17 09:37:11,2.63,1.0154,40,2.59,1.0,50,2.64,1.0193,6,2.61,1.0077,457,0
SPY190520P288,2019-05-17,2019-05-17 09:37:12,2.63,1.0154,93,2.58,0.9961,56,2.64,1.0193,6,2.605,1.0057,457,0
SPY190520P288,2019-05-17,2019-05-17 09:37:13,2.62,1.0115,9,2.58,0.9961,11,2.64,1.0193,6,2.6,1.0038,457,0
SPY190520P288,2019-05-17,2019-05-17 09:37:14,2.65,1.0231,50,2.59,1.0,7,2.64,1.0193,6,2.62,1.0115,457,0
SPY190520P288,2019-05-17,2019-05-17 09:37:15,2.64,1.0193,1,2.6,1.0038,50,2.64,1.0193,6,2.62,1.0115,457,0
SPY190520P288,2019-05-17,2019-05-17 09:37:16,2.65,1.0231,1,2.61,1.0077,151,2.64,1.0193,6,2.63,1.0154,457,0
SPY190520P288,2019-05-17,2019-05-17 09:37:17,2.62,1.0115,48,2.58,0.9961,76,2.64,1.0193,6,2.6,1.0038,457,0
SPY190520P288,2019-05-17,2019-05-17 09:37:18,2.62,1.0115,114,2.56,0.9884,106,2.64,1.0193,6,2.59,1.0,457,0
SPY190520P288,2019-05-17,2019-05-17 09:37:19,2.6,1.0038,1,2.57,0.9922,37,2.58,0.9961,2,2.585,0.998,459,2
SPY190520P288,2019-05-17,2019-05-17 09:37:20,2.6,1.0038,7,2.56,0.9884,69,2.58,0.9961,2,2.58,0.9961,459,0
SPY190520P288,2019-05-17,2019-05-17 09:37:22,2.6,1.0038,100,2.54,0.9806,54,2.58,0.9961,2,2.57,0.9922,459,0
SPY190520P288,2019-05-17,2019-05-17 09:37:23,2.59,1.0,6,2.54,0.9806,150,2.58,0.9961,2,2.565,0.9903,459,0
SPY190520P288,2019-05-17,2019-05-17 09:37:24,2.6,1.0038,52,2.55,0.9845,103,2.58,0.9961,2,2.575,0.9942,459,0
SPY190520P288,2019-05-17,2019-05-17 09:37:25,2.6,1.0038,6,2.56,0.9884,50,2.58,0.9961,2,2.58,0.9961,459,0
SPY190520P288,2019-05-17,2019-05-17 09:37:26,2.61,1.0077,50,2.56,0.9884,73,2.58,0.9961,2,2.585,0.998,459,0
SPY190520P288,2019-05-17,2019-05-17 09:37:27,2.61,1.0077,1,2.56,0.9884,94,2.58,0.9961,2,2.585,0.998,459,0
SPY190520P288,2019-05-17,2019-05-17 09:37:28,2.6,1.0038,1,2.56,0.9884,94,2.58,0.9961,2,2.58,0.9961,459,0
SPY190520P288,2019-05-17,2019-05-17 09:37:29,2.61,1.0077,50,2.57,0.9922,1,2.58,0.9961,2,2.59,1.0,459,0
SPY190520P288,2019-05-17,2019-05-17 09:37:30,2.61,1.0077,66,2.56,0.9884,68,2.58,0.9961,2,2.585,0.998,459,0
SPY190520P288,2019-05-17,2019-05-17 09:37:31,2.6,1.0038,1,2.55,0.9845,100,2.58,0.9961,2,2.575,0.9942,459,0
SPY190520P288,2019-05-17,2019-05-17 09:37:32,2.6,1.0038,1,2.55,0.9845,151,2.58,0.9961,2,2.575,0.9942,459,0
SPY190520P288,2019-05-17,2019-05-17 09:37:33,2.59,1.0,10,2.55,0.9845,31,2.58,0.9961,2,2.57,0.9922,459,0
SPY190520P288,2019-05-17,2019-05-17 09:37:34,2.59,1.0,65,2.55,0.9845,10,2.58,0.9961,2,2.57,0.9922,459,0
SPY190520P288,2019-05-17,2019-05-17 09:37:35,2.59,1.0,79,2.55,0.9845,10,2.58,0.9961,2,2.57,0.9922,459,0
SPY190520P288,2019-05-17,2019-05-17 09:37:36,2.59,1.0,112,2.55,0.9845,10,2.58,0.9961,2,2.57,0.9922,459,0
SPY190520P288,2019-05-17,2019-05-17 09:37:37,2.58,0.9961,134,2.53,0.9768,29,2.58,0.9961,2,2.555,0.9864,459,0
SPY190520P288,2019-05-17,2019-05-17 09:37:38,2.57,0.9922,59,2.53,0.9768,48,2.58,0.9961,2,2.55,0.9845,459,0
SPY190520P288,2019-05-17,2019-05-17 09:37:39,2.55,0.9845,89,2.51,0.9691,110,2.58,0.9961,2,2.53,0.9768,459,0
SPY190520P288,2019-05-17,2019-05-17 09:37:40,2.55,0.9845,108,2.51,0.9691,60,2.58,0.9961,2,2.53,0.9768,459,0
SPY190520P288,2019-05-17,2019-05-17 09:37:41,2.56,0.9884,150,2.5,0.9652,150,2.53,0.9768,10,2.53,0.9768,469,10
SPY190520P288,2019-05-17,2019-05-17 09:37:42,2.57,0.9922,50,2.51,0.9691,150,2.53,0.9768,10,2.54,0.9806,469,0
SPY190520P288,2019-05-17,2019-05-17 09:37:43,2.55,0.9845,60,2.51,0.9691,100,2.53,0.9768,10,2.53,0.9768,469,0
SPY190520P288,2019-05-17,2019-05-17 09:37:44,2.56,0.9884,78,2.52,0.9729,61,2.53,0.9768,10,2.54,0.9806,469,0
SPY190520P288,2019-05-17,2019-05-17 09:37:45,2.56,0.9884,78,2.52,0.9729,107,2.53,0.9768,10,2.54,0.9806,469,0
SPY190520P288,2019-05-17,2019-05-17 09:37:46,2.56,0.9884,99,2.52,0.9729,93,2.53,0.9768,10,2.54,0.9806,469,0
SPY190520P288,2019-05-17,2019-05-17 09:37:47,2.55,0.9845,60,2.51,0.9691,47,2.53,0.9768,10,2.53,0.9768,469,0
SPY190520P288,2019-05-17,2019-05-17 09:37:48,2.55,0.9845,98,2.51,0.9691,10,2.53,0.9768,10,2.53,0.9768,469,0
SPY190520P288,2019-05-17,2019-05-17 09:37:49,2.55,0.9845,59,2.51,0.9691,10,2.53,0.9768,10,2.53,0.9768,469,0
SPY190520P288,2019-05-17,2019-05-17 09:37:50,2.56,0.9884,152,2.52,0.9729,10,2.53,0.9768,10,2.54,0.9806,469,0
SPY190520P288,2019-05-17,2019-05-17 09:37:51,2.54,0.9806,60,2.5,0.9652,60,2.53,0.9768,10,2.52,0.9729,469,0
SPY190520P288,2019-05-17,2019-05-17 09:37:52,2.55,0.9845,60,2.49,0.9613,86,2.53,0.9768,10,2.52,0.9729,469,0
SPY190520P288,2019-05-17,2019-05-17 09:37:53,2.53,0.9768,50,2.48,0.9575,52,2.53,0.9768,10,2.505,0.9671,469,0
SPY190520P288,2019-05-17,2019-05-17 09:37:54,2.53,0.9768,100,2.48,0.9575,89,2.53,0.9768,10,2.505,0.9671,469,0
SPY190520P288,2019-05-17,2019-05-17 09:37:55,2.53,0.9768,100,2.48,0.9575,162,2.53,0.9768,10,2.505,0.9671,469,0
SPY190520P288,2019-05-17,2019-05-17 09:37:56,2.53,0.9768,145,2.48,0.9575,93,2.53,0.9768,10,2.505,0.9671,469,0
SPY190520P288,2019-05-17,2019-05-17 09:37:57,2.51,0.9691,60,2.46,0.9498,60,2.53,0.9768,10,2.485,0.9594,469,0
SPY190520P288,2019-05-17,2019-05-17 09:37:58,2.51,0.9691,113,2.46,0.9498,106,2.53,0.9768,10,2.485,0.9594,469,0
SPY190520P288,2019-05-17,2019-05-17 09:37:59,2.51,0.9691,119,2.46,0.9498,60,2.53,0.9768,10,2.485,0.9594,469,0
SPY190520P288,2019-05-17,2019-05-17 09:38:01,2.51,0.9691,93,2.47,0.9536,50,2.53,0.9768,10,2.49,0.9613,469,0
SPY190520P288,2019-05-17,2019-05-17 09:38:02,2.52,0.9729,60,2.48,0.9575,144,2.53,0.9768,10,2.5,0.9652,469,0
SPY190520P288,2019-05-17,2019-05-17 09:38:03,2.55,0.9845,10,2.51,0.9691,10,2.53,0.9768,10,2.53,0.9768,469,0
SPY190520P288,2019-05-17,2019-05-17 09:38:04,2.55,0.9845,36,2.5,0.9652,70,2.53,0.9768,10,2.525,0.9749,469,0
SPY190520P288,2019-05-17,2019-05-17 09:38:05,2.55,0.9845,97,2.51,0.9691,10,2.53,0.9768,10,2.53,0.9768,469,0
SPY190520P288,2019-05-17,2019-05-17 09:38:06,2.55,0.9845,97,2.51,0.9691,10,2.53,0.9768,10,2.53,0.9768,469,0
SPY190520P288,2019-05-17,2019-05-17 09:38:08,2.55,0.9845,62,2.51,0.9691,45,2.51,0.9691,1,2.53,0.9768,470,0
SPY190520P288,2019-05-17,2019-05-17 09:38:08,2.55,0.9845,79,2.51,0.9691,45,2.51,0.9691,1,2.53,0.9768,470,1
SPY190520P288,2019-05-17,2019-05-17 09:38:09,2.53,0.9768,90,2.49,0.9613,10,2.51,0.9691,1,2.51,0.9691,470,0
SPY190520P288,2019-05-17,2019-05-17 09:38:10,2.52,0.9729,150,2.46,0.9498,150,2.51,0.9691,1,2.49,0.9613,470,0
SPY190520P288,2019-05-17,2019-05-17 09:38:11,2.51,0.9691,100,2.47,0.9536,40,2.51,0.9691,1,2.49,0.9613,470,0
SPY190520P288,2019-05-17,2019-05-17 09:38:12,2.51,0.9691,100,2.47,0.9536,38,2.51,0.9691,1,2.49,0.9613,470,0
SPY190520P288,2019-05-17,2019-05-17 09:38:13,2.51,0.9691,78,2.47,0.9536,38,2.51,0.9691,1,2.49,0.9613,470,0
SPY190520P288,2019-05-17,2019-05-17 09:38:14,2.5,0.9652,38,2.46,0.9498,83,2.51,0.9691,1,2.48,0.9575,470,0
SPY190520P288,2019-05-17,2019-05-17 09:38:16,2.5,0.9652,60,2.46,0.9498,137,2.51,0.9691,1,2.48,0.9575,470,0
SPY190520P288,2019-05-17,2019-05-17 09:38:17,2.51,0.9691,108,2.47,0.9536,60,2.51,0.9691,1,2.49,0.9613,470,0
SPY190520P288,2019-05-17,2019-05-17 09:38:18,2.51,0.9691,108,2.47,0.9536,60,2.51,0.9691,1,2.49,0.9613,470,0
SPY190520P288,2019-05-17,2019-05-17 09:38:19,2.52,0.9729,77,2.48,0.9575,12,2.51,0.9691,1,2.5,0.9652,470,0
SPY190520P288,2019-05-17,2019-05-17 09:38:20,2.54,0.9806,60,2.48,0.9575,52,2.51,0.9691,1,2.51,0.9691,470,0
SPY190520P288,2019-05-17,2019-05-17 09:38:20,2.51,0.9691,43,2.48,0.9575,46,2.51,0.9691,1,2.495,0.9633,470,0
SPY190520P288,2019-05-17,2019-05-17 09:38:21,2.53,0.9768,87,2.48,0.9575,100,2.51,0.9691,1,2.505,0.9671,470,0
SPY190520P288,2019-05-17,2019-05-17 09:38:22,2.53,0.9768,6,2.48,0.9575,6,2.51,0.9691,1,2.505,0.9671,470,0
SPY190520P288,2019-05-17,2019-05-17 09:38:23,2.53,0.9768,109,2.48,0.9575,37,2.51,0.9691,1,2.505,0.9671,470,0
SPY190520P288,2019-05-17,2019-05-17 09:38:24,2.53,0.9768,60,2.49,0.9613,10,2.51,0.9691,1,2.51,0.9691,470,0
SPY190520P288,2019-05-17,2019-05-17 09:38:25,2.51,0.9691,8,2.48,0.9575,64,2.51,0.9691,1,2.495,0.9633,470,0
SPY190520P288,2019-05-17,2019-05-17 09:38:26,2.51,0.9691,1,2.49,0.9613,99,2.51,0.9691,2,2.5,0.9652,472,2
SPY190520P288,2019-05-17,2019-05-17 09:38:27,2.51,0.9691,1,2.49,0.9613,60,2.51,0.9691,2,2.5,0.9652,472,0
SPY190520P288,2019-05-17,2019-05-17 09:38:28,2.53,0.9768,60,2.5,0.9652,60,2.51,0.9691,2,2.515,0.971,472,0
SPY190520P288,2019-05-17,2019-05-17 09:38:29,2.54,0.9806,99,2.5,0.9652,160,2.51,0.9691,2,2.52,0.9729,472,0
SPY190520P288,2019-05-17,2019-05-17 09:38:30,2.54,0.9806,99,2.5,0.9652,99,2.51,0.9691,2,2.52,0.9729,472,0
SPY190520P288,2019-05-17,2019-05-17 09:38:31,2.55,0.9845,6,2.51,0.9691,128,2.51,0.9691,2,2.53,0.9768,472,0
SPY190520P288,2019-05-17,2019-05-17 09:38:32,2.56,0.9884,75,2.52,0.9729,60,2.51,0.9691,2,2.54,0.9806,472,0
SPY190520P288,2019-05-17,2019-05-17 09:38:33,2.56,0.9884,75,2.52,0.9729,92,2.51,0.9691,2,2.54,0.9806,472,0
SPY190520P288,2019-05-17,2019-05-17 09:38:34,2.57,0.9922,60,2.53,0.9768,39,2.52,0.9729,1,2.55,0.9845,473,1
SPY190520P288,2019-05-17,2019-05-17 09:38:35,2.58,0.9961,42,2.53,0.9768,137,2.52,0.9729,1,2.555,0.9864,473,0
SPY190520P288,2019-05-17,2019-05-17 09:38:36,2.54,0.9806,1,2.47,0.9536,150,2.53,0.9768,19,2.505,0.9671,492,19
SPY190520P288,2019-05-17,2019-05-17 09:38:37,2.54,0.9806,175,2.49,0.9613,1,2.53,0.9768,19,2.515,0.971,492,0
SPY190520P288,2019-05-17,2019-05-17 09:38:38,2.53,0.9768,57,2.49,0.9613,1,2.53,0.9768,19,2.51,0.9691,492,0
SPY190520P288,2019-05-17,2019-05-17 09:38:39,2.54,0.9806,6,2.5,0.9652,10,2.53,0.9768,19,2.52,0.9729,492,0
SPY190520P288,2019-05-17,2019-05-17 09:38:40,2.59,1.0,29,2.54,0.9806,151,2.53,0.9768,19,2.565,0.9903,492,0
SPY190520P288,2019-05-17,2019-05-17 09:38:41,2.6,1.0038,50,2.55,0.9845,150,2.53,0.9768,19,2.575,0.9942,492,0
SPY190520P288,2019-05-17,2019-05-17 09:38:42,2.6,1.0038,6,2.56,0.9884,106,2.53,0.9768,19,2.58,0.9961,492,0
SPY190520P288,2019-05-17,2019-05-17 09:38:43,2.61,1.0077,10,2.57,0.9922,1,2.53,0.9768,19,2.59,1.0,492,0
SPY190520P288,2019-05-17,2019-05-17 09:38:44,2.6,1.0038,10,2.55,0.9845,6,2.53,0.9768,19,2.575,0.9942,492,0
SPY190520P288,2019-05-17,2019-05-17 09:38:45,2.54,0.9806,150,2.49,0.9613,10,2.53,0.9768,19,2.515,0.971,492,0
SPY190520P288,2019-05-17,2019-05-17 09:38:46,2.54,0.9806,145,2.49,0.9613,50,2.53,0.9768,19,2.515,0.971,492,0
SPY190520P288,2019-05-17,2019-05-17 09:38:47,2.53,0.9768,60,2.49,0.9613,13,2.53,0.9768,19,2.51,0.9691,492,0
SPY190520P288,2019-05-17,2019-05-17 09:38:48,2.54,0.9806,99,2.49,0.9613,45,2.53,0.9768,19,2.515,0.971,492,0
SPY190520P288,2019-05-17,2019-05-17 09:38:49,2.56,0.9884,60,2.51,0.9691,160,2.53,0.9768,19,2.535,0.9787,492,0
SPY190520P288,2019-05-17,2019-05-17 09:38:50,2.56,0.9884,50,2.53,0.9768,10,2.53,0.9768,19,2.545,0.9826,492,0
SPY190520P288,2019-05-17,2019-05-17 09:38:51,2.56,0.9884,12,2.52,0.9729,15,2.53,0.9768,19,2.54,0.9806,492,0
SPY190520P288,2019-05-17,2019-05-17 09:38:52,2.57,0.9922,60,2.53,0.9768,10,2.53,0.9768,19,2.55,0.9845,492,0
SPY190520P288,2019-05-17,2019-05-17 09:38:53,2.58,0.9961,50,2.54,0.9806,135,2.53,0.9768,19,2.56,0.9884,492,0
SPY190520P288,2019-05-17,2019-05-17 09:38:54,2.58,0.9961,10,2.55,0.9845,60,2.53,0.9768,19,2.565,0.9903,492,0
SPY190520P288,2019-05-17,2019-05-17 09:38:55,2.61,1.0077,60,2.56,0.9884,150,2.53,0.9768,19,2.585,0.998,492,0
SPY190520P288,2019-05-17,2019-05-17 09:38:56,2.61,1.0077,146,2.56,0.9884,81,2.53,0.9768,19,2.585,0.998,492,0
SPY190520P288,2019-05-17,2019-05-17 09:38:57,2.61,1.0077,111,2.56,0.9884,51,2.53,0.9768,19,2.585,0.998,492,0
SPY190520P288,2019-05-17,2019-05-17 09:38:58,2.59,1.0,50,2.55,0.9845,75,2.53,0.9768,19,2.57,0.9922,492,0
SPY190520P288,2019-05-17,2019-05-17 09:38:59,2.59,1.0,92,2.54,0.9806,6,2.53,0.9768,19,2.565,0.9903,492,0
SPY190520P288,2019-05-17,2019-05-17 09:39:00,2.57,0.9922,1,2.52,0.9729,50,2.53,0.9768,19,2.545,0.9826,492,0
SPY190520P288,2019-05-17,2019-05-17 09:39:01,2.54,0.9806,6,2.49,0.9613,156,2.53,0.9768,19,2.515,0.971,492,0
SPY190520P288,2019-05-17,2019-05-17 09:39:02,2.55,0.9845,50,2.51,0.9691,10,2.53,0.9768,19,2.53,0.9768,492,0
SPY190520P288,2019-05-17,2019-05-17 09:39:03,2.55,0.9845,106,2.5,0.9652,109,2.53,0.9768,19,2.525,0.9749,492,0
SPY190520P288,2019-05-17,2019-05-17 09:39:04,2.55,0.9845,96,2.51,0.9691,81,2.53,0.9768,19,2.53,0.9768,492,0
SPY190520P288,2019-05-17,2019-05-17 09:39:05,2.54,0.9806,11,2.5,0.9652,78,2.53,0.9768,19,2.52,0.9729,492,0
SPY190520P288,2019-05-17,2019-05-17 09:39:06,2.54,0.9806,10,2.51,0.9691,14,2.53,0.9768,19,2.525,0.9749,492,0
SPY190520P288,2019-05-17,2019-05-17 09:39:07,2.53,0.9768,150,2.48,0.9575,11,2.53,0.9768,19,2.505,0.9671,492,0
SPY190520P288,2019-05-17,2019-05-17 09:39:08,2.53,0.9768,149,2.47,0.9536,100,2.53,0.9768,19,2.5,0.9652,492,0
SPY190520P288,2019-05-17,2019-05-17 09:39:09,2.53,0.9768,65,2.5,0.9652,6,2.53,0.9768,19,2.515,0.971,492,0
SPY190520P288,2019-05-17,2019-05-17 09:39:10,2.53,0.9768,96,2.5,0.9652,6,2.53,0.9768,19,2.515,0.971,492,0
SPY190520P288,2019-05-17,2019-05-17 09:39:11,2.53,0.9768,96,2.5,0.9652,1,2.53,0.9768,19,2.515,0.971,492,0
SPY190520P288,2019-05-17,2019-05-17 09:39:12,2.53,0.9768,96,2.5,0.9652,7,2.53,0.9768,19,2.515,0.971,492,0
SPY190520P288,2019-05-17,2019-05-17 09:39:13,2.52,0.9729,19,2.5,0.9652,1,2.53,0.9768,19,2.51,0.9691,492,0
SPY190520P288,2019-05-17,2019-05-17 09:39:14,2.51,0.9691,15,2.45,0.9459,156,2.5,0.9652,1,2.48,0.9575,493,1
SPY190520P288,2019-05-17,2019-05-17 09:39:15,2.5,0.9652,60,2.45,0.9459,150,2.5,0.9652,1,2.475,0.9555,493,0
SPY190520P288,2019-05-17,2019-05-17 09:39:16,2.48,0.9575,100,2.41,0.9305,100,2.5,0.9652,1,2.445,0.944,493,0
SPY190520P288,2019-05-17,2019-05-17 09:39:17,2.48,0.9575,60,2.43,0.9382,150,2.5,0.9652,1,2.455,0.9478,493,0
SPY190520P288,2019-05-17,2019-05-17 09:39:18,2.5,0.9652,12,2.43,0.9382,108,2.5,0.9652,1,2.465,0.9517,493,0
SPY190520P288,2019-05-17,2019-05-17 09:39:19,2.49,0.9613,11,2.45,0.9459,150,2.5,0.9652,1,2.47,0.9536,493,0
SPY190520P288,2019-05-17,2019-05-17 09:39:20,2.48,0.9575,19,2.45,0.9459,50,2.5,0.9652,1,2.465,0.9517,493,0
SPY190520P288,2019-05-17,2019-05-17 09:39:21,2.48,0.9575,19,2.43,0.9382,60,2.5,0.9652,1,2.455,0.9478,493,0
SPY190520P288,2019-05-17,2019-05-17 09:39:22,2.46,0.9498,15,2.42,0.9343,100,2.5,0.9652,1,2.44,0.942,493,0
SPY190520P288,2019-05-17,2019-05-17 09:39:23,2.45,0.9459,10,2.41,0.9305,60,2.5,0.9652,1,2.43,0.9382,493,0
SPY190520P288,2019-05-17,2019-05-17 09:39:24,2.45,0.9459,50,2.4,0.9266,56,2.5,0.9652,1,2.425,0.9362,493,0
SPY190520P288,2019-05-17,2019-05-17 09:39:26,2.46,0.9498,98,2.42,0.9343,60,2.5,0.9652,1,2.44,0.942,493,0
SPY190520P288,2019-05-17,2019-05-17 09:39:27,2.45,0.9459,100,2.4,0.9266,39,2.5,0.9652,1,2.425,0.9362,493,0
SPY190520P288,2019-05-17,2019-05-17 09:39:28,2.46,0.9498,39,2.41,0.9305,100,2.5,0.9652,1,2.435,0.9401,493,0
SPY190520P288,2019-05-17,2019-05-17 09:39:29,2.46,0.9498,50,2.4,0.9266,50,2.5,0.9652,1,2.43,0.9382,493,0
SPY190520P288,2019-05-17,2019-05-17 09:39:30,2.44,0.942,50,2.4,0.9266,91,2.5,0.9652,1,2.42,0.9343,493,0
SPY190520P288,2019-05-17,2019-05-17 09:39:31,2.43,0.9382,45,2.39,0.9227,100,2.5,0.9652,1,2.41,0.9305,493,0
SPY190520P288,2019-05-17,2019-05-17 09:39:32,2.44,0.942,60,2.4,0.9266,60,2.5,0.9652,1,2.42,0.9343,493,0
SPY190520P288,2019-05-17,2019-05-17 09:39:33,2.45,0.9459,13,2.4,0.9266,100,2.5,0.9652,1,2.425,0.9362,493,0
SPY190520P288,2019-05-17,2019-05-17 09:39:34,2.43,0.9382,11,2.39,0.9227,50,2.5,0.9652,1,2.41,0.9305,493,0
SPY190520P288,2019-05-17,2019-05-17 09:39:35,2.44,0.942,60,2.4,0.9266,60,2.5,0.9652,1,2.42,0.9343,493,0
SPY190520P288,2019-05-17,2019-05-17 09:39:36,2.44,0.942,87,2.4,0.9266,91,2.5,0.9652,1,2.42,0.9343,493,0
SPY190520P288,2019-05-17,2019-05-17 09:39:37,2.44,0.942,50,2.4,0.9266,60,2.5,0.9652,1,2.42,0.9343,493,0
SPY190520P288,2019-05-17,2019-05-17 09:39:38,2.45,0.9459,52,2.4,0.9266,52,2.5,0.9652,1,2.425,0.9362,493,0
SPY190520P288,2019-05-17,2019-05-17 09:39:39,2.47,0.9536,44,2.41,0.9305,150,2.5,0.9652,1,2.44,0.942,493,0
SPY190520P288,2019-05-17,2019-05-17 09:39:40,2.46,0.9498,60,2.42,0.9343,60,2.5,0.9652,1,2.44,0.942,493,0
SPY190520P288,2019-05-17,2019-05-17 09:39:41,2.46,0.9498,69,2.42,0.9343,60,2.5,0.9652,1,2.44,0.942,493,0
SPY190520P288,2019-05-17,2019-05-17 09:39:42,2.44,0.942,159,2.39,0.9227,90,2.5,0.9652,1,2.415,0.9324,493,0
SPY190520P288,2019-05-17,2019-05-17 09:39:44,2.44,0.942,61,2.39,0.9227,129,2.5,0.9652,1,2.415,0.9324,493,0
SPY190520P288,2019-05-17,2019-05-17 09:39:45,2.44,0.942,98,2.4,0.9266,83,2.5,0.9652,1,2.42,0.9343,493,0
SPY190520P288,2019-05-17,2019-05-17 09:39:46,2.44,0.942,85,2.4,0.9266,77,2.5,0.9652,1,2.42,0.9343,493,0
SPY190520P288,2019-05-17,2019-05-17 09:39:47,2.43,0.9382,37,2.39,0.9227,60,2.5,0.9652,1,2.41,0.9305,493,0
SPY190520P288,2019-05-17,2019-05-17 09:39:48,2.44,0.942,92,2.4,0.9266,60,2.5,0.9652,1,2.42,0.9343,493,0
SPY190520P288,2019-05-17,2019-05-17 09:39:49,2.44,0.942,46,2.4,0.9266,84,2.5,0.9652,1,2.42,0.9343,493,0
SPY190520P288,2019-05-17,2019-05-17 09:39:50,2.46,0.9498,60,2.42,0.9343,60,2.5,0.9652,1,2.44,0.942,493,0
SPY190520P288,2019-05-17,2019-05-17 09:39:51,2.46,0.9498,161,2.41,0.9305,61,2.5,0.9652,1,2.435,0.9401,493,0
SPY190520P288,2019-05-17,2019-05-17 09:39:51,2.46,0.9498,85,2.42,0.9343,60,2.5,0.9652,1,2.44,0.942,493,0
SPY190520P288,2019-05-17,2019-05-17 09:39:52,2.44,0.942,100,2.41,0.9305,10,2.5,0.9652,1,2.425,0.9362,493,0
SPY190520P288,2019-05-17,2019-05-17 09:39:53,2.43,0.9382,61,2.39,0.9227,50,2.5,0.9652,1,2.41,0.9305,493,0
SPY190520P288,2019-05-17,2019-05-17 09:39:54,2.43,0.9382,160,2.39,0.9227,50,2.5,0.9652,1,2.41,0.9305,493,0
SPY190520P288,2019-05-17,2019-05-17 09:39:55,2.43,0.9382,100,2.39,0.9227,96,2.5,0.9652,1,2.41,0.9305,493,0
SPY190520P288,2019-05-17,2019-05-17 09:39:56,2.43,0.9382,10,2.39,0.9227,96,2.5,0.9652,1,2.41,0.9305,493,0
SPY190520P288,2019-05-17,2019-05-17 09:39:57,2.43,0.9382,15,2.39,0.9227,96,2.5,0.9652,1,2.41,0.9305,493,0
SPY190520P288,2019-05-17,2019-05-17 09:39:58,2.43,0.9382,164,2.39,0.9227,96,2.5,0.9652,1,2.41,0.9305,493,0
SPY190520P288,2019-05-17,2019-05-17 09:39:59,2.41,0.9305,45,2.38,0.9189,35,2.5,0.9652,1,2.395,0.9247,493,0
SPY190520P288,2019-05-17,2019-05-17 09:40:00,2.44,0.942,13,2.39,0.9227,15,2.5,0.9652,1,2.415,0.9324,493,0
SPY190520P288,2019-05-17,2019-05-17 09:40:01,2.45,0.9459,155,2.38,0.9189,160,2.5,0.9652,1,2.415,0.9324,493,0
SPY190520P288,2019-05-17,2019-05-17 09:40:02,2.44,0.942,60,2.39,0.9227,99,2.4,0.9266,7,2.415,0.9324,500,7
SPY190520P288,2019-05-17,2019-05-17 09:40:03,2.43,0.9382,6,2.39,0.9227,99,2.4,0.9266,7,2.41,0.9305,500,0
SPY190520P288,2019-05-17,2019-05-17 09:40:04,2.43,0.9382,90,2.39,0.9227,96,2.4,0.9266,7,2.41,0.9305,500,0
SPY190520P288,2019-05-17,2019-05-17 09:40:05,2.45,0.9459,85,2.41,0.9305,36,2.4,0.9266,7,2.43,0.9382,500,0
SPY190520P288,2019-05-17,2019-05-17 09:40:06,2.45,0.9459,85,2.4,0.9266,146,2.4,0.9266,7,2.425,0.9362,500,0
SPY190520P288,2019-05-17,2019-05-17 09:40:07,2.45,0.9459,104,2.4,0.9266,100,2.4,0.9266,7,2.425,0.9362,500,0
SPY190520P288,2019-05-17,2019-05-17 09:40:08,2.45,0.9459,90,2.41,0.9305,92,2.4,0.9266,7,2.43,0.9382,500,0
SPY190520P288,2019-05-17,2019-05-17 09:40:09,2.45,0.9459,90,2.41,0.9305,95,2.4,0.9266,7,2.43,0.9382,500,0
SPY190520P288,2019-05-17,2019-05-17 09:40:10,2.44,0.942,110,2.4,0.9266,60,2.4,0.9266,7,2.42,0.9343,500,0
SPY190520P288,2019-05-17,2019-05-17 09:40:11,2.44,0.942,43,2.4,0.9266,111,2.4,0.9266,7,2.42,0.9343,500,0
SPY190520P288,2019-05-17,2019-05-17 09:40:12,2.45,0.9459,50,2.41,0.9305,60,2.4,0.9266,7,2.43,0.9382,500,0
SPY190520P288,2019-05-17,2019-05-17 09:40:13,2.45,0.9459,50,2.42,0.9343,6,2.4,0.9266,7,2.435,0.9401,500,0
SPY190520P288,2019-05-17,2019-05-17 09:40:14,2.44,0.942,150,2.4,0.9266,11,2.4,0.9266,7,2.42,0.9343,500,0
SPY190520P288,2019-05-17,2019-05-17 09:40:15,2.42,0.9343,50,2.38,0.9189,50,2.4,0.9266,1,2.4,0.9266,503,3
SPY190520P288,2019-05-17,2019-05-17 09:40:16,2.42,0.9343,150,2.38,0.9189,87,2.4,0.9266,1,2.4,0.9266,503,0
SPY190520P288,2019-05-17,2019-05-17 09:40:17,2.42,0.9343,89,2.38,0.9189,90,2.4,0.9266,1,2.4,0.9266,503,0
SPY190520P288,2019-05-17,2019-05-17 09:40:18,2.41,0.9305,60,2.37,0.915,60,2.4,0.9266,1,2.39,0.9227,503,0
SPY190520P288,2019-05-17,2019-05-17 09:40:19,2.41,0.9305,60,2.37,0.915,96,2.4,0.9266,1,2.39,0.9227,503,0
SPY190520P288,2019-05-17,2019-05-17 09:40:20,2.41,0.9305,7,2.38,0.9189,60,2.4,0.9266,1,2.395,0.9247,503,0
SPY190520P288,2019-05-17,2019-05-17 09:40:21,2.42,0.9343,60,2.38,0.9189,60,2.4,0.9266,1,2.4,0.9266,503,0
SPY190520P288,2019-05-17,2019-05-17 09:40:22,2.42,0.9343,102,2.38,0.9189,84,2.4,0.9266,1,2.4,0.9266,503,0
SPY190520P288,2019-05-17,2019-05-17 09:40:23,2.41,0.9305,6,2.38,0.9189,56,2.4,0.9266,1,2.395,0.9247,503,0
SPY190520P288,2019-05-17,2019-05-17 09:40:24,2.43,0.9382,60,2.38,0.9189,60,2.4,0.9266,1,2.405,0.9285,503,0
SPY190520P288,2019-05-17,2019-05-17 09:40:25,2.42,0.9343,83,2.38,0.9189,98,2.4,0.9266,1,2.4,0.9266,503,0
SPY190520P288,2019-05-17,2019-05-17 09:40:26,2.42,0.9343,160,2.38,0.9189,60,2.4,0.9266,1,2.4,0.9266,503,0
SPY190520P288,2019-05-17,2019-05-17 09:40:27,2.42,0.9343,60,2.39,0.9227,41,2.4,0.9266,1,2.405,0.9285,503,0
SPY190520P288,2019-05-17,2019-05-17 09:40:27,2.43,0.9382,131,2.38,0.9189,85,2.4,0.9266,1,2.405,0.9285,503,0
SPY190520P288,2019-05-17,2019-05-17 09:40:28,2.42,0.9343,83,2.38,0.9189,107,2.4,0.9266,1,2.4,0.9266,503,0
SPY190520P288,2019-05-17,2019-05-17 09:40:30,2.42,0.9343,160,2.37,0.915,60,2.4,0.9266,1,2.395,0.9247,503,0
SPY190520P288,2019-05-17,2019-05-17 09:40:30,2.41,0.9305,150,2.36,0.9111,50,2.4,0.9266,1,2.385,0.9208,503,0
SPY190520P288,2019-05-17,2019-05-17 09:40:31,2.41,0.9305,60,2.37,0.915,97,2.4,0.9266,1,2.39,0.9227,503,0
SPY190520P288,2019-05-17,2019-05-17 09:40:32,2.4,0.9266,43,2.37,0.915,10,2.4,0.9266,1,2.385,0.9208,503,0
SPY190520P288,2019-05-17,2019-05-17 09:40:33,2.4,0.9266,71,2.36,0.9111,159,2.4,0.9266,1,2.38,0.9189,503,0
SPY190520P288,2019-05-17,2019-05-17 09:40:35,2.4,0.9266,15,2.36,0.9111,33,2.4,0.9266,1,2.38,0.9189,503,0
SPY190520P288,2019-05-17,2019-05-17 09:40:36,2.41,0.9305,104,2.35,0.9073,100,2.4,0.9266,1,2.38,0.9189,503,0
SPY190520P288,2019-05-17,2019-05-17 09:40:37,2.4,0.9266,42,2.35,0.9073,25,2.4,0.9266,1,2.375,0.9169,503,0
SPY190520P288,2019-05-17,2019-05-17 09:40:37,2.41,0.9305,100,2.35,0.9073,100,2.4,0.9266,1,2.38,0.9189,503,0
SPY190520P288,2019-05-17,2019-05-17 09:40:38,2.4,0.9266,8,2.36,0.9111,19,2.4,0.9266,1,2.38,0.9189,503,0
SPY190520P288,2019-05-17,2019-05-17 09:40:40,2.4,0.9266,100,2.35,0.9073,31,2.4,0.9266,1,2.375,0.9169,503,0
SPY190520P288,2019-05-17,2019-05-17 09:40:41,2.39,0.9227,19,2.35,0.9073,19,2.4,0.9266,1,2.37,0.915,503,0
SPY190520P288,2019-05-17,2019-05-17 09:40:42,2.39,0.9227,100,2.35,0.9073,19,2.4,0.9266,1,2.37,0.915,503,0
SPY190520P288,2019-05-17,2019-05-17 09:40:42,2.4,0.9266,110,2.35,0.9073,53,2.4,0.9266,1,2.375,0.9169,503,0
SPY190520P288,2019-05-17,2019-05-17 09:40:43,2.39,0.9227,20,2.35,0.9073,19,2.4,0.9266,1,2.37,0.915,503,0
SPY190520P288,2019-05-17,2019-05-17 09:40:44,2.39,0.9227,100,2.34,0.9034,100,2.4,0.9266,1,2.365,0.9131,503,0
SPY190520P288,2019-05-17,2019-05-17 09:40:45,2.38,0.9189,15,2.34,0.9034,100,2.4,0.9266,1,2.36,0.9111,503,0
SPY190520P288,2019-05-17,2019-05-17 09:40:46,2.37,0.915,12,2.33,0.8996,11,2.4,0.9266,1,2.35,0.9073,503,0
SPY190520P288,2019-05-17,2019-05-17 09:40:47,2.37,0.915,12,2.33,0.8996,11,2.4,0.9266,1,2.35,0.9073,503,0
SPY190520P288,2019-05-17,2019-05-17 09:40:48,2.37,0.915,49,2.33,0.8996,11,2.4,0.9266,1,2.35,0.9073,503,0
SPY190520P288,2019-05-17,2019-05-17 09:40:49,2.35,0.9073,52,2.32,0.8957,6,2.4,0.9266,1,2.335,0.9015,503,0
SPY190520P288,2019-05-17,2019-05-17 09:40:50,2.36,0.9111,10,2.31,0.8918,21,2.4,0.9266,1,2.335,0.9015,503,0
SPY190520P288,2019-05-17,2019-05-17 09:40:51,2.35,0.9073,83,2.31,0.8918,45,2.4,0.9266,1,2.33,0.8996,503,0
SPY190520P288,2019-05-17,2019-05-17 09:40:52,2.35,0.9073,100,2.3,0.888,32,2.4,0.9266,1,2.325,0.8976,503,0
SPY190520P288,2019-05-17,2019-05-17 09:40:53,2.34,0.9034,100,2.28,0.8803,100,2.4,0.9266,1,2.31,0.8918,503,0
SPY190520P288,2019-05-17,2019-05-17 09:40:54,2.33,0.8996,163,2.29,0.8841,6,2.4,0.9266,1,2.31,0.8918,503,0
SPY190520P288,2019-05-17,2019-05-17 09:40:55,2.31,0.8918,120,2.27,0.8764,22,2.4,0.9266,1,2.29,0.8841,503,0
SPY190520P288,2019-05-17,2019-05-17 09:40:56,2.3,0.888,95,2.26,0.8725,100,2.4,0.9266,1,2.28,0.8803,503,0
SPY190520P288,2019-05-17,2019-05-17 09:40:57,2.29,0.8841,94,2.25,0.8687,36,2.4,0.9266,1,2.27,0.8764,503,0
SPY190520P288,2019-05-17,2019-05-17 09:40:58,2.29,0.8841,120,2.25,0.8687,55,2.4,0.9266,1,2.27,0.8764,503,0
SPY190520P288,2019-05-17,2019-05-17 09:40:59,2.28,0.8803,163,2.23,0.861,104,2.4,0.9266,1,2.255,0.8706,503,0
SPY190520P288,2019-05-17,2019-05-17 09:41:00,2.27,0.8764,88,2.24,0.8648,20,2.4,0.9266,1,2.255,0.8706,503,0
SPY190520P288,2019-05-17,2019-05-17 09:41:01,2.27,0.8764,70,2.23,0.861,170,2.4,0.9266,1,2.25,0.8687,503,0
SPY190520P288,2019-05-17,2019-05-17 09:41:02,2.27,0.8764,90,2.24,0.8648,20,2.4,0.9266,1,2.255,0.8706,503,0
SPY190520P288,2019-05-17,2019-05-17 09:41:03,2.28,0.8803,100,2.24,0.8648,20,2.4,0.9266,1,2.26,0.8725,503,0
SPY190520P288,2019-05-17,2019-05-17 09:41:04,2.27,0.8764,70,2.24,0.8648,20,2.4,0.9266,1,2.255,0.8706,503,0
SPY190520P288,2019-05-17,2019-05-17 09:41:05,2.27,0.8764,70,2.23,0.861,58,2.26,0.8725,2,2.25,0.8687,505,2
SPY190520P288,2019-05-17,2019-05-17 09:41:06,2.27,0.8764,32,2.22,0.8571,24,2.26,0.8725,2,2.245,0.8667,505,0
SPY190520P288,2019-05-17,2019-05-17 09:41:07,2.26,0.8725,110,2.22,0.8571,150,2.26,0.8725,2,2.24,0.8648,505,0
SPY190520P288,2019-05-17,2019-05-17 09:41:08,2.27,0.8764,70,2.23,0.861,65,2.26,0.8725,2,2.25,0.8687,505,0
SPY190520P288,2019-05-17,2019-05-17 09:41:09,2.29,0.8841,70,2.25,0.8687,53,2.26,0.8725,2,2.27,0.8764,505,0
SPY190520P288,2019-05-17,2019-05-17 09:41:10,2.3,0.888,70,2.26,0.8725,57,2.26,0.8725,2,2.28,0.8803,505,0
SPY190520P288,2019-05-17,2019-05-17 09:41:11,2.3,0.888,50,2.27,0.8764,20,2.26,0.8725,2,2.285,0.8822,505,0
SPY190520P288,2019-05-17,2019-05-17 09:41:13,2.3,0.888,18,2.26,0.8725,122,2.28,0.8803,1,2.28,0.8803,506,1
SPY190520P288,2019-05-17,2019-05-17 09:41:14,2.32,0.8957,159,2.27,0.8764,65,2.28,0.8803,1,2.295,0.8861,506,0
SPY190520P288,2019-05-17,2019-05-17 09:41:15,2.32,0.8957,150,2.27,0.8764,117,2.28,0.8803,1,2.295,0.8861,506,0
SPY190520P288,2019-05-17,2019-05-17 09:41:16,2.32,0.8957,117,2.28,0.8803,32,2.28,0.8803,1,2.3,0.888,506,0
SPY190520P288,2019-05-17,2019-05-17 09:41:17,2.32,0.8957,160,2.28,0.8803,30,2.28,0.8803,1,2.3,0.888,506,0
SPY190520P288,2019-05-17,2019-05-17 09:41:18,2.3,0.888,139,2.26,0.8725,38,2.28,0.8803,1,2.28,0.8803,506,0
SPY190520P288,2019-05-17,2019-05-17 09:41:19,2.29,0.8841,92,2.26,0.8725,20,2.28,0.8803,1,2.275,0.8783,506,0
SPY190520P288,2019-05-17,2019-05-17 09:41:20,2.29,0.8841,110,2.26,0.8725,50,2.28,0.8803,1,2.275,0.8783,506,0
SPY190520P288,2019-05-17,2019-05-17 09:41:21,2.29,0.8841,6,2.26,0.8725,32,2.28,0.8803,1,2.275,0.8783,506,0
SPY190520P288,2019-05-17,2019-05-17 09:41:22,2.3,0.888,61,2.26,0.8725,43,2.28,0.8803,1,2.28,0.8803,506,0
SPY190520P288,2019-05-17,2019-05-17 09:41:23,2.3,0.888,1,2.27,0.8764,24,2.28,0.8803,1,2.285,0.8822,507,1
SPY190520P288,2019-05-17,2019-05-17 09:41:24,2.3,0.888,108,2.26,0.8725,68,2.28,0.8803,1,2.28,0.8803,507,0
SPY190520P288,2019-05-17,2019-05-17 09:41:25,2.29,0.8841,50,2.26,0.8725,26,2.28,0.8803,1,2.275,0.8783,507,0
SPY190520P288,2019-05-17,2019-05-17 09:41:26,2.29,0.8841,118,2.25,0.8687,124,2.28,0.8803,1,2.27,0.8764,507,0
SPY190520P288,2019-05-17,2019-05-17 09:41:27,2.29,0.8841,118,2.25,0.8687,82,2.28,0.8803,1,2.27,0.8764,507,0
SPY190520P288,2019-05-17,2019-05-17 09:41:28,2.29,0.8841,87,2.24,0.8648,32,2.28,0.8803,1,2.265,0.8745,507,0
SPY190520P288,2019-05-17,2019-05-17 09:41:29,2.28,0.8803,156,2.24,0.8648,32,2.28,0.8803,1,2.26,0.8725,507,0
SPY190520P288,2019-05-17,2019-05-17 09:41:30,2.28,0.8803,144,2.24,0.8648,32,2.28,0.8803,1,2.26,0.8725,507,0
SPY190520P288,2019-05-17,2019-05-17 09:41:31,2.27,0.8764,43,2.24,0.8648,26,2.28,0.8803,1,2.255,0.8706,507,0
SPY190520P288,2019-05-17,2019-05-17 09:41:32,2.27,0.8764,131,2.23,0.861,20,2.28,0.8803,1,2.25,0.8687,507,0
SPY190520P288,2019-05-17,2019-05-17 09:41:33,2.27,0.8764,170,2.23,0.861,59,2.28,0.8803,1,2.25,0.8687,507,0
SPY190520P288,2019-05-17,2019-05-17 09:41:34,2.26,0.8725,106,2.23,0.861,59,2.28,0.8803,1,2.245,0.8667,507,0
SPY190520P288,2019-05-17,2019-05-17 09:41:35,2.26,0.8725,170,2.22,0.8571,74,2.28,0.8803,1,2.24,0.8648,507,0
SPY190520P288,2019-05-17,2019-05-17 09:41:36,2.27,0.8764,50,2.24,0.8648,20,2.28,0.8803,1,2.255,0.8706,507,0
SPY190520P288,2019-05-17,2019-05-17 09:41:37,2.27,0.8764,70,2.24,0.8648,32,2.28,0.8803,1,2.255,0.8706,507,0
SPY190520P288,2019-05-17,2019-05-17 09:41:38,2.27,0.8764,70,2.24,0.8648,20,2.28,0.8803,1,2.255,0.8706,507,0
SPY190520P288,2019-05-17,2019-05-17 09:41:39,2.27,0.8764,50,2.24,0.8648,20,2.28,0.8803,1,2.255,0.8706,507,0
SPY190520P288,2019-05-17,2019-05-17 09:41:40,2.27,0.8764,70,2.24,0.8648,20,2.28,0.8803,1,2.255,0.8706,507,0
SPY190520P288,2019-05-17,2019-05-17 09:41:41,2.26,0.8725,80,2.22,0.8571,32,2.28,0.8803,1,2.24,0.8648,507,0
SPY190520P288,2019-05-17,2019-05-17 09:41:42,2.24,0.8648,100,2.19,0.8455,73,2.28,0.8803,1,2.215,0.8552,507,0
SPY190520P288,2019-05-17,2019-05-17 09:41:43,2.23,0.861,88,2.19,0.8455,93,2.28,0.8803,1,2.21,0.8532,507,0
SPY190520P288,2019-05-17,2019-05-17 09:41:45,2.24,0.8648,153,2.2,0.8494,51,2.28,0.8803,1,2.22,0.8571,507,0
SPY190520P288,2019-05-17,2019-05-17 09:41:46,2.19,0.8455,150,2.15,0.8301,10,2.28,0.8803,1,2.17,0.8378,507,0
SPY190520P288,2019-05-17,2019-05-17 09:41:47,2.16,0.8339,100,2.15,0.8301,20,2.15,0.8301,10,2.155,0.832,517,10
SPY190520P288,2019-05-17,2019-05-17 09:41:48,2.16,0.8339,57,2.12,0.8185,79,2.15,0.8301,10,2.14,0.8262,517,0
SPY190520P288,2019-05-17,2019-05-17 09:41:49,2.16,0.8339,79,2.13,0.8223,26,2.15,0.8301,10,2.145,0.8281,517,0
SPY190520P288,2019-05-17,2019-05-17 09:41:50,2.2,0.8494,63,2.15,0.8301,2,2.15,0.8301,10,2.175,0.8397,517,0
SPY190520P288,2019-05-17,2019-05-17 09:41:51,2.22,0.8571,20,2.18,0.8416,20,2.15,0.8301,10,2.2,0.8494,517,0
SPY190520P288,2019-05-17,2019-05-17 09:41:52,2.21,0.8532,115,2.17,0.8378,60,2.15,0.8301,10,2.19,0.8455,517,0
SPY190520P288,2019-05-17,2019-05-17 09:41:53,2.21,0.8532,100,2.18,0.8416,20,2.15,0.8301,10,2.195,0.8474,517,0
SPY190520P288,2019-05-17,2019-05-17 09:41:54,2.21,0.8532,81,2.18,0.8416,20,2.15,0.8301,10,2.195,0.8474,517,0
SPY190520P288,2019-05-17,2019-05-17 09:41:55,2.21,0.8532,79,2.17,0.8378,166,2.15,0.8301,10,2.19,0.8455,517,0
SPY190520P288,2019-05-17,2019-05-17 09:41:56,2.22,0.8571,49,2.17,0.8378,32,2.15,0.8301,10,2.195,0.8474,517,0
SPY190520P288,2019-05-17,2019-05-17 09:41:57,2.21,0.8532,70,2.18,0.8416,32,2.15,0.8301,10,2.195,0.8474,517,0
SPY190520P288,2019-05-17,2019-05-17 09:41:57,2.22,0.8571,100,2.2,0.8494,30,2.15,0.8301,10,2.21,0.8532,517,0
SPY190520P288,2019-05-17,2019-05-17 09:41:58,2.24,0.8648,88,2.21,0.8532,24,2.15,0.8301,10,2.225,0.859,517,0
SPY190520P288,2019-05-17,2019-05-17 09:41:59,2.24,0.8648,50,2.21,0.8532,156,2.15,0.8301,10,2.225,0.859,517,0
SPY190520P288,2019-05-17,2019-05-17 09:42:00,2.26,0.8725,15,2.23,0.861,24,2.23,0.861,1,2.245,0.8667,518,1
SPY190520P288,2019-05-17,2019-05-17 09:42:01,2.27,0.8764,70,2.24,0.8648,20,2.23,0.861,1,2.255,0.8706,518,0
SPY190520P288,2019-05-17,2019-05-17 09:42:03,2.27,0.8764,89,2.24,0.8648,20,2.23,0.861,1,2.255,0.8706,518,0
SPY190520P288,2019-05-17,2019-05-17 09:42:04,2.25,0.8687,78,2.22,0.8571,24,2.23,0.861,1,2.235,0.8629,518,0
SPY190520P288,2019-05-17,2019-05-17 09:42:05,2.25,0.8687,78,2.22,0.8571,24,2.23,0.861,1,2.235,0.8629,518,0
SPY190520P288,2019-05-17,2019-05-17 09:42:06,2.25,0.8687,92,2.22,0.8571,26,2.23,0.861,1,2.235,0.8629,518,0
SPY190520P288,2019-05-17,2019-05-17 09:42:07,2.25,0.8687,170,2.2,0.8494,70,2.23,0.861,1,2.225,0.859,518,0
SPY190520P288,2019-05-17,2019-05-17 09:42:08,2.25,0.8687,156,2.2,0.8494,70,2.23,0.861,1,2.225,0.859,518,0
SPY190520P288,2019-05-17,2019-05-17 09:42:09,2.24,0.8648,116,2.21,0.8532,20,2.23,0.861,1,2.225,0.859,518,0
SPY190520P288,2019-05-17,2019-05-17 09:42:10,2.24,0.8648,116,2.21,0.8532,20,2.23,0.861,1,2.225,0.859,518,0
SPY190520P288,2019-05-17,2019-05-17 09:42:11,2.25,0.8687,107,2.21,0.8532,25,2.23,0.861,1,2.23,0.861,518,0
SPY190520P288,2019-05-17,2019-05-17 09:42:12,2.25,0.8687,92,2.22,0.8571,20,2.23,0.861,1,2.235,0.8629,518,0
SPY190520P288,2019-05-17,2019-05-17 09:42:13,2.25,0.8687,150,2.21,0.8532,24,2.23,0.861,1,2.23,0.861,518,0
SPY190520P288,2019-05-17,2019-05-17 09:42:14,2.25,0.8687,170,2.21,0.8532,24,2.23,0.861,1,2.23,0.861,518,0
SPY190520P288,2019-05-17,2019-05-17 09:42:15,2.25,0.8687,98,2.21,0.8532,26,2.23,0.861,1,2.23,0.861,518,0
SPY190520P288,2019-05-17,2019-05-17 09:42:16,2.25,0.8687,170,2.21,0.8532,26,2.23,0.861,1,2.23,0.861,518,0
SPY190520P288,2019-05-17,2019-05-17 09:42:17,2.25,0.8687,150,2.18,0.8416,150,2.23,0.861,1,2.215,0.8552,518,0
SPY190520P288,2019-05-17,2019-05-17 09:42:18,2.23,0.861,70,2.19,0.8455,24,2.23,0.861,1,2.21,0.8532,518,0
SPY190520P288,2019-05-17,2019-05-17 09:42:19,2.22,0.8571,50,2.19,0.8455,20,2.23,0.861,1,2.205,0.8513,518,0
SPY190520P288,2019-05-17,2019-05-17 09:42:20,2.23,0.861,106,2.19,0.8455,32,2.23,0.861,1,2.21,0.8532,518,0
SPY190520P288,2019-05-17,2019-05-17 09:42:21,2.23,0.861,172,2.19,0.8455,20,2.23,0.861,1,2.21,0.8532,518,0
SPY190520P288,2019-05-17,2019-05-17 09:42:22,2.23,0.861,100,2.19,0.8455,20,2.23,0.861,1,2.21,0.8532,518,0
SPY190520P288,2019-05-17,2019-05-17 09:42:23,2.22,0.8571,70,2.19,0.8455,32,2.23,0.861,1,2.205,0.8513,518,0
SPY190520P288,2019-05-17,2019-05-17 09:42:24,2.23,0.861,86,2.19,0.8455,20,2.23,0.861,1,2.21,0.8532,518,0
SPY190520P288,2019-05-17,2019-05-17 09:42:25,2.23,0.861,116,2.19,0.8455,115,2.23,0.861,1,2.21,0.8532,518,0
SPY190520P288,2019-05-17,2019-05-17 09:42:26,2.23,0.861,109,2.19,0.8455,157,2.23,0.861,1,2.21,0.8532,518,0
SPY190520P288,2019-05-17,2019-05-17 09:42:27,2.27,0.8764,107,2.2,0.8494,120,2.23,0.861,1,2.235,0.8629,518,0
SPY190520P288,2019-05-17,2019-05-17 09:42:28,2.26,0.8725,170,2.22,0.8571,20,2.23,0.861,1,2.24,0.8648,518,0
SPY190520P288,2019-05-17,2019-05-17 09:42:29,2.23,0.861,70,2.2,0.8494,24,2.23,0.861,1,2.215,0.8552,518,0
SPY190520P288,2019-05-17,2019-05-17 09:42:30,2.24,0.8648,70,2.2,0.8494,30,2.23,0.861,1,2.22,0.8571,518,0
SPY190520P288,2019-05-17,2019-05-17 09:42:31,2.24,0.8648,89,2.21,0.8532,20,2.23,0.861,1,2.225,0.859,518,0
SPY190520P288,2019-05-17,2019-05-17 09:42:33,2.24,0.8648,100,2.2,0.8494,32,2.23,0.861,1,2.22,0.8571,518,0
SPY190520P288,2019-05-17,2019-05-17 09:42:34,2.23,0.861,20,2.2,0.8494,120,2.23,0.861,1,2.215,0.8552,518,0
SPY190520P288,2019-05-17,2019-05-17 09:42:34,2.24,0.8648,112,2.2,0.8494,120,2.23,0.861,1,2.22,0.8571,518,0
SPY190520P288,2019-05-17,2019-05-17 09:42:36,2.24,0.8648,50,2.21,0.8532,126,2.23,0.861,1,2.225,0.859,518,0
SPY190520P288,2019-05-17,2019-05-17 09:42:37,2.23,0.861,66,2.2,0.8494,70,2.23,0.861,1,2.215,0.8552,518,0
SPY190520P288,2019-05-17,2019-05-17 09:42:38,2.23,0.861,20,2.2,0.8494,120,2.23,0.861,1,2.215,0.8552,518,0
SPY190520P288,2019-05-17,2019-05-17 09:42:39,2.23,0.861,32,2.2,0.8494,45,2.23,0.861,1,2.215,0.8552,518,0
SPY190520P288,2019-05-17,2019-05-17 09:42:40,2.25,0.8687,51,2.21,0.8532,120,2.23,0.861,1,2.23,0.861,518,0
SPY190520P288,2019-05-17,2019-05-17 09:42:41,2.22,0.8571,50,2.19,0.8455,20,2.23,0.861,1,2.205,0.8513,518,0
SPY190520P288,2019-05-17,2019-05-17 09:42:42,2.22,0.8571,70,2.19,0.8455,20,2.23,0.861,1,2.205,0.8513,518,0
SPY190520P288,2019-05-17,2019-05-17 09:42:43,2.23,0.861,109,2.2,0.8494,22,2.23,0.861,1,2.215,0.8552,518,0
SPY190520P288,2019-05-17,2019-05-17 09:42:44,2.23,0.861,3,2.2,0.8494,150,2.23,0.861,1,2.215,0.8552,518,0
SPY190520P288,2019-05-17,2019-05-17 09:42:45,2.24,0.8648,57,2.2,0.8494,57,2.22,0.8571,3,2.22,0.8571,521,3
SPY190520P288,2019-05-17,2019-05-17 09:42:46,2.25,0.8687,70,2.22,0.8571,24,2.22,0.8571,3,2.235,0.8629,521,0
SPY190520P288,2019-05-17,2019-05-17 09:42:47,2.24,0.8648,70,2.21,0.8532,20,2.22,0.8571,3,2.225,0.859,521,0
SPY190520P288,2019-05-17,2019-05-17 09:42:48,2.25,0.8687,106,2.22,0.8571,22,2.22,0.8571,3,2.235,0.8629,521,0
SPY190520P288,2019-05-17,2019-05-17 09:42:49,2.23,0.861,50,2.2,0.8494,32,2.22,0.8571,3,2.215,0.8552,521,0
SPY190520P288,2019-05-17,2019-05-17 09:42:50,2.23,0.861,75,2.19,0.8455,24,2.22,0.8571,3,2.21,0.8532,521,0
SPY190520P288,2019-05-17,2019-05-17 09:42:51,2.23,0.861,112,2.19,0.8455,120,2.22,0.8571,3,2.21,0.8532,521,0
SPY190520P288,2019-05-17,2019-05-17 09:42:52,2.24,0.8648,70,2.2,0.8494,20,2.22,0.8571,3,2.22,0.8571,521,0
SPY190520P288,2019-05-17,2019-05-17 09:42:53,2.24,0.8648,50,2.2,0.8494,152,2.22,0.8571,3,2.22,0.8571,521,0
SPY190520P288,2019-05-17,2019-05-17 09:42:54,2.24,0.8648,104,2.2,0.8494,111,2.22,0.8571,3,2.22,0.8571,521,0
SPY190520P288,2019-05-17,2019-05-17 09:42:55,2.24,0.8648,104,2.21,0.8532,170,2.22,0.8571,3,2.225,0.859,521,0
SPY190520P288,2019-05-17,2019-05-17 09:42:56,2.25,0.8687,78,2.22,0.8571,85,2.22,0.8571,3,2.235,0.8629,521,0
SPY190520P288,2019-05-17,2019-05-17 09:42:57,2.24,0.8648,70,2.2,0.8494,70,2.22,0.8571,3,2.22,0.8571,521,0
SPY190520P288,2019-05-17,2019-05-17 09:42:58,2.24,0.8648,70,2.2,0.8494,123,2.22,0.8571,3,2.22,0.8571,521,0
SPY190520P288,2019-05-17,2019-05-17 09:42:59,2.24,0.8648,95,2.2,0.8494,170,2.22,0.8571,3,2.22,0.8571,521,0
SPY190520P288,2019-05-17,2019-05-17 09:43:00,2.24,0.8648,114,2.2,0.8494,110,2.22,0.8571,3,2.22,0.8571,521,0
SPY190520P288,2019-05-17,2019-05-17 09:43:01,2.24,0.8648,65,2.2,0.8494,84,2.22,0.8571,3,2.22,0.8571,521,0
SPY190520P288,2019-05-17,2019-05-17 09:43:02,2.23,0.861,20,2.2,0.8494,70,2.22,0.8571,3,2.215,0.8552,521,0
SPY190520P288,2019-05-17,2019-05-17 09:43:03,2.25,0.8687,103,2.21,0.8532,150,2.22,0.8571,3,2.23,0.861,521,0
SPY190520P288,2019-05-17,2019-05-17 09:43:04,2.24,0.8648,86,2.2,0.8494,110,2.22,0.8571,3,2.22,0.8571,521,0
SPY190520P288,2019-05-17,2019-05-17 09:43:05,2.24,0.8648,114,2.2,0.8494,79,2.22,0.8571,3,2.22,0.8571,521,0
SPY190520P288,2019-05-17,2019-05-17 09:43:06,2.25,0.8687,57,2.2,0.8494,70,2.22,0.8571,3,2.225,0.859,521,0
SPY190520P288,2019-05-17,2019-05-17 09:43:07,2.25,0.8687,90,2.22,0.8571,100,2.23,0.861,6,2.235,0.8629,527,6
SPY190520P288,2019-05-17,2019-05-17 09:43:08,2.25,0.8687,79,2.22,0.8571,120,2.23,0.861,6,2.235,0.8629,527,0
SPY190520P288,2019-05-17,2019-05-17 09:43:09,2.27,0.8764,79,2.23,0.861,41,2.23,0.861,6,2.25,0.8687,527,0
SPY190520P288,2019-05-17,2019-05-17 09:43:10,2.27,0.8764,126,2.23,0.861,81,2.23,0.861,6,2.25,0.8687,527,0
SPY190520P288,2019-05-17,2019-05-17 09:43:12,2.28,0.8803,6,2.24,0.8648,150,2.23,0.861,6,2.26,0.8725,527,0
SPY190520P288,2019-05-17,2019-05-17 09:43:13,2.29,0.8841,106,2.25,0.8687,152,2.23,0.861,6,2.27,0.8764,527,0
SPY190520P288,2019-05-17,2019-05-17 09:43:14,2.29,0.8841,50,2.26,0.8725,20,2.23,0.861,6,2.275,0.8783,527,0
SPY190520P288,2019-05-17,2019-05-17 09:43:15,2.28,0.8803,6,2.24,0.8648,150,2.23,0.861,6,2.26,0.8725,527,0
SPY190520P288,2019-05-17,2019-05-17 09:43:16,2.27,0.8764,6,2.23,0.861,49,2.23,0.861,6,2.25,0.8687,527,0
SPY190520P288,2019-05-17,2019-05-17 09:43:17,2.27,0.8764,24,2.23,0.861,98,2.23,0.861,6,2.25,0.8687,527,0
SPY190520P288,2019-05-17,2019-05-17 09:43:18,2.27,0.8764,36,2.24,0.8648,26,2.23,0.861,6,2.255,0.8706,527,0
SPY190520P288,2019-05-17,2019-05-17 09:43:19,2.28,0.8803,70,2.25,0.8687,20,2.23,0.861,6,2.265,0.8745,527,0
SPY190520P288,2019-05-17,2019-05-17 09:43:20,2.3,0.888,70,2.27,0.8764,146,2.23,0.861,6,2.285,0.8822,527,0
SPY190520P288,2019-05-17,2019-05-17 09:43:21,2.33,0.8996,57,2.28,0.8803,150,2.23,0.861,6,2.305,0.8899,527,0
SPY190520P288,2019-05-17,2019-05-17 09:43:22,2.33,0.8996,100,2.29,0.8841,84,2.23,0.861,6,2.31,0.8918,527,0
SPY190520P288,2019-05-17,2019-05-17 09:43:24,2.33,0.8996,100,2.29,0.8841,151,2.23,0.861,6,2.31,0.8918,527,0
SPY190520P288,2019-05-17,2019-05-17 09:43:25,2.33,0.8996,70,2.29,0.8841,151,2.23,0.861,6,2.31,0.8918,527,0
SPY190520P288,2019-05-17,2019-05-17 09:43:26,2.34,0.9034,106,2.31,0.8918,20,2.23,0.861,6,2.325,0.8976,527,0
SPY190520P288,2019-05-17,2019-05-17 09:43:27,2.34,0.9034,108,2.31,0.8918,20,2.23,0.861,6,2.325,0.8976,527,0
SPY190520P288,2019-05-17,2019-05-17 09:43:28,2.36,0.9111,56,2.32,0.8957,51,2.23,0.861,6,2.34,0.9034,527,0
SPY190520P288,2019-05-17,2019-05-17 09:43:30,2.36,0.9111,69,2.32,0.8957,60,2.23,0.861,6,2.34,0.9034,527,0
SPY190520P288,2019-05-17,2019-05-17 09:43:31,2.35,0.9073,76,2.31,0.8918,51,2.23,0.861,6,2.33,0.8996,527,0
SPY190520P288,2019-05-17,2019-05-17 09:43:32,2.36,0.9111,110,2.32,0.8957,100,2.23,0.861,6,2.34,0.9034,527,0
SPY190520P288,2019-05-17,2019-05-17 09:43:33,2.34,0.9034,13,2.31,0.8918,6,2.23,0.861,6,2.325,0.8976,527,0
SPY190520P288,2019-05-17,2019-05-17 09:43:34,2.35,0.9073,50,2.31,0.8918,12,2.23,0.861,6,2.33,0.8996,527,0
SPY190520P288,2019-05-17,2019-05-17 09:43:36,2.34,0.9034,39,2.31,0.8918,10,2.23,0.861,6,2.325,0.8976,527,0
SPY190520P288,2019-05-17,2019-05-17 09:43:37,2.35,0.9073,81,2.31,0.8918,50,2.23,0.861,6,2.33,0.8996,527,0
SPY190520P288,2019-05-17,2019-05-17 09:43:38,2.33,0.8996,112,2.29,0.8841,102,2.23,0.861,6,2.31,0.8918,527,0
SPY190520P288,2019-05-17,2019-05-17 09:43:39,2.33,0.8996,112,2.29,0.8841,60,2.23,0.861,6,2.31,0.8918,527,0
SPY190520P288,2019-05-17,2019-05-17 09:43:41,2.33,0.8996,112,2.29,0.8841,32,2.23,0.861,6,2.31,0.8918,527,0
SPY190520P288,2019-05-17,2019-05-17 09:43:42,2.31,0.8918,50,2.26,0.8725,50,2.23,0.861,6,2.285,0.8822,527,0
SPY190520P288,2019-05-17,2019-05-17 09:43:43,2.32,0.8957,95,2.29,0.8841,20,2.23,0.861,6,2.305,0.8899,527,0
SPY190520P288,2019-05-17,2019-05-17 09:43:44,2.32,0.8957,107,2.28,0.8803,15,2.23,0.861,6,2.3,0.888,527,0
SPY190520P288,2019-05-17,2019-05-17 09:43:45,2.32,0.8957,81,2.29,0.8841,20,2.23,0.861,6,2.305,0.8899,527,0
SPY190520P288,2019-05-17,2019-05-17 09:43:46,2.34,0.9034,50,2.3,0.888,148,2.23,0.861,6,2.32,0.8957,527,0
SPY190520P288,2019-05-17,2019-05-17 09:43:47,2.35,0.9073,32,2.31,0.8918,20,2.23,0.861,6,2.33,0.8996,527,0
SPY190520P288,2019-05-17,2019-05-17 09:43:49,2.35,0.9073,116,2.31,0.8918,20,2.23,0.861,6,2.33,0.8996,527,0
SPY190520P288,2019-05-17,2019-05-17 09:43:50,2.34,0.9034,70,2.31,0.8918,20,2.23,0.861,6,2.325,0.8976,527,0
SPY190520P288,2019-05-17,2019-05-17 09:43:51,2.33,0.8996,70,2.29,0.8841,20,2.23,0.861,6,2.31,0.8918,527,0
SPY190520P288,2019-05-17,2019-05-17 09:43:52,2.34,0.9034,69,2.3,0.888,136,2.23,0.861,6,2.32,0.8957,527,0
SPY190520P288,2019-05-17,2019-05-17 09:43:53,2.35,0.9073,98,2.31,0.8918,71,2.23,0.861,6,2.33,0.8996,527,0
SPY190520P288,2019-05-17,2019-05-17 09:43:55,2.33,0.8996,1,2.32,0.8957,22,2.23,0.861,6,2.325,0.8976,527,0
SPY190520P288,2019-05-17,2019-05-17 09:43:56,2.33,0.8996,1,2.31,0.8918,45,2.23,0.861,6,2.32,0.8957,527,0
SPY190520P288,2019-05-17,2019-05-17 09:43:57,2.33,0.8996,1,2.31,0.8918,45,2.23,0.861,6,2.32,0.8957,527,0
SPY190520P288,2019-05-17,2019-05-17 09:43:58,2.33,0.8996,7,2.29,0.8841,100,2.23,0.861,6,2.31,0.8918,527,0
SPY190520P288,2019-05-17,2019-05-17 09:44:00,2.33,0.8996,108,2.29,0.8841,58,2.23,0.861,6,2.31,0.8918,527,0
SPY190520P288,2019-05-17,2019-05-17 09:44:01,2.32,0.8957,108,2.28,0.8803,170,2.23,0.861,6,2.3,0.888,527,0
SPY190520P288,2019-05-17,2019-05-17 09:44:03,2.32,0.8957,50,2.28,0.8803,71,2.23,0.861,6,2.3,0.888,527,0
SPY190520P288,2019-05-17,2019-05-17 09:44:04,2.33,0.8996,7,2.3,0.888,6,2.23,0.861,6,2.315,0.8938,527,0
SPY190520P288,2019-05-17,2019-05-17 09:44:05,2.33,0.8996,8,2.29,0.8841,103,2.23,0.861,6,2.31,0.8918,527,0
SPY190520P288,2019-05-17,2019-05-17 09:44:06,2.32,0.8957,20,2.29,0.8841,54,2.23,0.861,6,2.305,0.8899,527,0
SPY190520P288,2019-05-17,2019-05-17 09:44:07,2.33,0.8996,108,2.3,0.888,22,2.23,0.861,6,2.315,0.8938,527,0
SPY190520P288,2019-05-17,2019-05-17 09:44:08,2.33,0.8996,8,2.3,0.888,72,2.23,0.861,6,2.315,0.8938,527,0
SPY190520P288,2019-05-17,2019-05-17 09:44:09,2.34,0.9034,74,2.3,0.888,116,2.23,0.861,6,2.32,0.8957,527,0
SPY190520P288,2019-05-17,2019-05-17 09:44:11,2.33,0.8996,91,2.29,0.8841,46,2.23,0.861,6,2.31,0.8918,527,0
SPY190520P288,2019-05-17,2019-05-17 09:44:12,2.33,0.8996,162,2.29,0.8841,49,2.23,0.861,6,2.31,0.8918,527,0
SPY190520P288,2019-05-17,2019-05-17 09:44:13,2.34,0.9034,70,2.3,0.888,147,2.23,0.861,6,2.32,0.8957,527,0
SPY190520P288,2019-05-17,2019-05-17 09:44:14,2.35,0.9073,6,2.31,0.8918,150,2.23,0.861,6,2.33,0.8996,527,0
SPY190520P288,2019-05-17,2019-05-17 09:44:15,2.35,0.9073,125,2.3,0.888,71,2.31,0.8918,1,2.325,0.8976,528,1
SPY190520P288,2019-05-17,2019-05-17 09:44:16,2.35,0.9073,125,2.31,0.8918,20,2.31,0.8918,1,2.33,0.8996,528,0
SPY190520P288,2019-05-17,2019-05-17 09:44:17,2.36,0.9111,70,2.32,0.8957,32,2.31,0.8918,1,2.34,0.9034,528,0
SPY190520P288,2019-05-17,2019-05-17 09:44:19,2.35,0.9073,70,2.32,0.8957,20,2.31,0.8918,1,2.335,0.9015,528,0
SPY190520P288,2019-05-17,2019-05-17 09:44:20,2.36,0.9111,99,2.32,0.8957,137,2.31,0.8918,1,2.34,0.9034,528,0
SPY190520P288,2019-05-17,2019-05-17 09:44:21,2.36,0.9111,99,2.32,0.8957,137,2.31,0.8918,1,2.34,0.9034,528,0
SPY190520P288,2019-05-17,2019-05-17 09:44:22,2.38,0.9189,60,2.34,0.9034,147,2.31,0.8918,1,2.36,0.9111,528,0
SPY190520P288,2019-05-17,2019-05-17 09:44:23,2.38,0.9189,105,2.34,0.9034,40,2.31,0.8918,1,2.36,0.9111,528,0
SPY190520P288,2019-05-17,2019-05-17 09:44:24,2.4,0.9266,100,2.34,0.9034,50,2.31,0.8918,1,2.37,0.915,528,0
SPY190520P288,2019-05-17,2019-05-17 09:44:25,2.39,0.9227,69,2.36,0.9111,10,2.31,0.8918,1,2.375,0.9169,528,0
SPY190520P288,2019-05-17,2019-05-17 09:44:26,2.41,0.9305,50,2.36,0.9111,65,2.31,0.8918,1,2.385,0.9208,528,0
SPY190520P288,2019-05-17,2019-05-17 09:44:27,2.4,0.9266,102,2.36,0.9111,66,2.31,0.8918,1,2.38,0.9189,528,0
SPY190520P288,2019-05-17,2019-05-17 09:44:29,2.4,0.9266,53,2.36,0.9111,28,2.31,0.8918,1,2.38,0.9189,528,0
SPY190520P288,2019-05-17,2019-05-17 09:44:30,2.4,0.9266,99,2.36,0.9111,26,2.31,0.8918,1,2.38,0.9189,528,0
SPY190520P288,2019-05-17,2019-05-17 09:44:31,2.39,0.9227,6,2.36,0.9111,26,2.31,0.8918,1,2.375,0.9169,528,0
SPY190520P288,2019-05-17,2019-05-17 09:44:32,2.39,0.9227,25,2.36,0.9111,31,2.31,0.8918,1,2.375,0.9169,528,0
SPY190520P288,2019-05-17,2019-05-17 09:44:33,2.39,0.9227,10,2.36,0.9111,31,2.31,0.8918,1,2.375,0.9169,528,0
SPY190520P288,2019-05-17,2019-05-17 09:44:34,2.42,0.9343,52,2.37,0.915,11,2.31,0.8918,1,2.395,0.9247,528,0
SPY190520P288,2019-05-17,2019-05-17 09:44:35,2.41,0.9305,86,2.38,0.9189,17,2.31,0.8918,1,2.395,0.9247,528,0
SPY190520P288,2019-05-17,2019-05-17 09:44:36,2.41,0.9305,86,2.38,0.9189,11,2.31,0.8918,1,2.395,0.9247,528,0
SPY190520P288,2019-05-17,2019-05-17 09:44:37,2.42,0.9343,160,2.38,0.9189,11,2.31,0.8918,1,2.4,0.9266,528,0
SPY190520P288,2019-05-17,2019-05-17 09:44:39,2.4,0.9266,60,2.36,0.9111,59,2.31,0.8918,1,2.38,0.9189,528,0
SPY190520P288,2019-05-17,2019-05-17 09:44:40,2.42,0.9343,52,2.38,0.9189,6,2.31,0.8918,1,2.4,0.9266,528,0
SPY190520P288,2019-05-17,2019-05-17 09:44:41,2.41,0.9305,93,2.37,0.915,10,2.31,0.8918,1,2.39,0.9227,528,0
SPY190520P288,2019-05-17,2019-05-17 09:44:42,2.41,0.9305,10,2.38,0.9189,10,2.31,0.8918,1,2.395,0.9247,528,0
SPY190520P288,2019-05-17,2019-05-17 09:44:43,2.42,0.9343,11,2.38,0.9189,60,2.31,0.8918,1,2.4,0.9266,528,0
SPY190520P288,2019-05-17,2019-05-17 09:44:44,2.42,0.9343,119,2.37,0.915,60,2.31,0.8918,1,2.395,0.9247,528,0
SPY190520P288,2019-05-17,2019-05-17 09:44:45,2.42,0.9343,119,2.37,0.915,133,2.31,0.8918,1,2.395,0.9247,528,0
SPY190520P288,2019-05-17,2019-05-17 09:44:46,2.41,0.9305,44,2.38,0.9189,12,2.31,0.8918,1,2.395,0.9247,528,0
SPY190520P288,2019-05-17,2019-05-17 09:44:47,2.39,0.9227,60,2.35,0.9073,162,2.31,0.8918,1,2.37,0.915,528,0
SPY190520P288,2019-05-17,2019-05-17 09:44:48,2.39,0.9227,103,2.34,0.9034,98,2.31,0.8918,1,2.365,0.9131,528,0
SPY190520P288,2019-05-17,2019-05-17 09:44:49,2.38,0.9189,41,2.34,0.9034,98,2.31,0.8918,1,2.36,0.9111,528,0
SPY190520P288,2019-05-17,2019-05-17 09:44:50,2.35,0.9073,107,2.31,0.8918,108,2.31,0.8918,1,2.33,0.8996,528,0
SPY190520P288,2019-05-17,2019-05-17 09:44:51,2.34,0.9034,10,2.31,0.8918,149,2.31,0.8918,1,2.325,0.8976,528,0
SPY190520P288,2019-05-17,2019-05-17 09:44:53,2.34,0.9034,41,2.31,0.8918,10,2.31,0.8918,1,2.325,0.8976,528,0
SPY190520P288,2019-05-17,2019-05-17 09:44:54,2.33,0.8996,79,2.29,0.8841,9,2.31,0.8918,1,2.31,0.8918,528,0
SPY190520P288,2019-05-17,2019-05-17 09:44:55,2.33,0.8996,95,2.28,0.8803,100,2.31,0.8918,1,2.305,0.8899,528,0
SPY190520P288,2019-05-17,2019-05-17 09:44:56,2.33,0.8996,108,2.28,0.8803,132,2.31,0.8918,1,2.305,0.8899,528,0
SPY190520P288,2019-05-17,2019-05-17 09:44:57,2.32,0.8957,70,2.29,0.8841,32,2.31,0.8918,1,2.305,0.8899,528,0
SPY190520P288,2019-05-17,2019-05-17 09:44:58,2.32,0.8957,70,2.28,0.8803,32,2.31,0.8918,1,2.3,0.888,528,0
SPY190520P288,2019-05-17,2019-05-17 09:45:00,2.32,0.8957,150,2.28,0.8803,32,2.31,0.8918,1,2.3,0.888,528,0
SPY190520P288,2019-05-17,2019-05-17 09:45:00,2.32,0.8957,70,2.28,0.8803,54,2.31,0.8918,1,2.3,0.888,528,0
SPY190520P288,2019-05-17,2019-05-17 09:45:02,2.31,0.8918,100,2.28,0.8803,24,2.31,0.8918,1,2.295,0.8861,528,0
SPY190520P288,2019-05-17,2019-05-17 09:45:04,2.3,0.888,159,2.26,0.8725,24,2.31,0.8918,1,2.28,0.8803,528,0
SPY190520P288,2019-05-17,2019-05-17 09:45:05,2.29,0.8841,204,2.24,0.8648,124,2.31,0.8918,1,2.265,0.8745,528,0
SPY190520P288,2019-05-17,2019-05-17 09:45:06,2.28,0.8803,105,2.24,0.8648,70,2.31,0.8918,1,2.26,0.8725,528,0
SPY190520P288,2019-05-17,2019-05-17 09:45:08,2.28,0.8803,107,2.24,0.8648,111,2.31,0.8918,1,2.26,0.8725,528,0
SPY190520P288,2019-05-17,2019-05-17 09:45:09,2.28,0.8803,116,2.25,0.8687,70,2.31,0.8918,1,2.265,0.8745,528,0
SPY190520P288,2019-05-17,2019-05-17 09:45:10,2.3,0.888,50,2.27,0.8764,84,2.31,0.8918,1,2.285,0.8822,528,0
SPY190520P288,2019-05-17,2019-05-17 09:45:11,2.31,0.8918,74,2.27,0.8764,68,2.31,0.8918,1,2.29,0.8841,528,0
SPY190520P288,2019-05-17,2019-05-17 09:45:12,2.3,0.888,134,2.25,0.8687,22,2.31,0.8918,1,2.275,0.8783,528,0
SPY190520P288,2019-05-17,2019-05-17 09:45:14,2.3,0.888,103,2.27,0.8764,26,2.31,0.8918,1,2.285,0.8822,528,0
SPY190520P288,2019-05-17,2019-05-17 09:45:15,2.32,0.8957,30,2.29,0.8841,20,2.31,0.8918,1,2.305,0.8899,528,0
SPY190520P288,2019-05-17,2019-05-17 09:45:16,2.33,0.8996,111,2.3,0.888,20,2.31,0.8918,1,2.315,0.8938,528,0
SPY190520P288,2019-05-17,2019-05-17 09:45:17,2.35,0.9073,92,2.31,0.8918,45,2.31,0.8918,1,2.33,0.8996,528,0
SPY190520P288,2019-05-17,2019-05-17 09:45:18,2.34,0.9034,97,2.31,0.8918,32,2.31,0.8918,1,2.325,0.8976,528,0
SPY190520P288,2019-05-17,2019-05-17 09:45:20,2.33,0.8996,170,2.28,0.8803,24,2.31,0.8918,1,2.305,0.8899,528,0
SPY190520P288,2019-05-17,2019-05-17 09:45:21,2.3,0.888,85,2.26,0.8725,78,2.31,0.8918,1,2.28,0.8803,528,0
SPY190520P288,2019-05-17,2019-05-17 09:45:22,2.32,0.8957,170,2.27,0.8764,114,2.31,0.8918,1,2.295,0.8861,528,0
SPY190520P288,2019-05-17,2019-05-17 09:45:24,2.32,0.8957,42,2.29,0.8841,32,2.31,0.8918,1,2.305,0.8899,528,0
SPY190520P288,2019-05-17,2019-05-17 09:45:25,2.31,0.8918,34,2.28,0.8803,50,2.31,0.8918,1,2.295,0.8861,528,0
SPY190520P288,2019-05-17,2019-05-17 09:45:26,2.32,0.8957,70,2.28,0.8803,111,2.31,0.8918,1,2.3,0.888,528,0
SPY190520P288,2019-05-17,2019-05-17 09:45:27,2.32,0.8957,70,2.29,0.8841,41,2.31,0.8918,1,2.305,0.8899,528,0
SPY190520P288,2019-05-17,2019-05-17 09:45:28,2.33,0.8996,50,2.3,0.888,24,2.31,0.8918,1,2.315,0.8938,528,0
SPY190520P288,2019-05-17,2019-05-17 09:45:29,2.33,0.8996,70,2.29,0.8841,78,2.31,0.8918,1,2.31,0.8918,528,0
SPY190520P288,2019-05-17,2019-05-17 09:45:30,2.33,0.8996,70,2.3,0.888,20,2.31,0.8918,1,2.315,0.8938,528,0
SPY190520P288,2019-05-17,2019-05-17 09:45:32,2.32,0.8957,150,2.28,0.8803,85,2.31,0.8918,1,2.3,0.888,528,0
SPY190520P288,2019-05-17,2019-05-17 09:45:33,2.32,0.8957,170,2.29,0.8841,32,2.31,0.8918,1,2.305,0.8899,528,0
SPY190520P288,2019-05-17,2019-05-17 09:45:34,2.3,0.888,70,2.26,0.8725,91,2.31,0.8918,1,2.28,0.8803,528,0
SPY190520P288,2019-05-17,2019-05-17 09:45:36,2.3,0.888,210,2.26,0.8725,85,2.31,0.8918,1,2.28,0.8803,528,0
SPY190520P288,2019-05-17,2019-05-17 09:45:37,2.28,0.8803,133,2.24,0.8648,111,2.31,0.8918,1,2.26,0.8725,528,0
SPY190520P288,2019-05-17,2019-05-17 09:45:38,2.28,0.8803,170,2.23,0.861,70,2.31,0.8918,1,2.255,0.8706,528,0
SPY190520P288,2019-05-17,2019-05-17 09:45:39,2.26,0.8725,70,2.23,0.861,26,2.31,0.8918,1,2.245,0.8667,528,0
SPY190520P288,2019-05-17,2019-05-17 09:45:40,2.27,0.8764,57,2.24,0.8648,20,2.31,0.8918,1,2.255,0.8706,528,0
SPY190520P288,2019-05-17,2019-05-17 09:45:41,2.27,0.8764,100,2.24,0.8648,42,2.31,0.8918,1,2.255,0.8706,528,0
SPY190520P288,2019-05-17,2019-05-17 09:45:42,2.27,0.8764,100,2.24,0.8648,24,2.31,0.8918,1,2.255,0.8706,528,0
SPY190520P288,2019-05-17,2019-05-17 09:45:44,2.27,0.8764,100,2.24,0.8648,22,2.31,0.8918,1,2.255,0.8706,528,0
SPY190520P288,2019-05-17,2019-05-17 09:45:45,2.28,0.8803,100,2.24,0.8648,30,2.31,0.8918,1,2.26,0.8725,528,0
SPY190520P288,2019-05-17,2019-05-17 09:45:46,2.28,0.8803,205,2.24,0.8648,32,2.31,0.8918,1,2.26,0.8725,528,0
SPY190520P288,2019-05-17,2019-05-17 09:45:47,2.27,0.8764,170,2.23,0.861,32,2.31,0.8918,1,2.25,0.8687,528,0
SPY190520P288,2019-05-17,2019-05-17 09:45:49,2.25,0.8687,100,2.21,0.8532,101,2.31,0.8918,1,2.23,0.861,528,0
SPY190520P288,2019-05-17,2019-05-17 09:45:50,2.26,0.8725,155,2.22,0.8571,22,2.31,0.8918,1,2.24,0.8648,528,0
SPY190520P288,2019-05-17,2019-05-17 09:45:51,2.26,0.8725,107,2.23,0.861,24,2.31,0.8918,1,2.245,0.8667,528,0
SPY190520P288,2019-05-17,2019-05-17 09:45:52,2.25,0.8687,90,2.21,0.8532,70,2.31,0.8918,1,2.23,0.861,528,0
SPY190520P288,2019-05-17,2019-05-17 09:45:53,2.25,0.8687,204,2.2,0.8494,26,2.31,0.8918,1,2.225,0.859,528,0
SPY190520P288,2019-05-17,2019-05-17 09:45:54,2.24,0.8648,70,2.21,0.8532,20,2.31,0.8918,1,2.225,0.859,528,0
SPY190520P288,2019-05-17,2019-05-17 09:45:56,2.26,0.8725,64,2.22,0.8571,70,2.31,0.8918,1,2.24,0.8648,528,0
SPY190520P288,2019-05-17,2019-05-17 09:45:57,2.26,0.8725,127,2.22,0.8571,20,2.31,0.8918,1,2.24,0.8648,528,0
SPY190520P288,2019-05-17,2019-05-17 09:45:58,2.26,0.8725,114,2.22,0.8571,114,2.31,0.8918,1,2.24,0.8648,528,0
SPY190520P288,2019-05-17,2019-05-17 09:45:59,2.26,0.8725,114,2.22,0.8571,112,2.31,0.8918,1,2.24,0.8648,528,0
SPY190520P288,2019-05-17,2019-05-17 09:46:00,2.26,0.8725,114,2.22,0.8571,112,2.31,0.8918,1,2.24,0.8648,528,0
SPY190520P288,2019-05-17,2019-05-17 09:46:01,2.26,0.8725,100,2.22,0.8571,112,2.31,0.8918,1,2.24,0.8648,528,0
SPY190520P288,2019-05-17,2019-05-17 09:46:03,2.28,0.8803,70,2.24,0.8648,70,2.31,0.8918,1,2.26,0.8725,528,0
SPY190520P288,2019-05-17,2019-05-17 09:46:04,2.3,0.888,100,2.25,0.8687,20,2.31,0.8918,1,2.275,0.8783,528,0
SPY190520P288,2019-05-17,2019-05-17 09:46:05,2.29,0.8841,154,2.25,0.8687,20,2.31,0.8918,1,2.27,0.8764,528,0
SPY190520P288,2019-05-17,2019-05-17 09:46:07,2.3,0.888,45,2.25,0.8687,93,2.31,0.8918,1,2.275,0.8783,528,0
SPY190520P288,2019-05-17,2019-05-17 09:46:08,2.29,0.8841,49,2.25,0.8687,22,2.31,0.8918,1,2.27,0.8764,528,0
SPY190520P288,2019-05-17,2019-05-17 09:46:09,2.28,0.8803,20,2.25,0.8687,81,2.31,0.8918,1,2.265,0.8745,528,0
SPY190520P288,2019-05-17,2019-05-17 09:46:10,2.3,0.888,32,2.25,0.8687,44,2.31,0.8918,1,2.275,0.8783,528,0
SPY190520P288,2019-05-17,2019-05-17 09:46:11,2.31,0.8918,32,2.27,0.8764,32,2.31,0.8918,1,2.29,0.8841,528,0
SPY190520P288,2019-05-17,2019-05-17 09:46:12,2.32,0.8957,32,2.27,0.8764,54,2.31,0.8918,1,2.295,0.8861,528,0
SPY190520P288,2019-05-17,2019-05-17 09:46:13,2.31,0.8918,150,2.26,0.8725,30,2.31,0.8918,1,2.285,0.8822,528,0
SPY190520P288,2019-05-17,2019-05-17 09:46:14,2.32,0.8957,96,2.27,0.8764,74,2.31,0.8918,1,2.295,0.8861,528,0
SPY190520P288,2019-05-17,2019-05-17 09:46:15,2.3,0.888,20,2.27,0.8764,30,2.31,0.8918,1,2.285,0.8822,528,0
SPY190520P288,2019-05-17,2019-05-17 09:46:17,2.32,0.8957,20,2.28,0.8803,45,2.31,0.8918,1,2.3,0.888,528,0
SPY190520P288,2019-05-17,2019-05-17 09:46:18,2.33,0.8996,53,2.29,0.8841,20,2.31,0.8918,1,2.31,0.8918,528,0
SPY190520P288,2019-05-17,2019-05-17 09:46:19,2.32,0.8957,33,2.29,0.8841,20,2.31,0.8918,1,2.305,0.8899,528,0
SPY190520P288,2019-05-17,2019-05-17 09:46:20,2.31,0.8918,100,2.27,0.8764,20,2.31,0.8918,1,2.29,0.8841,528,0
SPY190520P288,2019-05-17,2019-05-17 09:46:22,2.31,0.8918,32,2.27,0.8764,32,2.31,0.8918,1,2.29,0.8841,528,0
SPY190520P288,2019-05-17,2019-05-17 09:46:23,2.3,0.888,20,2.27,0.8764,32,2.31,0.8918,1,2.285,0.8822,528,0
SPY190520P288,2019-05-17,2019-05-17 09:46:25,2.31,0.8918,32,2.27,0.8764,20,2.31,0.8918,1,2.29,0.8841,528,0
SPY190520P288,2019-05-17,2019-05-17 09:46:26,2.33,0.8996,120,2.28,0.8803,22,2.31,0.8918,1,2.305,0.8899,528,0
SPY190520P288,2019-05-17,2019-05-17 09:46:27,2.33,0.8996,170,2.29,0.8841,32,2.31,0.8918,1,2.31,0.8918,528,0
SPY190520P288,2019-05-17,2019-05-17 09:46:28,2.32,0.8957,94,2.29,0.8841,20,2.31,0.8918,1,2.305,0.8899,528,0
SPY190520P288,2019-05-17,2019-05-17 09:46:30,2.34,0.9034,170,2.29,0.8841,30,2.31,0.8918,1,2.315,0.8938,528,0
SPY190520P288,2019-05-17,2019-05-17 09:46:31,2.33,0.8996,70,2.29,0.8841,20,2.31,0.8918,1,2.31,0.8918,528,0
SPY190520P288,2019-05-17,2019-05-17 09:46:32,2.32,0.8957,170,2.3,0.888,1,2.3,0.888,1,2.31,0.8918,529,1
SPY190520P288,2019-05-17,2019-05-17 09:46:33,2.31,0.8918,195,2.27,0.8764,22,2.3,0.888,1,2.29,0.8841,529,0
SPY190520P288,2019-05-17,2019-05-17 09:46:35,2.31,0.8918,106,2.28,0.8803,22,2.3,0.888,1,2.295,0.8861,529,0
SPY190520P288,2019-05-17,2019-05-17 09:46:36,2.31,0.8918,92,2.29,0.8841,24,2.3,0.888,1,2.3,0.888,529,0
SPY190520P288,2019-05-17,2019-05-17 09:46:37,2.33,0.8996,1,2.3,0.888,36,2.3,0.888,1,2.315,0.8938,529,0
SPY190520P288,2019-05-17,2019-05-17 09:46:38,2.34,0.9034,1,2.32,0.8957,20,2.3,0.888,1,2.33,0.8996,529,0
SPY190520P288,2019-05-17,2019-05-17 09:46:39,2.35,0.9073,79,2.31,0.8918,73,2.3,0.888,1,2.33,0.8996,529,0
SPY190520P288,2019-05-17,2019-05-17 09:46:41,2.35,0.9073,70,2.32,0.8957,20,2.3,0.888,1,2.335,0.9015,529,0
SPY190520P288,2019-05-17,2019-05-17 09:46:42,2.36,0.9111,90,2.32,0.8957,109,2.3,0.888,1,2.34,0.9034,529,0
SPY190520P288,2019-05-17,2019-05-17 09:46:43,2.33,0.8996,109,2.3,0.888,39,2.3,0.888,1,2.315,0.8938,529,0
SPY190520P288,2019-05-17,2019-05-17 09:46:44,2.33,0.8996,1,2.31,0.8918,20,2.3,0.888,1,2.32,0.8957,529,0
SPY190520P288,2019-05-17,2019-05-17 09:46:46,2.33,0.8996,170,2.29,0.8841,20,2.3,0.888,1,2.31,0.8918,529,0
SPY190520P288,2019-05-17,2019-05-17 09:46:47,2.34,0.9034,1,2.31,0.8918,32,2.3,0.888,1,2.325,0.8976,529,0
SPY190520P288,2019-05-17,2019-05-17 09:46:48,2.35,0.9073,107,2.31,0.8918,20,2.3,0.888,1,2.33,0.8996,529,0
SPY190520P288,2019-05-17,2019-05-17 09:46:49,2.34,0.9034,50,2.3,0.888,91,2.3,0.888,1,2.32,0.8957,529,0
SPY190520P288,2019-05-17,2019-05-17 09:46:51,2.34,0.9034,104,2.3,0.888,106,2.3,0.888,1,2.32,0.8957,529,0
SPY190520P288,2019-05-17,2019-05-17 09:46:52,2.34,0.9034,1,2.31,0.8918,60,2.3,0.888,1,2.325,0.8976,529,0
SPY190520P288,2019-05-17,2019-05-17 09:46:53,2.33,0.8996,51,2.3,0.888,20,2.3,0.888,1,2.315,0.8938,529,0
SPY190520P288,2019-05-17,2019-05-17 09:46:54,2.35,0.9073,100,2.3,0.888,70,2.3,0.888,1,2.325,0.8976,529,0
SPY190520P288,2019-05-17,2019-05-17 09:46:55,2.35,0.9073,70,2.32,0.8957,30,2.3,0.888,1,2.335,0.9015,529,0
SPY190520P288,2019-05-17,2019-05-17 09:46:57,2.35,0.9073,70,2.31,0.8918,89,2.32,0.8957,1,2.33,0.8996,530,1
SPY190520P288,2019-05-17,2019-05-17 09:46:58,2.34,0.9034,1,2.31,0.8918,74,2.32,0.8957,1,2.325,0.8976,530,0
SPY190520P288,2019-05-17,2019-05-17 09:46:59,2.35,0.9073,70,2.32,0.8957,20,2.32,0.8957,1,2.335,0.9015,530,0
SPY190520P288,2019-05-17,2019-05-17 09:47:00,2.35,0.9073,103,2.32,0.8957,20,2.32,0.8957,1,2.335,0.9015,530,0
SPY190520P288,2019-05-17,2019-05-17 09:47:01,2.35,0.9073,70,2.32,0.8957,20,2.32,0.8957,1,2.335,0.9015,530,0
SPY190520P288,2019-05-17,2019-05-17 09:47:03,2.37,0.915,100,2.32,0.8957,33,2.32,0.8957,1,2.345,0.9054,530,0
SPY190520P288,2019-05-17,2019-05-17 09:47:04,2.34,0.9034,1,2.31,0.8918,70,2.32,0.8957,1,2.325,0.8976,530,0
SPY190520P288,2019-05-17,2019-05-17 09:47:05,2.31,0.8918,66,2.28,0.8803,6,2.32,0.8957,1,2.295,0.8861,530,0
SPY190520P288,2019-05-17,2019-05-17 09:47:07,2.31,0.8918,115,2.27,0.8764,74,2.32,0.8957,1,2.29,0.8841,530,0
SPY190520P288,2019-05-17,2019-05-17 09:47:08,2.29,0.8841,103,2.24,0.8648,72,2.27,0.8764,1,2.265,0.8745,531,1
SPY190520P288,2019-05-17,2019-05-17 09:47:09,2.29,0.8841,103,2.25,0.8687,20,2.27,0.8764,1,2.27,0.8764,531,0
SPY190520P288,2019-05-17,2019-05-17 09:47:10,2.29,0.8841,103,2.25,0.8687,24,2.27,0.8764,1,2.27,0.8764,531,0
SPY190520P288,2019-05-17,2019-05-17 09:47:11,2.28,0.8803,102,2.24,0.8648,77,2.27,0.8764,1,2.26,0.8725,531,0
SPY190520P288,2019-05-17,2019-05-17 09:47:13,2.31,0.8918,100,2.25,0.8687,20,2.27,0.8764,1,2.28,0.8803,531,0
SPY190520P288,2019-05-17,2019-05-17 09:47:14,2.3,0.888,20,2.27,0.8764,43,2.27,0.8764,1,2.285,0.8822,531,0
SPY190520P288,2019-05-17,2019-05-17 09:47:15,2.3,0.888,32,2.26,0.8725,45,2.27,0.8764,1,2.28,0.8803,531,0
SPY190520P288,2019-05-17,2019-05-17 09:47:16,2.3,0.888,32,2.26,0.8725,45,2.27,0.8764,1,2.28,0.8803,531,0
SPY190520P288,2019-05-17,2019-05-17 09:47:17,2.3,0.888,30,2.26,0.8725,32,2.27,0.8764,1,2.28,0.8803,531,0
SPY190520P288,2019-05-17,2019-05-17 09:47:19,2.3,0.888,126,2.26,0.8725,48,2.27,0.8764,1,2.28,0.8803,531,0
SPY190520P288,2019-05-17,2019-05-17 09:47:20,2.29,0.8841,42,2.26,0.8725,100,2.27,0.8764,1,2.275,0.8783,531,0
SPY190520P288,2019-05-17,2019-05-17 09:47:21,2.29,0.8841,52,2.25,0.8687,52,2.27,0.8764,1,2.27,0.8764,531,0
SPY190520P288,2019-05-17,2019-05-17 09:47:22,2.29,0.8841,49,2.25,0.8687,52,2.27,0.8764,1,2.27,0.8764,531,0
SPY190520P288,2019-05-17,2019-05-17 09:47:23,2.27,0.8764,50,2.23,0.861,32,2.27,0.8764,1,2.25,0.8687,531,0
SPY190520P288,2019-05-17,2019-05-17 09:47:25,2.26,0.8725,20,2.22,0.8571,45,2.27,0.8764,1,2.24,0.8648,531,0
SPY190520P288,2019-05-17,2019-05-17 09:47:26,2.23,0.861,93,2.19,0.8455,24,2.27,0.8764,1,2.21,0.8532,531,0
SPY190520P288,2019-05-17,2019-05-17 09:47:27,2.23,0.861,93,2.19,0.8455,34,2.27,0.8764,1,2.21,0.8532,531,0
SPY190520P288,2019-05-17,2019-05-17 09:47:28,2.23,0.861,93,2.19,0.8455,24,2.27,0.8764,1,2.21,0.8532,531,0
SPY190520P288,2019-05-17,2019-05-17 09:47:29,2.22,0.8571,32,2.19,0.8455,24,2.27,0.8764,1,2.205,0.8513,531,0
SPY190520P288,2019-05-17,2019-05-17 09:47:31,2.2,0.8494,32,2.16,0.8339,36,2.27,0.8764,1,2.18,0.8416,531,0
SPY190520P288,2019-05-17,2019-05-17 09:47:32,2.2,0.8494,113,2.16,0.8339,51,2.27,0.8764,1,2.18,0.8416,531,0
SPY190520P288,2019-05-17,2019-05-17 09:47:33,2.21,0.8532,129,2.17,0.8378,32,2.27,0.8764,1,2.19,0.8455,531,0
SPY190520P288,2019-05-17,2019-05-17 09:47:35,2.2,0.8494,152,2.16,0.8339,109,2.27,0.8764,1,2.18,0.8416,531,0
SPY190520P288,2019-05-17,2019-05-17 09:47:36,2.19,0.8455,70,2.16,0.8339,20,2.27,0.8764,1,2.175,0.8397,531,0
SPY190520P288,2019-05-17,2019-05-17 09:47:37,2.18,0.8416,80,2.14,0.8262,112,2.27,0.8764,1,2.16,0.8339,531,0
SPY190520P288,2019-05-17,2019-05-17 09:47:39,2.24,0.8648,26,2.18,0.8416,30,2.27,0.8764,1,2.21,0.8532,531,0
SPY190520P288,2019-05-17,2019-05-17 09:47:40,2.29,0.8841,20,2.25,0.8687,100,2.27,0.8764,1,2.27,0.8764,531,0
SPY190520P288,2019-05-17,2019-05-17 09:47:41,2.3,0.888,125,2.25,0.8687,100,2.27,0.8764,1,2.275,0.8783,531,0
SPY190520P288,2019-05-17,2019-05-17 09:47:42,2.25,0.8687,150,2.2,0.8494,150,2.27,0.8764,1,2.225,0.859,531,0
SPY190520P288,2019-05-17,2019-05-17 09:47:44,2.25,0.8687,170,2.21,0.8532,91,2.27,0.8764,1,2.23,0.861,531,0
SPY190520P288,2019-05-17,2019-05-17 09:47:45,2.26,0.8725,87,2.22,0.8571,70,2.27,0.8764,1,2.24,0.8648,531,0
SPY190520P288,2019-05-17,2019-05-17 09:47:46,2.25,0.8687,126,2.21,0.8532,108,2.27,0.8764,1,2.23,0.861,531,0
SPY190520P288,2019-05-17,2019-05-17 09:47:47,2.24,0.8648,215,2.19,0.8455,79,2.27,0.8764,1,2.215,0.8552,531,0
SPY190520P288,2019-05-17,2019-05-17 09:47:49,2.22,0.8571,70,2.18,0.8416,79,2.27,0.8764,1,2.2,0.8494,531,0
SPY190520P288,2019-05-17,2019-05-17 09:47:50,2.22,0.8571,110,2.19,0.8455,20,2.27,0.8764,1,2.205,0.8513,531,0
SPY190520P288,2019-05-17,2019-05-17 09:47:51,2.23,0.861,102,2.19,0.8455,102,2.27,0.8764,1,2.21,0.8532,531,0
SPY190520P288,2019-05-17,2019-05-17 09:47:52,2.24,0.8648,109,2.2,0.8494,109,2.27,0.8764,1,2.22,0.8571,531,0
SPY190520P288,2019-05-17,2019-05-17 09:47:54,2.24,0.8648,79,2.21,0.8532,20,2.27,0.8764,1,2.225,0.859,531,0
SPY190520P288,2019-05-17,2019-05-17 09:47:55,2.24,0.8648,118,2.2,0.8494,109,2.27,0.8764,1,2.22,0.8571,531,0
SPY190520P288,2019-05-17,2019-05-17 09:47:57,2.25,0.8687,55,2.22,0.8571,68,2.27,0.8764,1,2.235,0.8629,531,0
SPY190520P288,2019-05-17,2019-05-17 09:47:58,2.26,0.8725,79,2.22,0.8571,68,2.27,0.8764,1,2.24,0.8648,531,0
SPY190520P288,2019-05-17,2019-05-17 09:47:59,2.26,0.8725,35,2.23,0.861,70,2.27,0.8764,1,2.245,0.8667,531,0
SPY190520P288,2019-05-17,2019-05-17 09:48:00,2.26,0.8725,70,2.23,0.861,20,2.27,0.8764,1,2.245,0.8667,531,0
SPY190520P288,2019-05-17,2019-05-17 09:48:01,2.26,0.8725,70,2.23,0.861,20,2.27,0.8764,1,2.245,0.8667,531,0
SPY190520P288,2019-05-17,2019-05-17 09:48:02,2.29,0.8841,83,2.25,0.8687,70,2.27,0.8764,1,2.27,0.8764,531,0
SPY190520P288,2019-05-17,2019-05-17 09:48:03,2.31,0.8918,20,2.28,0.8803,64,2.27,0.8764,1,2.295,0.8861,531,0
SPY190520P288,2019-05-17,2019-05-17 09:48:05,2.31,0.8918,58,2.27,0.8764,70,2.27,0.8764,1,2.29,0.8841,531,0
SPY190520P288,2019-05-17,2019-05-17 09:48:06,2.3,0.888,20,2.27,0.8764,110,2.27,0.8764,1,2.285,0.8822,531,0
SPY190520P288,2019-05-17,2019-05-17 09:48:07,2.29,0.8841,20,2.24,0.8648,120,2.27,0.8764,1,2.265,0.8745,531,0
SPY190520P288,2019-05-17,2019-05-17 09:48:08,2.26,0.8725,57,2.23,0.861,32,2.27,0.8764,1,2.245,0.8667,531,0
SPY190520P288,2019-05-17,2019-05-17 09:48:09,2.26,0.8725,133,2.22,0.8571,41,2.27,0.8764,1,2.24,0.8648,531,0
SPY190520P288,2019-05-17,2019-05-17 09:48:10,2.24,0.8648,120,2.2,0.8494,120,2.27,0.8764,1,2.22,0.8571,531,0
SPY190520P288,2019-05-17,2019-05-17 09:48:11,2.24,0.8648,108,2.2,0.8494,120,2.27,0.8764,1,2.22,0.8571,531,0
SPY190520P288,2019-05-17,2019-05-17 09:48:12,2.23,0.861,85,2.2,0.8494,20,2.27,0.8764,1,2.215,0.8552,531,0
SPY190520P288,2019-05-17,2019-05-17 09:48:13,2.21,0.8532,70,2.17,0.8378,20,2.27,0.8764,1,2.19,0.8455,531,0
SPY190520P288,2019-05-17,2019-05-17 09:48:15,2.2,0.8494,70,2.17,0.8378,20,2.27,0.8764,1,2.185,0.8436,531,0
SPY190520P288,2019-05-17,2019-05-17 09:48:16,2.2,0.8494,70,2.18,0.8416,1,2.18,0.8416,4,2.19,0.8455,535,4
SPY190520P288,2019-05-17,2019-05-17 09:48:17,2.21,0.8532,147,2.17,0.8378,104,2.18,0.8416,4,2.19,0.8455,535,0
SPY190520P288,2019-05-17,2019-05-17 09:48:18,2.19,0.8455,103,2.16,0.8339,58,2.18,0.8416,4,2.175,0.8397,535,0
SPY190520P288,2019-05-17,2019-05-17 09:48:19,2.21,0.8532,111,2.17,0.8378,30,2.18,0.8416,4,2.19,0.8455,535,0
SPY190520P288,2019-05-17,2019-05-17 09:48:20,2.19,0.8455,70,2.16,0.8339,20,2.18,0.8416,4,2.175,0.8397,535,0
SPY190520P288,2019-05-17,2019-05-17 09:48:22,2.2,0.8494,88,2.16,0.8339,50,2.18,0.8416,4,2.18,0.8416,535,0
SPY190520P288,2019-05-17,2019-05-17 09:48:23,2.22,0.8571,78,2.18,0.8416,50,2.18,0.8416,4,2.2,0.8494,535,0
SPY190520P288,2019-05-17,2019-05-17 09:48:24,2.22,0.8571,210,2.18,0.8416,20,2.18,0.8416,4,2.2,0.8494,535,0
SPY190520P288,2019-05-17,2019-05-17 09:48:25,2.23,0.861,70,2.19,0.8455,20,2.18,0.8416,4,2.21,0.8532,535,0
SPY190520P288,2019-05-17,2019-05-17 09:48:26,2.22,0.8571,50,2.19,0.8455,163,2.18,0.8416,4,2.205,0.8513,535,0
SPY190520P288,2019-05-17,2019-05-17 09:48:27,2.23,0.861,103,2.19,0.8455,163,2.18,0.8416,4,2.21,0.8532,535,0
SPY190520P288,2019-05-17,2019-05-17 09:48:28,2.24,0.8648,52,2.2,0.8494,162,2.18,0.8416,4,2.22,0.8571,535,0
SPY190520P288,2019-05-17,2019-05-17 09:48:29,2.26,0.8725,61,2.22,0.8571,51,2.18,0.8416,4,2.24,0.8648,535,0
SPY190520P288,2019-05-17,2019-05-17 09:48:31,2.26,0.8725,89,2.22,0.8571,70,2.23,0.861,1,2.24,0.8648,536,1
SPY190520P288,2019-05-17,2019-05-17 09:48:32,2.25,0.8687,170,2.2,0.8494,170,2.23,0.861,1,2.225,0.859,536,0
SPY190520P288,2019-05-17,2019-05-17 09:48:33,2.24,0.8648,103,2.2,0.8494,170,2.23,0.861,1,2.22,0.8571,536,0
SPY190520P288,2019-05-17,2019-05-17 09:48:34,2.24,0.8648,115,2.2,0.8494,66,2.23,0.861,1,2.22,0.8571,536,0
SPY190520P288,2019-05-17,2019-05-17 09:48:35,2.24,0.8648,72,2.21,0.8532,85,2.23,0.861,1,2.225,0.859,536,0
SPY190520P288,2019-05-17,2019-05-17 09:48:36,2.22,0.8571,73,2.17,0.8378,81,2.23,0.861,1,2.195,0.8474,536,0
SPY190520P288,2019-05-17,2019-05-17 09:48:38,2.21,0.8532,81,2.17,0.8378,70,2.23,0.861,1,2.19,0.8455,536,0
SPY190520P288,2019-05-17,2019-05-17 09:48:39,2.2,0.8494,81,2.17,0.8378,84,2.23,0.861,1,2.185,0.8436,536,0
SPY190520P288,2019-05-17,2019-05-17 09:48:40,2.29,0.8841,75,2.25,0.8687,24,2.23,0.861,1,2.27,0.8764,536,0
SPY190520P288,2019-05-17,2019-05-17 09:48:41,2.28,0.8803,16,2.25,0.8687,20,2.23,0.861,1,2.265,0.8745,536,0
SPY190520P288,2019-05-17,2019-05-17 09:48:42,2.29,0.8841,70,2.26,0.8725,120,2.23,0.861,1,2.275,0.8783,536,0
SPY190520P288,2019-05-17,2019-05-17 09:48:43,2.29,0.8841,79,2.26,0.8725,32,2.23,0.861,1,2.275,0.8783,536,0
SPY190520P288,2019-05-17,2019-05-17 09:48:45,2.29,0.8841,70,2.26,0.8725,120,2.23,0.861,1,2.275,0.8783,536,0
SPY190520P288,2019-05-17,2019-05-17 09:48:46,2.28,0.8803,79,2.24,0.8648,120,2.23,0.861,1,2.26,0.8725,536,0
SPY190520P288,2019-05-17,2019-05-17 09:48:47,2.28,0.8803,83,2.25,0.8687,30,2.23,0.861,1,2.265,0.8745,536,0
SPY190520P288,2019-05-17,2019-05-17 09:48:48,2.29,0.8841,100,2.25,0.8687,22,2.23,0.861,1,2.27,0.8764,536,0
SPY190520P288,2019-05-17,2019-05-17 09:48:49,2.28,0.8803,65,2.23,0.861,150,2.23,0.861,1,2.255,0.8706,536,0
SPY190520P288,2019-05-17,2019-05-17 09:48:50,2.29,0.8841,79,2.26,0.8725,20,2.23,0.861,1,2.275,0.8783,536,0
SPY190520P288,2019-05-17,2019-05-17 09:48:52,2.28,0.8803,100,2.24,0.8648,42,2.23,0.861,1,2.26,0.8725,536,0
SPY190520P288,2019-05-17,2019-05-17 09:48:53,2.28,0.8803,91,2.24,0.8648,43,2.23,0.861,1,2.26,0.8725,536,0
SPY190520P288,2019-05-17,2019-05-17 09:48:54,2.29,0.8841,101,2.24,0.8648,150,2.23,0.861,1,2.265,0.8745,536,0
SPY190520P288,2019-05-17,2019-05-17 09:48:55,2.29,0.8841,108,2.25,0.8687,32,2.23,0.861,1,2.27,0.8764,536,0
SPY190520P288,2019-05-17,2019-05-17 09:48:56,2.29,0.8841,108,2.25,0.8687,43,2.23,0.861,1,2.27,0.8764,536,0
SPY190520P288,2019-05-17,2019-05-17 09:48:57,2.28,0.8803,82,2.24,0.8648,70,2.23,0.861,1,2.26,0.8725,536,0
SPY190520P288,2019-05-17,2019-05-17 09:48:58,2.29,0.8841,20,2.25,0.8687,100,2.23,0.861,1,2.27,0.8764,536,0
SPY190520P288,2019-05-17,2019-05-17 09:48:59,2.28,0.8803,79,2.24,0.8648,83,2.23,0.861,1,2.26,0.8725,536,0
SPY190520P288,2019-05-17,2019-05-17 09:49:00,2.28,0.8803,60,2.25,0.8687,20,2.23,0.861,1,2.265,0.8745,536,0
SPY190520P288,2019-05-17,2019-05-17 09:49:01,2.29,0.8841,70,2.25,0.8687,71,2.23,0.861,1,2.27,0.8764,536,0
SPY190520P288,2019-05-17,2019-05-17 09:49:03,2.33,0.8996,100,2.26,0.8725,155,2.23,0.861,1,2.295,0.8861,536,0
SPY190520P288,2019-05-17,2019-05-17 09:49:04,2.29,0.8841,70,2.25,0.8687,79,2.23,0.861,1,2.27,0.8764,536,0
SPY190520P288,2019-05-17,2019-05-17 09:49:05,2.3,0.888,70,2.27,0.8764,20,2.23,0.861,1,2.285,0.8822,536,0
SPY190520P288,2019-05-17,2019-05-17 09:49:06,2.3,0.888,100,2.25,0.8687,50,2.23,0.861,1,2.275,0.8783,536,0
SPY190520P288,2019-05-17,2019-05-17 09:49:07,2.28,0.8803,100,2.24,0.8648,107,2.23,0.861,1,2.26,0.8725,536,0
SPY190520P288,2019-05-17,2019-05-17 09:49:08,2.28,0.8803,84,2.24,0.8648,107,2.23,0.861,1,2.26,0.8725,536,0
SPY190520P288,2019-05-17,2019-05-17 09:49:10,2.28,0.8803,100,2.24,0.8648,120,2.23,0.861,1,2.26,0.8725,536,0
SPY190520P288,2019-05-17,2019-05-17 09:49:11,2.28,0.8803,100,2.24,0.8648,69,2.23,0.861,1,2.26,0.8725,536,0
SPY190520P288,2019-05-17,2019-05-17 09:49:12,2.28,0.8803,87,2.24,0.8648,90,2.23,0.861,1,2.26,0.8725,536,0
SPY190520P288,2019-05-17,2019-05-17 09:49:13,2.28,0.8803,87,2.24,0.8648,90,2.23,0.861,1,2.26,0.8725,536,0
SPY190520P288,2019-05-17,2019-05-17 09:49:14,2.28,0.8803,87,2.24,0.8648,79,2.23,0.861,1,2.26,0.8725,536,0
SPY190520P288,2019-05-17,2019-05-17 09:49:16,2.28,0.8803,88,2.24,0.8648,79,2.23,0.861,1,2.26,0.8725,536,0
SPY190520P288,2019-05-17,2019-05-17 09:49:17,2.28,0.8803,88,2.24,0.8648,116,2.23,0.861,1,2.26,0.8725,536,0
SPY190520P288,2019-05-17,2019-05-17 09:49:18,2.28,0.8803,22,2.23,0.861,150,2.23,0.861,1,2.255,0.8706,536,0
SPY190520P288,2019-05-17,2019-05-17 09:49:19,2.28,0.8803,117,2.24,0.8648,119,2.23,0.861,1,2.26,0.8725,536,0
SPY190520P288,2019-05-17,2019-05-17 09:49:20,2.28,0.8803,131,2.24,0.8648,30,2.23,0.861,1,2.26,0.8725,536,0
SPY190520P288,2019-05-17,2019-05-17 09:49:22,2.25,0.8687,170,2.21,0.8532,20,2.23,0.861,1,2.23,0.861,536,0
SPY190520P288,2019-05-17,2019-05-17 09:49:23,2.23,0.861,116,2.18,0.8416,79,2.23,0.861,1,2.205,0.8513,536,0
SPY190520P288,2019-05-17,2019-05-17 09:49:24,2.22,0.8571,50,2.19,0.8455,132,2.23,0.861,1,2.205,0.8513,536,0
SPY190520P288,2019-05-17,2019-05-17 09:49:25,2.24,0.8648,70,2.21,0.8532,20,2.23,0.861,1,2.225,0.859,536,0
SPY190520P288,2019-05-17,2019-05-17 09:49:27,2.25,0.8687,148,2.21,0.8532,70,2.23,0.861,1,2.23,0.861,536,0
SPY190520P288,2019-05-17,2019-05-17 09:49:28,2.27,0.8764,70,2.24,0.8648,6,2.23,0.861,1,2.255,0.8706,536,0
SPY190520P288,2019-05-17,2019-05-17 09:49:29,2.3,0.888,96,2.26,0.8725,126,2.23,0.861,1,2.28,0.8803,536,0
SPY190520P288,2019-05-17,2019-05-17 09:49:30,2.3,0.888,96,2.26,0.8725,126,2.23,0.861,1,2.28,0.8803,536,0
SPY190520P288,2019-05-17,2019-05-17 09:49:31,2.3,0.888,119,2.26,0.8725,79,2.23,0.861,1,2.28,0.8803,536,0
SPY190520P288,2019-05-17,2019-05-17 09:49:33,2.3,0.888,119,2.26,0.8725,79,2.23,0.861,1,2.28,0.8803,536,0
SPY190520P288,2019-05-17,2019-05-17 09:49:34,2.28,0.8803,120,2.24,0.8648,70,2.23,0.861,1,2.26,0.8725,536,0
SPY190520P288,2019-05-17,2019-05-17 09:49:35,2.28,0.8803,81,2.24,0.8648,48,2.23,0.861,1,2.26,0.8725,536,0
SPY190520P288,2019-05-17,2019-05-17 09:49:36,2.28,0.8803,94,2.23,0.861,65,2.23,0.861,1,2.255,0.8706,536,0
SPY190520P288,2019-05-17,2019-05-17 09:49:39,2.26,0.8725,63,2.23,0.861,32,2.23,0.861,1,2.245,0.8667,536,0
SPY190520P288,2019-05-17,2019-05-17 09:49:40,2.27,0.8764,62,2.24,0.8648,20,2.23,0.861,1,2.255,0.8706,536,0
SPY190520P288,2019-05-17,2019-05-17 09:49:41,2.26,0.8725,152,2.23,0.861,26,2.23,0.861,1,2.245,0.8667,536,0
SPY190520P288,2019-05-17,2019-05-17 09:49:42,2.26,0.8725,50,2.23,0.861,26,2.23,0.861,1,2.245,0.8667,536,0
SPY190520P288,2019-05-17,2019-05-17 09:49:43,2.27,0.8764,111,2.23,0.861,32,2.23,0.861,1,2.25,0.8687,536,0
SPY190520P288,2019-05-17,2019-05-17 09:49:44,2.27,0.8764,170,2.23,0.861,154,2.23,0.861,1,2.25,0.8687,536,0
SPY190520P288,2019-05-17,2019-05-17 09:49:46,2.26,0.8725,184,2.21,0.8532,117,2.23,0.861,1,2.235,0.8629,536,0
SPY190520P288,2019-05-17,2019-05-17 09:49:47,2.27,0.8764,73,2.24,0.8648,20,2.23,0.861,1,2.255,0.8706,536,0
SPY190520P288,2019-05-17,2019-05-17 09:49:48,2.28,0.8803,118,2.24,0.8648,22,2.23,0.861,1,2.26,0.8725,536,0
SPY190520P288,2019-05-17,2019-05-17 09:49:49,2.32,0.8957,49,2.26,0.8725,48,2.23,0.861,1,2.29,0.8841,536,0
SPY190520P288,2019-05-17,2019-05-17 09:49:50,2.33,0.8996,70,2.29,0.8841,70,2.29,0.8841,1,2.31,0.8918,537,1
SPY190520P288,2019-05-17,2019-05-17 09:49:51,2.31,0.8918,46,2.29,0.8841,20,2.29,0.8841,1,2.3,0.888,537,0
SPY190520P288,2019-05-17,2019-05-17 09:49:52,2.29,0.8841,70,2.26,0.8725,20,2.29,0.8841,10,2.275,0.8783,547,10
SPY190520P288,2019-05-17,2019-05-17 09:49:54,2.3,0.888,143,2.26,0.8725,69,2.29,0.8841,10,2.28,0.8803,547,0
SPY190520P288,2019-05-17,2019-05-17 09:49:55,2.3,0.888,98,2.26,0.8725,124,2.29,0.8841,10,2.28,0.8803,547,0
SPY190520P288,2019-05-17,2019-05-17 09:49:56,2.32,0.8957,53,2.3,0.888,120,2.29,0.8841,10,2.31,0.8918,547,0
SPY190520P288,2019-05-17,2019-05-17 09:49:57,2.35,0.9073,166,2.31,0.8918,58,2.29,0.8841,10,2.33,0.8996,547,0
SPY190520P288,2019-05-17,2019-05-17 09:49:58,2.35,0.9073,6,2.31,0.8918,48,2.29,0.8841,10,2.33,0.8996,547,0
SPY190520P288,2019-05-17,2019-05-17 09:49:59,2.35,0.9073,149,2.31,0.8918,73,2.29,0.8841,10,2.33,0.8996,547,0
SPY190520P288,2019-05-17,2019-05-17 09:50:00,2.34,0.9034,70,2.3,0.888,20,2.29,0.8841,10,2.32,0.8957,547,0
SPY190520P288,2019-05-17,2019-05-17 09:50:01,2.34,0.9034,98,2.29,0.8841,71,2.29,0.8841,10,2.315,0.8938,547,0
SPY190520P288,2019-05-17,2019-05-17 09:50:02,2.33,0.8996,75,2.29,0.8841,32,2.29,0.8841,10,2.31,0.8918,547,0
SPY190520P288,2019-05-17,2019-05-17 09:50:04,2.32,0.8957,70,2.29,0.8841,24,2.29,0.8841,10,2.305,0.8899,547,0
SPY190520P288,2019-05-17,2019-05-17 09:50:05,2.32,0.8957,100,2.3,0.888,20,2.29,0.8841,10,2.31,0.8918,547,0
SPY190520P288,2019-05-17,2019-05-17 09:50:06,2.34,0.9034,79,2.29,0.8841,71,2.29,0.8841,10,2.315,0.8938,547,0
SPY190520P288,2019-05-17,2019-05-17 09:50:07,2.35,0.9073,70,2.32,0.8957,20,2.29,0.8841,10,2.335,0.9015,547,0
SPY190520P288,2019-05-17,2019-05-17 09:50:08,2.34,0.9034,57,2.31,0.8918,20,2.29,0.8841,10,2.325,0.8976,547,0
SPY190520P288,2019-05-17,2019-05-17 09:50:09,2.34,0.9034,109,2.31,0.8918,32,2.29,0.8841,10,2.325,0.8976,547,0
SPY190520P288,2019-05-17,2019-05-17 09:50:10,2.35,0.9073,100,2.31,0.8918,24,2.29,0.8841,10,2.33,0.8996,547,0
SPY190520P288,2019-05-17,2019-05-17 09:50:11,2.35,0.9073,70,2.32,0.8957,20,2.29,0.8841,10,2.335,0.9015,547,0
SPY190520P288,2019-05-17,2019-05-17 09:50:12,2.35,0.9073,78,2.31,0.8918,55,2.29,0.8841,10,2.33,0.8996,547,0
SPY190520P288,2019-05-17,2019-05-17 09:50:13,2.35,0.9073,112,2.31,0.8918,63,2.29,0.8841,10,2.33,0.8996,547,0
SPY190520P288,2019-05-17,2019-05-17 09:50:14,2.36,0.9111,106,2.32,0.8957,20,2.29,0.8841,10,2.34,0.9034,547,0
SPY190520P288,2019-05-17,2019-05-17 09:50:15,2.37,0.915,50,2.33,0.8996,115,2.29,0.8841,10,2.35,0.9073,547,0
SPY190520P288,2019-05-17,2019-05-17 09:50:16,2.38,0.9189,70,2.35,0.9073,70,2.29,0.8841,10,2.365,0.9131,547,0
SPY190520P288,2019-05-17,2019-05-17 09:50:17,2.4,0.9266,108,2.36,0.9111,88,2.29,0.8841,10,2.38,0.9189,547,0
SPY190520P288,2019-05-17,2019-05-17 09:50:18,2.39,0.9227,8,2.32,0.8957,59,2.29,0.8841,10,2.355,0.9092,547,0
SPY190520P288,2019-05-17,2019-05-17 09:50:19,2.39,0.9227,108,2.35,0.9073,101,2.29,0.8841,10,2.37,0.915,547,0
SPY190520P288,2019-05-17,2019-05-17 09:50:20,2.39,0.9227,27,2.35,0.9073,88,2.29,0.8841,10,2.37,0.915,547,0
SPY190520P288,2019-05-17,2019-05-17 09:50:21,2.42,0.9343,88,2.38,0.9189,61,2.29,0.8841,10,2.4,0.9266,547,0
SPY190520P288,2019-05-17,2019-05-17 09:50:22,2.42,0.9343,87,2.38,0.9189,60,2.29,0.8841,10,2.4,0.9266,547,0
SPY190520P288,2019-05-17,2019-05-17 09:50:23,2.42,0.9343,101,2.39,0.9227,10,2.29,0.8841,10,2.405,0.9285,547,0
SPY190520P288,2019-05-17,2019-05-17 09:50:25,2.42,0.9343,109,2.39,0.9227,10,2.29,0.8841,10,2.405,0.9285,547,0
SPY190520P288,2019-05-17,2019-05-17 09:50:26,2.42,0.9343,109,2.39,0.9227,10,2.29,0.8841,10,2.405,0.9285,547,0
SPY190520P288,2019-05-17,2019-05-17 09:50:27,2.42,0.9343,109,2.39,0.9227,16,2.29,0.8841,10,2.405,0.9285,547,0
SPY190520P288,2019-05-17,2019-05-17 09:50:48,2.49,0.9613,96,2.45,0.9459,58,2.39,0.9227,2,2.47,0.9536,549,2
SPY190520P288,2019-05-17,2019-05-17 09:50:53,2.49,0.9613,50,2.46,0.9498,6,2.39,0.9227,2,2.475,0.9555,549,0
SPY190520P288,2019-05-17,2019-05-17 09:51:04,2.69,1.0386,27,2.65,1.0231,1,2.65,1.0231,1,2.67,1.0308,623,74
SPY190520P288,2019-05-17,2019-05-17 09:51:28,2.54,0.9806,10,2.5,0.9652,6,2.65,1.0231,1,2.52,0.9729,623,0
SPY190520P288,2019-05-17,2019-05-17 09:51:37,2.52,0.9729,50,2.49,0.9613,20,2.65,1.0231,1,2.505,0.9671,623,0
SPY190520P288,2019-05-17,2019-05-17 09:51:46,2.58,0.9961,107,2.54,0.9806,102,2.65,1.0231,1,2.56,0.9884,623,0
SPY190520P288,2019-05-17,2019-05-17 09:51:53,2.57,0.9922,140,2.53,0.9768,60,2.65,1.0231,1,2.55,0.9845,623,0
SPY190520P288,2019-05-17,2019-05-17 09:51:54,2.56,0.9884,8,2.53,0.9768,48,2.65,1.0231,1,2.545,0.9826,623,0
SPY190520P288,2019-05-17,2019-05-17 09:51:55,2.57,0.9922,60,2.53,0.9768,10,2.65,1.0231,1,2.55,0.9845,623,0
SPY190520P288,2019-05-17,2019-05-17 09:51:56,2.56,0.9884,68,2.52,0.9729,105,2.55,0.9845,2,2.54,0.9806,627,4
SPY190520P288,2019-05-17,2019-05-17 09:51:57,2.57,0.9922,60,2.53,0.9768,27,2.55,0.9845,2,2.55,0.9845,627,0
SPY190520P288,2019-05-17,2019-05-17 09:51:59,2.6,1.0038,100,2.55,0.9845,68,2.55,0.9845,2,2.575,0.9942,627,0
SPY190520P288,2019-05-17,2019-05-17 09:52:00,2.59,1.0,60,2.55,0.9845,92,2.55,0.9845,2,2.57,0.9922,627,0
SPY190520P288,2019-05-17,2019-05-17 09:52:00,2.59,1.0,150,2.55,0.9845,82,2.55,0.9845,2,2.57,0.9922,627,0
SPY190520P288,2019-05-17,2019-05-17 09:52:03,2.59,1.0,98,2.55,0.9845,77,2.55,0.9845,2,2.57,0.9922,627,0
SPY190520P288,2019-05-17,2019-05-17 09:52:04,2.59,1.0,150,2.55,0.9845,7,2.55,0.9845,2,2.57,0.9922,627,0
SPY190520P288,2019-05-17,2019-05-17 09:52:05,2.59,1.0,151,2.55,0.9845,77,2.55,0.9845,2,2.57,0.9922,627,0
SPY190520P288,2019-05-17,2019-05-17 09:52:07,2.59,1.0,127,2.55,0.9845,10,2.55,0.9845,2,2.57,0.9922,627,0
SPY190520P288,2019-05-17,2019-05-17 09:52:09,2.58,0.9961,51,2.54,0.9806,6,2.55,0.9845,2,2.56,0.9884,627,0
SPY190520P288,2019-05-17,2019-05-17 09:52:11,2.63,1.0154,132,2.58,0.9961,92,2.55,0.9845,2,2.605,1.0057,627,0
SPY190520P288,2019-05-17,2019-05-17 09:52:13,2.6,1.0038,6,2.56,0.9884,10,2.55,0.9845,2,2.58,0.9961,627,0
SPY190520P288,2019-05-17,2019-05-17 09:52:15,2.58,0.9961,10,2.54,0.9806,7,2.55,0.9845,2,2.56,0.9884,627,0
SPY190520P288,2019-05-17,2019-05-17 09:52:17,2.57,0.9922,6,2.53,0.9768,50,2.55,0.9845,2,2.55,0.9845,627,0
SPY190520P288,2019-05-17,2019-05-17 09:52:18,2.56,0.9884,135,2.52,0.9729,49,2.55,0.9845,2,2.54,0.9806,627,0
SPY190520P288,2019-05-17,2019-05-17 09:52:20,2.55,0.9845,100,2.52,0.9729,10,2.55,0.9845,2,2.535,0.9787,627,0
SPY190520P288,2019-05-17,2019-05-17 09:52:22,2.53,0.9768,45,2.5,0.9652,10,2.55,0.9845,2,2.515,0.971,627,0
SPY190520P288,2019-05-17,2019-05-17 09:52:24,2.54,0.9806,160,2.5,0.9652,19,2.55,0.9845,2,2.52,0.9729,627,0
