symbol,Date,quote_time,ask_price,norm_ask_price,ask_size,bid_price,norm_bid_price,bid_size,last_trade_price,norm_last_trade_price,last_trade_size,mark_price,norm_mark_price,volume,Volume
SPY190726P298,2019-07-25,2019-07-25 09:30:00,0.15,1.0,360,0.14,0.9333,686,0.15,1.0,1,0.145,0.9666,6,6
SPY190726P298,2019-07-25,2019-07-25 09:30:17,0.15,1.0,1535,0.14,0.9333,2136,0.14,0.9333,40,0.145,0.9666,176,170
SPY190726P298,2019-07-25,2019-07-25 09:30:19,0.15,1.0,2476,0.14,0.9333,2103,0.14,0.9333,40,0.145,0.9666,176,0
SPY190726P298,2019-07-25,2019-07-25 09:30:27,0.15,1.0,305,0.14,0.9333,3293,0.14,0.9333,40,0.145,0.9666,176,0
SPY190726P298,2019-07-25,2019-07-25 09:30:29,0.15,1.0,1090,0.14,0.9333,2088,0.14,0.9333,40,0.145,0.9666,176,0
SPY190726P298,2019-07-25,2019-07-25 09:30:31,0.15,1.0,1158,0.14,0.9333,2307,0.14,0.9333,40,0.145,0.9666,176,0
SPY190726P298,2019-07-25,2019-07-25 09:30:32,0.15,1.0,933,0.14,0.9333,2452,0.14,0.9333,40,0.145,0.9666,176,0
SPY190726P298,2019-07-25,2019-07-25 09:30:33,0.15,1.0,956,0.14,0.9333,3535,0.14,0.9333,40,0.145,0.9666,176,0
SPY190726P298,2019-07-25,2019-07-25 09:30:35,0.15,1.0,889,0.14,0.9333,3510,0.14,0.9333,40,0.145,0.9666,176,0
SPY190726P298,2019-07-25,2019-07-25 09:30:36,0.15,1.0,338,0.14,0.9333,3406,0.14,0.9333,40,0.145,0.9666,176,0
SPY190726P298,2019-07-25,2019-07-25 09:30:38,0.16,1.0666,1520,0.15,1.0,1340,0.14,0.9333,40,0.155,1.0333,176,0
SPY190726P298,2019-07-25,2019-07-25 09:30:39,0.16,1.0666,1002,0.15,1.0,3619,0.14,0.9333,40,0.155,1.0333,176,0
SPY190726P298,2019-07-25,2019-07-25 09:30:41,0.16,1.0666,1111,0.15,1.0,2150,0.14,0.9333,40,0.155,1.0333,176,0
SPY190726P298,2019-07-25,2019-07-25 09:30:42,0.16,1.0666,2499,0.15,1.0,3122,0.14,0.9333,40,0.155,1.0333,176,0
SPY190726P298,2019-07-25,2019-07-25 09:30:44,0.16,1.0666,2863,0.15,1.0,240,0.15,1.0,2,0.155,1.0333,178,2
SPY190726P298,2019-07-25,2019-07-25 09:30:46,0.15,1.0,5,0.14,0.9333,4395,0.15,1.0,2,0.145,0.9666,178,0
SPY190726P298,2019-07-25,2019-07-25 09:30:47,0.15,1.0,306,0.14,0.9333,4298,0.15,1.0,2,0.145,0.9666,178,0
SPY190726P298,2019-07-25,2019-07-25 09:30:49,0.15,1.0,187,0.14,0.9333,2294,0.15,1.0,2,0.145,0.9666,178,0
SPY190726P298,2019-07-25,2019-07-25 09:30:50,0.15,1.0,5,0.14,0.9333,3494,0.15,1.0,2,0.145,0.9666,178,0
SPY190726P298,2019-07-25,2019-07-25 09:30:52,0.16,1.0666,2274,0.15,1.0,3140,0.15,1.0,2,0.155,1.0333,178,0
SPY190726P298,2019-07-25,2019-07-25 09:30:53,0.16,1.0666,1218,0.15,1.0,1263,0.15,1.0,60,0.155,1.0333,278,100
SPY190726P298,2019-07-25,2019-07-25 09:30:55,0.16,1.0666,1266,0.15,1.0,1233,0.15,1.0,60,0.155,1.0333,278,0
SPY190726P298,2019-07-25,2019-07-25 09:30:57,0.16,1.0666,1450,0.15,1.0,2101,0.15,1.0,60,0.155,1.0333,278,0
SPY190726P298,2019-07-25,2019-07-25 09:30:59,0.16,1.0666,480,0.15,1.0,2117,0.15,1.0,60,0.155,1.0333,278,0
SPY190726P298,2019-07-25,2019-07-25 09:31:00,0.16,1.0666,1048,0.15,1.0,581,0.15,1.0,60,0.155,1.0333,278,0
SPY190726P298,2019-07-25,2019-07-25 09:31:01,0.16,1.0666,1020,0.15,1.0,1330,0.15,1.0,60,0.155,1.0333,278,0
SPY190726P298,2019-07-25,2019-07-25 09:31:01,0.16,1.0666,1048,0.15,1.0,341,0.15,1.0,60,0.155,1.0333,278,0
SPY190726P298,2019-07-25,2019-07-25 09:31:02,0.16,1.0666,2592,0.15,1.0,341,0.15,1.0,60,0.155,1.0333,278,0
SPY190726P298,2019-07-25,2019-07-25 09:31:03,0.16,1.0666,2253,0.15,1.0,341,0.15,1.0,60,0.155,1.0333,278,0
SPY190726P298,2019-07-25,2019-07-25 09:31:03,0.16,1.0666,1066,0.15,1.0,1591,0.15,1.0,60,0.155,1.0333,278,0
SPY190726P298,2019-07-25,2019-07-25 09:31:04,0.16,1.0666,294,0.15,1.0,2080,0.15,1.0,60,0.155,1.0333,278,0
SPY190726P298,2019-07-25,2019-07-25 09:31:04,0.16,1.0666,2158,0.15,1.0,1180,0.15,1.0,60,0.155,1.0333,278,0
SPY190726P298,2019-07-25,2019-07-25 09:31:05,0.16,1.0666,375,0.15,1.0,2149,0.15,1.0,60,0.155,1.0333,278,0
SPY190726P298,2019-07-25,2019-07-25 09:31:06,0.16,1.0666,1526,0.15,1.0,2149,0.15,1.0,60,0.155,1.0333,278,0
SPY190726P298,2019-07-25,2019-07-25 09:31:06,0.16,1.0666,349,0.15,1.0,2149,0.15,1.0,60,0.155,1.0333,278,0
SPY190726P298,2019-07-25,2019-07-25 09:31:07,0.16,1.0666,443,0.15,1.0,2274,0.15,1.0,60,0.155,1.0333,278,0
SPY190726P298,2019-07-25,2019-07-25 09:31:07,0.16,1.0666,1551,0.15,1.0,1523,0.15,1.0,60,0.155,1.0333,278,0
SPY190726P298,2019-07-25,2019-07-25 09:31:08,0.16,1.0666,1541,0.15,1.0,1470,0.15,1.0,60,0.155,1.0333,278,0
SPY190726P298,2019-07-25,2019-07-25 09:31:08,0.16,1.0666,1068,0.15,1.0,1470,0.15,1.0,60,0.155,1.0333,278,0
SPY190726P298,2019-07-25,2019-07-25 09:31:09,0.16,1.0666,1520,0.15,1.0,3342,0.15,1.0,60,0.155,1.0333,278,0
SPY190726P298,2019-07-25,2019-07-25 09:31:09,0.16,1.0666,1547,0.15,1.0,1640,0.15,1.0,60,0.155,1.0333,278,0
SPY190726P298,2019-07-25,2019-07-25 09:31:10,0.16,1.0666,190,0.15,1.0,3435,0.15,1.0,60,0.155,1.0333,278,0
SPY190726P298,2019-07-25,2019-07-25 09:31:11,0.16,1.0666,190,0.15,1.0,3500,0.15,1.0,60,0.155,1.0333,278,0
SPY190726P298,2019-07-25,2019-07-25 09:31:12,0.16,1.0666,1324,0.15,1.0,3654,0.15,1.0,60,0.155,1.0333,278,0
SPY190726P298,2019-07-25,2019-07-25 09:31:12,0.16,1.0666,1108,0.15,1.0,3449,0.15,1.0,60,0.155,1.0333,278,0
SPY190726P298,2019-07-25,2019-07-25 09:31:13,0.16,1.0666,931,0.15,1.0,2521,0.15,1.0,60,0.155,1.0333,278,0
SPY190726P298,2019-07-25,2019-07-25 09:31:13,0.16,1.0666,1645,0.15,1.0,3655,0.15,1.0,60,0.155,1.0333,278,0
SPY190726P298,2019-07-25,2019-07-25 09:31:14,0.16,1.0666,158,0.15,1.0,3534,0.15,1.0,60,0.155,1.0333,278,0
SPY190726P298,2019-07-25,2019-07-25 09:31:14,0.16,1.0666,1166,0.15,1.0,3607,0.15,1.0,60,0.155,1.0333,278,0
SPY190726P298,2019-07-25,2019-07-25 09:31:15,0.16,1.0666,1166,0.15,1.0,3764,0.15,1.0,60,0.155,1.0333,278,0
SPY190726P298,2019-07-25,2019-07-25 09:31:15,0.16,1.0666,1417,0.15,1.0,3953,0.15,1.0,60,0.155,1.0333,278,0
SPY190726P298,2019-07-25,2019-07-25 09:31:16,0.16,1.0666,1532,0.15,1.0,2031,0.15,1.0,60,0.155,1.0333,278,0
SPY190726P298,2019-07-25,2019-07-25 09:31:17,0.16,1.0666,1166,0.15,1.0,1217,0.15,1.0,60,0.155,1.0333,278,0
SPY190726P298,2019-07-25,2019-07-25 09:31:17,0.16,1.0666,1542,0.15,1.0,2031,0.15,1.0,60,0.155,1.0333,278,0
SPY190726P298,2019-07-25,2019-07-25 09:31:18,0.16,1.0666,1472,0.15,1.0,3374,0.15,1.0,60,0.155,1.0333,278,0
SPY190726P298,2019-07-25,2019-07-25 09:31:18,0.16,1.0666,1489,0.15,1.0,3332,0.15,1.0,60,0.155,1.0333,278,0
SPY190726P298,2019-07-25,2019-07-25 09:31:19,0.16,1.0666,730,0.15,1.0,3465,0.15,1.0,60,0.155,1.0333,278,0
SPY190726P298,2019-07-25,2019-07-25 09:31:19,0.16,1.0666,1408,0.15,1.0,3374,0.15,1.0,60,0.155,1.0333,278,0
SPY190726P298,2019-07-25,2019-07-25 09:31:20,0.16,1.0666,955,0.15,1.0,3474,0.15,1.0,60,0.155,1.0333,278,0
SPY190726P298,2019-07-25,2019-07-25 09:31:20,0.16,1.0666,1226,0.15,1.0,3474,0.15,1.0,60,0.155,1.0333,278,0
SPY190726P298,2019-07-25,2019-07-25 09:31:21,0.16,1.0666,744,0.15,1.0,2921,0.15,1.0,60,0.155,1.0333,278,0
SPY190726P298,2019-07-25,2019-07-25 09:31:22,0.16,1.0666,744,0.15,1.0,3697,0.15,1.0,60,0.155,1.0333,278,0
SPY190726P298,2019-07-25,2019-07-25 09:31:22,0.16,1.0666,730,0.15,1.0,3697,0.15,1.0,60,0.155,1.0333,278,0
SPY190726P298,2019-07-25,2019-07-25 09:31:23,0.16,1.0666,730,0.15,1.0,3545,0.15,1.0,60,0.155,1.0333,278,0
SPY190726P298,2019-07-25,2019-07-25 09:31:23,0.16,1.0666,730,0.15,1.0,3697,0.15,1.0,60,0.155,1.0333,278,0
SPY190726P298,2019-07-25,2019-07-25 09:31:24,0.16,1.0666,730,0.15,1.0,3698,0.15,1.0,60,0.155,1.0333,278,0
SPY190726P298,2019-07-25,2019-07-25 09:31:25,0.16,1.0666,730,0.15,1.0,3545,0.15,1.0,60,0.155,1.0333,278,0
SPY190726P298,2019-07-25,2019-07-25 09:31:25,0.16,1.0666,730,0.15,1.0,5024,0.15,1.0,60,0.155,1.0333,278,0
SPY190726P298,2019-07-25,2019-07-25 09:31:26,0.16,1.0666,730,0.15,1.0,5092,0.15,1.0,60,0.155,1.0333,278,0
SPY190726P298,2019-07-25,2019-07-25 09:31:26,0.16,1.0666,730,0.15,1.0,5111,0.15,1.0,60,0.155,1.0333,278,0
SPY190726P298,2019-07-25,2019-07-25 09:31:27,0.16,1.0666,730,0.15,1.0,5111,0.15,1.0,60,0.155,1.0333,278,0
SPY190726P298,2019-07-25,2019-07-25 09:31:28,0.16,1.0666,730,0.15,1.0,3766,0.15,1.0,60,0.155,1.0333,278,0
SPY190726P298,2019-07-25,2019-07-25 09:31:28,0.16,1.0666,730,0.15,1.0,5111,0.15,1.0,60,0.155,1.0333,278,0
SPY190726P298,2019-07-25,2019-07-25 09:31:29,0.16,1.0666,96,0.15,1.0,2905,0.15,1.0,60,0.155,1.0333,278,0
SPY190726P298,2019-07-25,2019-07-25 09:31:29,0.16,1.0666,1540,0.15,1.0,3705,0.15,1.0,60,0.155,1.0333,278,0
SPY190726P298,2019-07-25,2019-07-25 09:31:30,0.16,1.0666,96,0.15,1.0,4645,0.15,1.0,60,0.155,1.0333,278,0
SPY190726P298,2019-07-25,2019-07-25 09:31:31,0.16,1.0666,96,0.15,1.0,4645,0.15,1.0,60,0.155,1.0333,278,0
SPY190726P298,2019-07-25,2019-07-25 09:31:32,0.16,1.0666,96,0.15,1.0,4645,0.15,1.0,60,0.155,1.0333,278,0
SPY190726P298,2019-07-25,2019-07-25 09:31:32,0.16,1.0666,96,0.15,1.0,2038,0.15,1.0,60,0.155,1.0333,278,0
SPY190726P298,2019-07-25,2019-07-25 09:31:33,0.16,1.0666,100,0.15,1.0,3725,0.17,1.1333,12,0.155,1.0333,290,12
SPY190726P298,2019-07-25,2019-07-25 09:31:33,0.16,1.0666,9,0.15,1.0,4835,0.15,1.0,60,0.155,1.0333,278,0
SPY190726P298,2019-07-25,2019-07-25 09:31:34,0.16,1.0666,6,0.15,1.0,5289,0.17,1.1333,12,0.155,1.0333,290,0
SPY190726P298,2019-07-25,2019-07-25 09:31:34,0.16,1.0666,6,0.15,1.0,4073,0.17,1.1333,12,0.155,1.0333,290,0
SPY190726P298,2019-07-25,2019-07-25 09:31:35,0.16,1.0666,100,0.15,1.0,5154,0.17,1.1333,12,0.155,1.0333,290,0
SPY190726P298,2019-07-25,2019-07-25 09:31:36,0.17,1.1333,1641,0.16,1.0666,353,0.16,1.0666,1,0.165,1.1,297,7
SPY190726P298,2019-07-25,2019-07-25 09:31:36,0.17,1.1333,1517,0.16,1.0666,3103,0.16,1.0666,1,0.165,1.1,297,0
SPY190726P298,2019-07-25,2019-07-25 09:31:37,0.17,1.1333,750,0.16,1.0666,3423,0.16,1.0666,1,0.165,1.1,297,0
SPY190726P298,2019-07-25,2019-07-25 09:31:37,0.17,1.1333,750,0.16,1.0666,4030,0.16,1.0666,1,0.165,1.1,297,0
SPY190726P298,2019-07-25,2019-07-25 09:31:38,0.17,1.1333,110,0.16,1.0666,4030,0.16,1.0666,1,0.165,1.1,297,0
SPY190726P298,2019-07-25,2019-07-25 09:31:38,0.17,1.1333,110,0.16,1.0666,3478,0.16,1.0666,1,0.165,1.1,297,0
SPY190726P298,2019-07-25,2019-07-25 09:31:39,0.17,1.1333,1,0.16,1.0666,2688,0.16,1.0666,1,0.165,1.1,297,0
SPY190726P298,2019-07-25,2019-07-25 09:31:39,0.17,1.1333,1,0.16,1.0666,3075,0.16,1.0666,1,0.165,1.1,297,0
SPY190726P298,2019-07-25,2019-07-25 09:31:40,0.17,1.1333,190,0.16,1.0666,3382,0.16,1.0666,1,0.165,1.1,297,0
SPY190726P298,2019-07-25,2019-07-25 09:31:41,0.17,1.1333,190,0.16,1.0666,3382,0.16,1.0666,1,0.165,1.1,297,0
SPY190726P298,2019-07-25,2019-07-25 09:31:41,0.17,1.1333,5,0.16,1.0666,3573,0.16,1.0666,1,0.165,1.1,297,0
SPY190726P298,2019-07-25,2019-07-25 09:31:42,0.17,1.1333,5,0.16,1.0666,3573,0.16,1.0666,1,0.165,1.1,297,0
SPY190726P298,2019-07-25,2019-07-25 09:31:42,0.17,1.1333,7,0.16,1.0666,3573,0.16,1.0666,1,0.165,1.1,297,0
SPY190726P298,2019-07-25,2019-07-25 09:31:43,0.17,1.1333,247,0.16,1.0666,3759,0.16,1.0666,1,0.165,1.1,297,0
SPY190726P298,2019-07-25,2019-07-25 09:31:43,0.17,1.1333,247,0.16,1.0666,3481,0.16,1.0666,1,0.165,1.1,297,0
SPY190726P298,2019-07-25,2019-07-25 09:31:44,0.17,1.1333,247,0.16,1.0666,3481,0.16,1.0666,1,0.165,1.1,297,0
SPY190726P298,2019-07-25,2019-07-25 09:31:45,0.17,1.1333,561,0.16,1.0666,1207,0.16,1.0666,1,0.165,1.1,297,0
SPY190726P298,2019-07-25,2019-07-25 09:31:46,0.17,1.1333,2644,0.16,1.0666,1924,0.16,1.0666,1,0.165,1.1,297,0
SPY190726P298,2019-07-25,2019-07-25 09:31:46,0.17,1.1333,2644,0.16,1.0666,2354,0.16,1.0666,1,0.165,1.1,297,0
SPY190726P298,2019-07-25,2019-07-25 09:31:47,0.17,1.1333,480,0.16,1.0666,2225,0.16,1.0666,1,0.165,1.1,297,0
SPY190726P298,2019-07-25,2019-07-25 09:31:47,0.17,1.1333,1346,0.16,1.0666,2225,0.16,1.0666,1,0.165,1.1,297,0
SPY190726P298,2019-07-25,2019-07-25 09:31:48,0.17,1.1333,1797,0.16,1.0666,767,0.16,1.0666,1,0.165,1.1,297,0
SPY190726P298,2019-07-25,2019-07-25 09:31:49,0.17,1.1333,845,0.16,1.0666,1011,0.16,1.0666,1,0.165,1.1,297,0
SPY190726P298,2019-07-25,2019-07-25 09:31:49,0.17,1.1333,5,0.16,1.0666,3230,0.17,1.1333,10,0.165,1.1,307,10
SPY190726P298,2019-07-25,2019-07-25 09:31:50,0.17,1.1333,1,0.16,1.0666,2927,0.17,1.1333,10,0.165,1.1,307,0
SPY190726P298,2019-07-25,2019-07-25 09:31:50,0.17,1.1333,305,0.16,1.0666,4335,0.17,1.1333,10,0.165,1.1,307,0
SPY190726P298,2019-07-25,2019-07-25 09:31:51,0.17,1.1333,197,0.16,1.0666,5187,0.17,1.1333,10,0.165,1.1,307,0
SPY190726P298,2019-07-25,2019-07-25 09:31:51,0.17,1.1333,197,0.16,1.0666,3753,0.17,1.1333,10,0.165,1.1,307,0
SPY190726P298,2019-07-25,2019-07-25 09:31:52,0.17,1.1333,305,0.16,1.0666,5026,0.17,1.1333,10,0.165,1.1,307,0
SPY190726P298,2019-07-25,2019-07-25 09:31:53,0.17,1.1333,808,0.16,1.0666,5026,0.17,1.1333,10,0.165,1.1,307,0
SPY190726P298,2019-07-25,2019-07-25 09:31:54,0.17,1.1333,1206,0.16,1.0666,3946,0.17,1.1333,10,0.165,1.1,307,0
SPY190726P298,2019-07-25,2019-07-25 09:31:54,0.17,1.1333,1206,0.16,1.0666,5026,0.17,1.1333,10,0.165,1.1,307,0
SPY190726P298,2019-07-25,2019-07-25 09:31:55,0.17,1.1333,1216,0.16,1.0666,5009,0.17,1.1333,10,0.165,1.1,307,0
SPY190726P298,2019-07-25,2019-07-25 09:31:56,0.17,1.1333,1216,0.16,1.0666,3846,0.17,1.1333,10,0.165,1.1,307,0
SPY190726P298,2019-07-25,2019-07-25 09:31:56,0.17,1.1333,1100,0.16,1.0666,5051,0.17,1.1333,10,0.165,1.1,307,0
SPY190726P298,2019-07-25,2019-07-25 09:31:57,0.17,1.1333,1015,0.16,1.0666,3551,0.17,1.1333,10,0.165,1.1,307,0
SPY190726P298,2019-07-25,2019-07-25 09:31:57,0.17,1.1333,1293,0.16,1.0666,1485,0.17,1.1333,10,0.165,1.1,307,0
SPY190726P298,2019-07-25,2019-07-25 09:31:58,0.17,1.1333,2975,0.15,1.0,2436,0.17,1.1333,10,0.16,1.0666,307,0
SPY190726P298,2019-07-25,2019-07-25 09:31:58,0.17,1.1333,2646,0.16,1.0666,289,0.17,1.1333,10,0.165,1.1,307,0
SPY190726P298,2019-07-25,2019-07-25 09:31:59,0.17,1.1333,2975,0.15,1.0,4510,0.17,1.1333,10,0.16,1.0666,307,0
SPY190726P298,2019-07-25,2019-07-25 09:32:00,0.17,1.1333,2975,0.15,1.0,4609,0.17,1.1333,10,0.16,1.0666,307,0
SPY190726P298,2019-07-25,2019-07-25 09:32:02,0.16,1.0666,360,0.15,1.0,480,0.16,1.0666,10,0.155,1.0333,317,10
SPY190726P298,2019-07-25,2019-07-25 09:32:03,0.15,1.0,5,0.14,0.9333,3612,0.16,1.0666,10,0.145,0.9666,317,0
SPY190726P298,2019-07-25,2019-07-25 09:32:03,0.16,1.0666,360,0.15,1.0,299,0.16,1.0666,10,0.155,1.0333,317,0
SPY190726P298,2019-07-25,2019-07-25 09:32:04,0.15,1.0,305,0.14,0.9333,3747,0.16,1.0666,10,0.145,0.9666,317,0
SPY190726P298,2019-07-25,2019-07-25 09:32:04,0.15,1.0,5,0.14,0.9333,2743,0.16,1.0666,10,0.145,0.9666,317,0
SPY190726P298,2019-07-25,2019-07-25 09:32:05,0.15,1.0,305,0.14,0.9333,3752,0.16,1.0666,10,0.145,0.9666,317,0
SPY190726P298,2019-07-25,2019-07-25 09:32:06,0.15,1.0,137,0.14,0.9333,3752,0.16,1.0666,10,0.145,0.9666,317,0
SPY190726P298,2019-07-25,2019-07-25 09:32:07,0.15,1.0,534,0.14,0.9333,2012,0.16,1.0666,10,0.145,0.9666,317,0
SPY190726P298,2019-07-25,2019-07-25 09:32:07,0.15,1.0,534,0.14,0.9333,1757,0.16,1.0666,10,0.145,0.9666,317,0
SPY190726P298,2019-07-25,2019-07-25 09:32:08,0.15,1.0,137,0.14,0.9333,2165,0.16,1.0666,10,0.145,0.9666,317,0
SPY190726P298,2019-07-25,2019-07-25 09:32:09,0.15,1.0,137,0.14,0.9333,3312,0.16,1.0666,10,0.145,0.9666,317,0
SPY190726P298,2019-07-25,2019-07-25 09:32:09,0.15,1.0,137,0.14,0.9333,4796,0.16,1.0666,10,0.145,0.9666,317,0
SPY190726P298,2019-07-25,2019-07-25 09:32:10,0.15,1.0,305,0.14,0.9333,4796,0.16,1.0666,10,0.145,0.9666,317,0
SPY190726P298,2019-07-25,2019-07-25 09:32:11,0.15,1.0,305,0.14,0.9333,4545,0.16,1.0666,10,0.145,0.9666,317,0
SPY190726P298,2019-07-25,2019-07-25 09:32:11,0.15,1.0,305,0.14,0.9333,5069,0.16,1.0666,10,0.145,0.9666,317,0
SPY190726P298,2019-07-25,2019-07-25 09:32:12,0.16,1.0666,2124,0.15,1.0,395,0.16,1.0666,10,0.155,1.0333,317,0
SPY190726P298,2019-07-25,2019-07-25 09:32:15,0.16,1.0666,2502,0.15,1.0,444,0.16,1.0666,10,0.155,1.0333,317,0
SPY190726P298,2019-07-25,2019-07-25 09:32:15,0.16,1.0666,2686,0.15,1.0,645,0.16,1.0666,10,0.155,1.0333,317,0
SPY190726P298,2019-07-25,2019-07-25 09:32:16,0.16,1.0666,2686,0.15,1.0,547,0.16,1.0666,10,0.155,1.0333,317,0
SPY190726P298,2019-07-25,2019-07-25 09:32:17,0.16,1.0666,1718,0.15,1.0,305,0.16,1.0666,10,0.155,1.0333,317,0
SPY190726P298,2019-07-25,2019-07-25 09:32:17,0.16,1.0666,2686,0.15,1.0,242,0.16,1.0666,10,0.155,1.0333,317,0
SPY190726P298,2019-07-25,2019-07-25 09:32:18,0.16,1.0666,193,0.15,1.0,1074,0.16,1.0666,10,0.155,1.0333,317,0
SPY190726P298,2019-07-25,2019-07-25 09:32:18,0.16,1.0666,2394,0.15,1.0,305,0.16,1.0666,10,0.155,1.0333,317,0
SPY190726P298,2019-07-25,2019-07-25 09:32:19,0.16,1.0666,468,0.15,1.0,2645,0.16,1.0666,10,0.155,1.0333,317,0
SPY190726P298,2019-07-25,2019-07-25 09:32:19,0.16,1.0666,447,0.15,1.0,2234,0.16,1.0666,10,0.155,1.0333,317,0
SPY190726P298,2019-07-25,2019-07-25 09:32:20,0.16,1.0666,5,0.15,1.0,3817,0.16,1.0666,10,0.155,1.0333,317,0
SPY190726P298,2019-07-25,2019-07-25 09:32:21,0.16,1.0666,5,0.15,1.0,4747,0.16,1.0666,10,0.155,1.0333,317,0
SPY190726P298,2019-07-25,2019-07-25 09:32:21,0.16,1.0666,5,0.15,1.0,3520,0.16,1.0666,10,0.155,1.0333,317,0
SPY190726P298,2019-07-25,2019-07-25 09:32:22,0.16,1.0666,5,0.15,1.0,3520,0.16,1.0666,10,0.155,1.0333,317,0
SPY190726P298,2019-07-25,2019-07-25 09:32:22,0.16,1.0666,5,0.15,1.0,3541,0.15,1.0,1,0.155,1.0333,318,1
SPY190726P298,2019-07-25,2019-07-25 09:32:23,0.16,1.0666,187,0.15,1.0,4891,0.15,1.0,1,0.155,1.0333,318,0
SPY190726P298,2019-07-25,2019-07-25 09:32:23,0.17,1.1333,1112,0.16,1.0666,1475,0.15,1.0,1,0.165,1.1,318,0
SPY190726P298,2019-07-25,2019-07-25 09:32:24,0.17,1.1333,1454,0.16,1.0666,1849,0.15,1.0,1,0.165,1.1,318,0
SPY190726P298,2019-07-25,2019-07-25 09:32:25,0.17,1.1333,361,0.16,1.0666,1956,0.15,1.0,1,0.165,1.1,318,0
SPY190726P298,2019-07-25,2019-07-25 09:32:25,0.17,1.1333,1454,0.16,1.0666,2279,0.15,1.0,1,0.165,1.1,318,0
SPY190726P298,2019-07-25,2019-07-25 09:32:26,0.17,1.1333,435,0.16,1.0666,1956,0.15,1.0,1,0.165,1.1,318,0
SPY190726P298,2019-07-25,2019-07-25 09:32:27,0.17,1.1333,279,0.16,1.0666,1469,0.15,1.0,1,0.165,1.1,318,0
SPY190726P298,2019-07-25,2019-07-25 09:32:28,0.17,1.1333,260,0.16,1.0666,1611,0.15,1.0,1,0.165,1.1,318,0
SPY190726P298,2019-07-25,2019-07-25 09:32:28,0.17,1.1333,260,0.16,1.0666,3205,0.15,1.0,1,0.165,1.1,318,0
SPY190726P298,2019-07-25,2019-07-25 09:32:29,0.17,1.1333,5,0.16,1.0666,4875,0.15,1.0,1,0.165,1.1,318,0
SPY190726P298,2019-07-25,2019-07-25 09:32:30,0.17,1.1333,197,0.16,1.0666,5502,0.15,1.0,1,0.165,1.1,318,0
SPY190726P298,2019-07-25,2019-07-25 09:32:31,0.17,1.1333,197,0.16,1.0666,5502,0.15,1.0,1,0.165,1.1,318,0
SPY190726P298,2019-07-25,2019-07-25 09:32:32,0.17,1.1333,197,0.16,1.0666,5000,0.15,1.0,1,0.165,1.1,318,0
SPY190726P298,2019-07-25,2019-07-25 09:32:32,0.17,1.1333,197,0.16,1.0666,5033,0.15,1.0,1,0.165,1.1,318,0
SPY190726P298,2019-07-25,2019-07-25 09:32:33,0.17,1.1333,197,0.16,1.0666,5114,0.15,1.0,1,0.165,1.1,318,0
SPY190726P298,2019-07-25,2019-07-25 09:32:34,0.17,1.1333,350,0.16,1.0666,3508,0.15,1.0,1,0.165,1.1,318,0
SPY190726P298,2019-07-25,2019-07-25 09:32:36,0.18,1.2,966,0.16,1.0666,1434,0.15,1.0,1,0.17,1.1333,359,41
SPY190726P298,2019-07-25,2019-07-25 09:32:37,0.18,1.2,1366,0.17,1.1333,3346,0.17,1.1333,9,0.175,1.1666,368,9
SPY190726P298,2019-07-25,2019-07-25 09:32:38,0.18,1.2,1484,0.17,1.1333,3346,0.17,1.1333,9,0.175,1.1666,368,0
SPY190726P298,2019-07-25,2019-07-25 09:32:41,0.18,1.2,2396,0.17,1.1333,285,0.17,1.1333,9,0.175,1.1666,368,0
SPY190726P298,2019-07-25,2019-07-25 09:32:42,0.17,1.1333,9,0.16,1.0666,4572,0.17,1.1333,9,0.165,1.1,368,0
SPY190726P298,2019-07-25,2019-07-25 09:32:43,0.18,1.2,1248,0.16,1.0666,4572,0.17,1.1333,5,0.17,1.1333,377,9
SPY190726P298,2019-07-25,2019-07-25 09:32:44,0.18,1.2,1525,0.17,1.1333,2755,0.17,1.1333,4,0.175,1.1666,381,4
SPY190726P298,2019-07-25,2019-07-25 09:32:45,0.18,1.2,474,0.17,1.1333,3493,0.17,1.1333,4,0.175,1.1666,381,0
SPY190726P298,2019-07-25,2019-07-25 09:32:45,0.18,1.2,96,0.17,1.1333,2146,0.17,1.1333,4,0.175,1.1666,381,0
SPY190726P298,2019-07-25,2019-07-25 09:32:46,0.18,1.2,424,0.17,1.1333,2185,0.17,1.1333,4,0.175,1.1666,381,0
SPY190726P298,2019-07-25,2019-07-25 09:32:47,0.18,1.2,820,0.17,1.1333,3001,0.17,1.1333,4,0.175,1.1666,381,0
SPY190726P298,2019-07-25,2019-07-25 09:32:48,0.18,1.2,820,0.17,1.1333,3549,0.17,1.1333,4,0.175,1.1666,381,0
SPY190726P298,2019-07-25,2019-07-25 09:32:49,0.18,1.2,1223,0.17,1.1333,3549,0.17,1.1333,4,0.175,1.1666,381,0
SPY190726P298,2019-07-25,2019-07-25 09:32:50,0.18,1.2,1223,0.17,1.1333,3549,0.18,1.2,1,0.175,1.1666,392,11
SPY190726P298,2019-07-25,2019-07-25 09:32:51,0.18,1.2,9,0.17,1.1333,4117,0.18,1.2,1,0.175,1.1666,392,0
SPY190726P298,2019-07-25,2019-07-25 09:32:52,0.18,1.2,9,0.17,1.1333,4117,0.18,1.2,1,0.175,1.1666,392,0
SPY190726P298,2019-07-25,2019-07-25 09:32:53,0.18,1.2,9,0.17,1.1333,4117,0.18,1.2,1,0.175,1.1666,392,0
SPY190726P298,2019-07-25,2019-07-25 09:32:53,0.18,1.2,9,0.17,1.1333,5437,0.18,1.2,1,0.175,1.1666,392,0
SPY190726P298,2019-07-25,2019-07-25 09:32:54,0.18,1.2,192,0.17,1.1333,5437,0.18,1.2,1,0.175,1.1666,392,0
SPY190726P298,2019-07-25,2019-07-25 09:32:55,0.18,1.2,192,0.17,1.1333,5437,0.18,1.2,1,0.175,1.1666,392,0
SPY190726P298,2019-07-25,2019-07-25 09:32:55,0.18,1.2,252,0.17,1.1333,5496,0.18,1.2,1,0.175,1.1666,392,0
SPY190726P298,2019-07-25,2019-07-25 09:32:56,0.18,1.2,163,0.17,1.1333,5032,0.18,1.2,1,0.175,1.1666,392,0
SPY190726P298,2019-07-25,2019-07-25 09:32:56,0.18,1.2,247,0.17,1.1333,5496,0.18,1.2,1,0.175,1.1666,392,0
SPY190726P298,2019-07-25,2019-07-25 09:32:57,0.18,1.2,100,0.17,1.1333,4989,0.18,1.2,1,0.175,1.1666,392,0
SPY190726P298,2019-07-25,2019-07-25 09:32:58,0.18,1.2,100,0.17,1.1333,4989,0.18,1.2,1,0.175,1.1666,392,0
SPY190726P298,2019-07-25,2019-07-25 09:32:59,0.18,1.2,4,0.17,1.1333,2944,0.18,1.2,1,0.175,1.1666,392,0
SPY190726P298,2019-07-25,2019-07-25 09:32:59,0.18,1.2,197,0.17,1.1333,3348,0.18,1.2,1,0.175,1.1666,392,0
SPY190726P298,2019-07-25,2019-07-25 09:33:00,0.18,1.2,4,0.17,1.1333,4748,0.18,1.2,1,0.175,1.1666,393,1
SPY190726P298,2019-07-25,2019-07-25 09:33:01,0.18,1.2,3,0.17,1.1333,4812,0.18,1.2,1,0.175,1.1666,393,0
SPY190726P298,2019-07-25,2019-07-25 09:33:01,0.19,1.2666,346,0.18,1.2,1,0.18,1.2,3,0.185,1.2333,396,3
SPY190726P298,2019-07-25,2019-07-25 09:33:02,0.19,1.2666,1479,0.18,1.2,1188,0.18,1.2,3,0.185,1.2333,396,0
SPY190726P298,2019-07-25,2019-07-25 09:33:03,0.19,1.2666,1639,0.18,1.2,1031,0.18,1.2,3,0.185,1.2333,396,0
SPY190726P298,2019-07-25,2019-07-25 09:33:03,0.19,1.2666,1659,0.18,1.2,1618,0.18,1.2,3,0.185,1.2333,396,0
SPY190726P298,2019-07-25,2019-07-25 09:33:04,0.19,1.2666,1209,0.17,1.1333,2944,0.18,1.2,3,0.18,1.2,396,0
SPY190726P298,2019-07-25,2019-07-25 09:33:04,0.19,1.2666,1639,0.18,1.2,333,0.18,1.2,3,0.185,1.2333,396,0
SPY190726P298,2019-07-25,2019-07-25 09:33:05,0.18,1.2,480,0.17,1.1333,793,0.18,1.2,3,0.175,1.1666,396,0
SPY190726P298,2019-07-25,2019-07-25 09:33:06,0.18,1.2,789,0.17,1.1333,439,0.18,1.2,3,0.175,1.1666,396,0
SPY190726P298,2019-07-25,2019-07-25 09:33:06,0.18,1.2,789,0.17,1.1333,120,0.18,1.2,3,0.175,1.1666,396,0
SPY190726P298,2019-07-25,2019-07-25 09:33:07,0.18,1.2,1082,0.17,1.1333,359,0.18,1.2,1,0.175,1.1666,397,0
SPY190726P298,2019-07-25,2019-07-25 09:33:07,0.18,1.2,2192,0.17,1.1333,439,0.18,1.2,1,0.175,1.1666,397,1
SPY190726P298,2019-07-25,2019-07-25 09:33:08,0.17,1.1333,579,0.16,1.0666,2045,0.18,1.2,1,0.165,1.1,397,0
SPY190726P298,2019-07-25,2019-07-25 09:33:09,0.17,1.1333,449,0.16,1.0666,2045,0.18,1.2,1,0.165,1.1,397,0
SPY190726P298,2019-07-25,2019-07-25 09:33:09,0.17,1.1333,492,0.16,1.0666,2045,0.18,1.2,1,0.165,1.1,397,0
SPY190726P298,2019-07-25,2019-07-25 09:33:10,0.17,1.1333,244,0.16,1.0666,3638,0.18,1.2,1,0.165,1.1,397,0
SPY190726P298,2019-07-25,2019-07-25 09:33:10,0.17,1.1333,220,0.16,1.0666,3893,0.18,1.2,1,0.165,1.1,397,0
SPY190726P298,2019-07-25,2019-07-25 09:33:11,0.17,1.1333,147,0.16,1.0666,2748,0.18,1.2,1,0.165,1.1,397,0
SPY190726P298,2019-07-25,2019-07-25 09:33:11,0.17,1.1333,300,0.16,1.0666,3868,0.18,1.2,1,0.165,1.1,397,0
SPY190726P298,2019-07-25,2019-07-25 09:33:12,0.17,1.1333,121,0.16,1.0666,3878,0.18,1.2,1,0.165,1.1,397,0
SPY190726P298,2019-07-25,2019-07-25 09:33:13,0.17,1.1333,5,0.16,1.0666,3878,0.18,1.2,1,0.165,1.1,397,0
SPY190726P298,2019-07-25,2019-07-25 09:33:14,0.17,1.1333,100,0.16,1.0666,4102,0.18,1.2,1,0.165,1.1,397,0
SPY190726P298,2019-07-25,2019-07-25 09:33:15,0.17,1.1333,100,0.16,1.0666,2927,0.18,1.2,1,0.165,1.1,397,0
SPY190726P298,2019-07-25,2019-07-25 09:33:15,0.17,1.1333,100,0.16,1.0666,5059,0.18,1.2,1,0.165,1.1,397,0
SPY190726P298,2019-07-25,2019-07-25 09:33:16,0.17,1.1333,197,0.16,1.0666,4981,0.18,1.2,1,0.165,1.1,397,0
SPY190726P298,2019-07-25,2019-07-25 09:33:16,0.17,1.1333,116,0.16,1.0666,5431,0.18,1.2,1,0.165,1.1,397,0
SPY190726P298,2019-07-25,2019-07-25 09:33:17,0.18,1.2,2159,0.17,1.1333,814,0.18,1.2,1,0.175,1.1666,397,0
SPY190726P298,2019-07-25,2019-07-25 09:33:18,0.18,1.2,1175,0.17,1.1333,10,0.18,1.2,1,0.175,1.1666,397,0
SPY190726P298,2019-07-25,2019-07-25 09:33:18,0.18,1.2,1521,0.17,1.1333,968,0.18,1.2,1,0.175,1.1666,397,0
SPY190726P298,2019-07-25,2019-07-25 09:33:19,0.17,1.1333,137,0.16,1.0666,5778,0.18,1.2,1,0.165,1.1,397,0
SPY190726P298,2019-07-25,2019-07-25 09:33:19,0.18,1.2,1175,0.16,1.0666,5527,0.18,1.2,1,0.17,1.1333,397,0
SPY190726P298,2019-07-25,2019-07-25 09:33:20,0.17,1.1333,416,0.16,1.0666,5684,0.18,1.2,1,0.165,1.1,397,0
SPY190726P298,2019-07-25,2019-07-25 09:33:20,0.17,1.1333,137,0.16,1.0666,5728,0.18,1.2,1,0.165,1.1,397,0
SPY190726P298,2019-07-25,2019-07-25 09:33:21,0.17,1.1333,362,0.16,1.0666,4327,0.18,1.2,1,0.165,1.1,397,0
SPY190726P298,2019-07-25,2019-07-25 09:33:22,0.17,1.1333,362,0.16,1.0666,4581,0.18,1.2,1,0.165,1.1,397,0
SPY190726P298,2019-07-25,2019-07-25 09:33:22,0.18,1.2,2437,0.17,1.1333,1,0.17,1.1333,99,0.175,1.1666,496,99
SPY190726P298,2019-07-25,2019-07-25 09:33:23,0.17,1.1333,137,0.16,1.0666,4366,0.17,1.1333,99,0.165,1.1,496,0
SPY190726P298,2019-07-25,2019-07-25 09:33:23,0.17,1.1333,348,0.16,1.0666,2605,0.17,1.1333,99,0.165,1.1,496,0
SPY190726P298,2019-07-25,2019-07-25 09:33:24,0.17,1.1333,458,0.16,1.0666,2366,0.17,1.1333,99,0.165,1.1,496,0
SPY190726P298,2019-07-25,2019-07-25 09:33:24,0.17,1.1333,497,0.16,1.0666,2521,0.17,1.1333,99,0.165,1.1,496,0
SPY190726P298,2019-07-25,2019-07-25 09:33:25,0.17,1.1333,720,0.16,1.0666,2087,0.17,1.1333,99,0.165,1.1,496,0
SPY190726P298,2019-07-25,2019-07-25 09:33:25,0.17,1.1333,893,0.16,1.0666,2524,0.17,1.1333,99,0.165,1.1,496,0
SPY190726P298,2019-07-25,2019-07-25 09:33:26,0.17,1.1333,298,0.16,1.0666,1463,0.17,1.1333,99,0.165,1.1,496,0
SPY190726P298,2019-07-25,2019-07-25 09:33:27,0.17,1.1333,1532,0.16,1.0666,1740,0.17,1.1333,99,0.165,1.1,496,0
SPY190726P298,2019-07-25,2019-07-25 09:33:27,0.17,1.1333,1627,0.16,1.0666,1449,0.17,1.1333,99,0.165,1.1,496,0
SPY190726P298,2019-07-25,2019-07-25 09:33:28,0.17,1.1333,982,0.16,1.0666,1789,0.17,1.1333,99,0.165,1.1,496,0
SPY190726P298,2019-07-25,2019-07-25 09:33:28,0.17,1.1333,1261,0.16,1.0666,2365,0.17,1.1333,99,0.165,1.1,496,0
SPY190726P298,2019-07-25,2019-07-25 09:33:29,0.17,1.1333,197,0.16,1.0666,3637,0.17,1.1333,99,0.165,1.1,496,0
SPY190726P298,2019-07-25,2019-07-25 09:33:29,0.17,1.1333,1261,0.16,1.0666,2922,0.17,1.1333,99,0.165,1.1,496,0
SPY190726P298,2019-07-25,2019-07-25 09:33:32,0.17,1.1333,672,0.16,1.0666,2722,0.17,1.1333,99,0.165,1.1,496,0
SPY190726P298,2019-07-25,2019-07-25 09:33:33,0.17,1.1333,1818,0.16,1.0666,1146,0.17,1.1333,99,0.165,1.1,496,0
SPY190726P298,2019-07-25,2019-07-25 09:33:36,0.17,1.1333,2528,0.16,1.0666,1680,0.17,1.1333,99,0.165,1.1,496,0
SPY190726P298,2019-07-25,2019-07-25 09:33:38,0.17,1.1333,1279,0.16,1.0666,1206,0.16,1.0666,1,0.165,1.1,501,5
SPY190726P298,2019-07-25,2019-07-25 09:33:41,0.17,1.1333,1368,0.16,1.0666,1928,0.16,1.0666,1,0.165,1.1,501,0
SPY190726P298,2019-07-25,2019-07-25 09:33:42,0.17,1.1333,1442,0.16,1.0666,1915,0.16,1.0666,1,0.165,1.1,501,0
SPY190726P298,2019-07-25,2019-07-25 09:33:43,0.17,1.1333,333,0.16,1.0666,4374,0.16,1.0666,1,0.165,1.1,501,0
SPY190726P298,2019-07-25,2019-07-25 09:33:45,0.17,1.1333,281,0.16,1.0666,4580,0.16,1.0666,1,0.165,1.1,501,0
SPY190726P298,2019-07-25,2019-07-25 09:33:45,0.17,1.1333,508,0.16,1.0666,4580,0.16,1.0666,1,0.165,1.1,501,0
SPY190726P298,2019-07-25,2019-07-25 09:33:47,0.17,1.1333,281,0.16,1.0666,4610,0.16,1.0666,1,0.165,1.1,501,0
SPY190726P298,2019-07-25,2019-07-25 09:33:49,0.18,1.2,1340,0.17,1.1333,187,0.17,1.1333,20,0.175,1.1666,521,20
SPY190726P298,2019-07-25,2019-07-25 09:33:51,0.18,1.2,2894,0.17,1.1333,5,0.17,1.1333,20,0.175,1.1666,521,0
SPY190726P298,2019-07-25,2019-07-25 09:33:52,0.18,1.2,2652,0.16,1.0666,3373,0.17,1.1333,20,0.17,1.1333,521,0
SPY190726P298,2019-07-25,2019-07-25 09:33:58,0.17,1.1333,1208,0.16,1.0666,1528,0.17,1.1333,20,0.165,1.1,521,0
SPY190726P298,2019-07-25,2019-07-25 09:34:00,0.17,1.1333,1300,0.16,1.0666,1639,0.16,1.0666,1,0.165,1.1,522,1
SPY190726P298,2019-07-25,2019-07-25 09:34:00,0.17,1.1333,1066,0.16,1.0666,726,0.16,1.0666,1,0.165,1.1,522,0
SPY190726P298,2019-07-25,2019-07-25 09:34:01,0.17,1.1333,1904,0.16,1.0666,2564,0.16,1.0666,1,0.165,1.1,522,0
SPY190726P298,2019-07-25,2019-07-25 09:34:02,0.17,1.1333,1918,0.16,1.0666,1486,0.17,1.1333,20,0.165,1.1,542,20
SPY190726P298,2019-07-25,2019-07-25 09:34:04,0.17,1.1333,1870,0.16,1.0666,936,0.17,1.1333,20,0.165,1.1,542,0
SPY190726P298,2019-07-25,2019-07-25 09:34:05,0.17,1.1333,930,0.16,1.0666,1615,0.17,1.1333,20,0.165,1.1,542,0
SPY190726P298,2019-07-25,2019-07-25 09:34:10,0.17,1.1333,2492,0.16,1.0666,652,0.17,1.1333,10,0.165,1.1,552,0
SPY190726P298,2019-07-25,2019-07-25 09:34:10,0.17,1.1333,2666,0.16,1.0666,777,0.17,1.1333,10,0.165,1.1,552,10
SPY190726P298,2019-07-25,2019-07-25 09:34:11,0.17,1.1333,2049,0.16,1.0666,793,0.17,1.1333,10,0.165,1.1,552,0
SPY190726P298,2019-07-25,2019-07-25 09:34:12,0.17,1.1333,2539,0.16,1.0666,742,0.17,1.1333,10,0.165,1.1,552,0
SPY190726P298,2019-07-25,2019-07-25 09:34:13,0.17,1.1333,2431,0.16,1.0666,1341,0.17,1.1333,10,0.165,1.1,552,0
SPY190726P298,2019-07-25,2019-07-25 09:34:14,0.17,1.1333,2431,0.16,1.0666,755,0.16,1.0666,4,0.165,1.1,556,4
SPY190726P298,2019-07-25,2019-07-25 09:34:16,0.17,1.1333,2781,0.16,1.0666,785,0.16,1.0666,4,0.165,1.1,556,0
SPY190726P298,2019-07-25,2019-07-25 09:34:17,0.17,1.1333,2581,0.16,1.0666,785,0.16,1.0666,4,0.165,1.1,556,0
SPY190726P298,2019-07-25,2019-07-25 09:34:18,0.17,1.1333,2531,0.16,1.0666,1628,0.16,1.0666,4,0.165,1.1,556,0
SPY190726P298,2019-07-25,2019-07-25 09:34:19,0.17,1.1333,2552,0.16,1.0666,768,0.16,1.0666,4,0.165,1.1,556,0
SPY190726P298,2019-07-25,2019-07-25 09:34:21,0.17,1.1333,2552,0.16,1.0666,600,0.16,1.0666,4,0.165,1.1,556,0
SPY190726P298,2019-07-25,2019-07-25 09:34:22,0.17,1.1333,2552,0.16,1.0666,632,0.16,1.0666,4,0.165,1.1,556,0
SPY190726P298,2019-07-25,2019-07-25 09:34:23,0.17,1.1333,2552,0.16,1.0666,632,0.16,1.0666,4,0.165,1.1,556,0
SPY190726P298,2019-07-25,2019-07-25 09:34:24,0.17,1.1333,2552,0.16,1.0666,196,0.16,1.0666,4,0.165,1.1,556,0
SPY190726P298,2019-07-25,2019-07-25 09:34:25,0.17,1.1333,1988,0.16,1.0666,632,0.16,1.0666,4,0.165,1.1,556,0
SPY190726P298,2019-07-25,2019-07-25 09:34:26,0.17,1.1333,2552,0.16,1.0666,632,0.16,1.0666,4,0.165,1.1,556,0
SPY190726P298,2019-07-25,2019-07-25 09:34:27,0.17,1.1333,2552,0.16,1.0666,632,0.16,1.0666,4,0.165,1.1,556,0
SPY190726P298,2019-07-25,2019-07-25 09:34:28,0.17,1.1333,1358,0.16,1.0666,600,0.16,1.0666,4,0.165,1.1,556,0
SPY190726P298,2019-07-25,2019-07-25 09:34:32,0.17,1.1333,2366,0.15,1.0,3804,0.16,1.0666,4,0.16,1.0666,556,0
SPY190726P298,2019-07-25,2019-07-25 09:34:32,0.17,1.1333,2893,0.16,1.0666,137,0.16,1.0666,4,0.165,1.1,556,0
SPY190726P298,2019-07-25,2019-07-25 09:34:34,0.16,1.0666,5,0.15,1.0,5830,0.16,1.0666,4,0.155,1.0333,556,0
SPY190726P298,2019-07-25,2019-07-25 09:34:37,0.16,1.0666,694,0.15,1.0,4116,0.16,1.0666,4,0.155,1.0333,556,0
SPY190726P298,2019-07-25,2019-07-25 09:34:38,0.16,1.0666,1537,0.15,1.0,5950,0.16,1.0666,4,0.155,1.0333,556,0
SPY190726P298,2019-07-25,2019-07-25 09:34:43,0.16,1.0666,2265,0.15,1.0,800,0.16,1.0666,4,0.155,1.0333,556,0
SPY190726P298,2019-07-25,2019-07-25 09:34:44,0.16,1.0666,2842,0.15,1.0,720,0.16,1.0666,4,0.155,1.0333,556,0
SPY190726P298,2019-07-25,2019-07-25 09:34:45,0.16,1.0666,3159,0.15,1.0,766,0.16,1.0666,4,0.155,1.0333,556,0
SPY190726P298,2019-07-25,2019-07-25 09:34:46,0.16,1.0666,3318,0.15,1.0,720,0.15,1.0,1,0.155,1.0333,557,1
SPY190726P298,2019-07-25,2019-07-25 09:34:47,0.16,1.0666,2842,0.15,1.0,792,0.15,1.0,1,0.155,1.0333,557,0
SPY190726P298,2019-07-25,2019-07-25 09:34:48,0.16,1.0666,3230,0.15,1.0,2040,0.15,1.0,1,0.155,1.0333,557,0
SPY190726P298,2019-07-25,2019-07-25 09:34:49,0.16,1.0666,3230,0.15,1.0,2040,0.15,1.0,1,0.155,1.0333,557,0
SPY190726P298,2019-07-25,2019-07-25 09:34:50,0.16,1.0666,3230,0.15,1.0,2031,0.15,1.0,1,0.155,1.0333,557,0
SPY190726P298,2019-07-25,2019-07-25 09:34:51,0.16,1.0666,2526,0.15,1.0,998,0.15,1.0,1,0.155,1.0333,557,0
SPY190726P298,2019-07-25,2019-07-25 09:34:52,0.16,1.0666,2860,0.15,1.0,1440,0.15,1.0,1,0.155,1.0333,557,0
SPY190726P298,2019-07-25,2019-07-25 09:34:53,0.16,1.0666,2860,0.15,1.0,1476,0.15,1.0,1,0.155,1.0333,557,0
SPY190726P298,2019-07-25,2019-07-25 09:34:54,0.16,1.0666,2497,0.15,1.0,1616,0.15,1.0,1,0.155,1.0333,557,0
SPY190726P298,2019-07-25,2019-07-25 09:34:54,0.16,1.0666,2042,0.15,1.0,2324,0.15,1.0,1,0.155,1.0333,557,0
SPY190726P298,2019-07-25,2019-07-25 09:34:55,0.16,1.0666,2781,0.15,1.0,3386,0.15,1.0,1,0.155,1.0333,557,0
SPY190726P298,2019-07-25,2019-07-25 09:34:56,0.16,1.0666,3240,0.15,1.0,976,0.15,1.0,1,0.155,1.0333,557,0
SPY190726P298,2019-07-25,2019-07-25 09:34:56,0.16,1.0666,3115,0.15,1.0,976,0.15,1.0,1,0.155,1.0333,557,0
SPY190726P298,2019-07-25,2019-07-25 09:34:57,0.16,1.0666,2469,0.15,1.0,1301,0.15,1.0,1,0.155,1.0333,557,0
SPY190726P298,2019-07-25,2019-07-25 09:34:59,0.16,1.0666,2383,0.14,0.9333,3851,0.15,1.0,5,0.15,1.0,562,5
SPY190726P298,2019-07-25,2019-07-25 09:34:59,0.16,1.0666,2571,0.15,1.0,3057,0.15,1.0,1,0.155,1.0333,557,0
SPY190726P298,2019-07-25,2019-07-25 09:35:00,0.15,1.0,545,0.14,0.9333,5058,0.15,1.0,5,0.145,0.9666,562,0
SPY190726P298,2019-07-25,2019-07-25 09:35:01,0.15,1.0,290,0.14,0.9333,5352,0.15,1.0,5,0.145,0.9666,562,0
SPY190726P298,2019-07-25,2019-07-25 09:35:01,0.15,1.0,1225,0.14,0.9333,3600,0.15,1.0,5,0.145,0.9666,562,0
SPY190726P298,2019-07-25,2019-07-25 09:35:02,0.15,1.0,1053,0.14,0.9333,5030,0.15,1.0,5,0.145,0.9666,562,0
SPY190726P298,2019-07-25,2019-07-25 09:35:03,0.15,1.0,1404,0.14,0.9333,5030,0.15,1.0,5,0.145,0.9666,562,0
SPY190726P298,2019-07-25,2019-07-25 09:35:04,0.15,1.0,1404,0.14,0.9333,5030,0.15,1.0,5,0.145,0.9666,562,0
SPY190726P298,2019-07-25,2019-07-25 09:35:05,0.15,1.0,1483,0.14,0.9333,4980,0.15,1.0,5,0.145,0.9666,562,0
SPY190726P298,2019-07-25,2019-07-25 09:35:05,0.15,1.0,2311,0.14,0.9333,6394,0.14,0.9333,10,0.145,0.9666,612,50
SPY190726P298,2019-07-25,2019-07-25 09:35:06,0.15,1.0,367,0.14,0.9333,3632,0.14,0.9333,10,0.145,0.9666,612,0
SPY190726P298,2019-07-25,2019-07-25 09:35:07,0.15,1.0,992,0.14,0.9333,4981,0.14,0.9333,10,0.145,0.9666,612,0
SPY190726P298,2019-07-25,2019-07-25 09:35:10,0.15,1.0,992,0.14,0.9333,4387,0.14,0.9333,10,0.145,0.9666,612,0
SPY190726P298,2019-07-25,2019-07-25 09:35:11,0.15,1.0,992,0.14,0.9333,4387,0.14,0.9333,10,0.145,0.9666,612,0
SPY190726P298,2019-07-25,2019-07-25 09:35:11,0.15,1.0,992,0.14,0.9333,5757,0.14,0.9333,10,0.145,0.9666,612,0
SPY190726P298,2019-07-25,2019-07-25 09:35:12,0.15,1.0,992,0.14,0.9333,5757,0.14,0.9333,10,0.145,0.9666,612,0
SPY190726P298,2019-07-25,2019-07-25 09:35:12,0.15,1.0,992,0.14,0.9333,4229,0.14,0.9333,10,0.145,0.9666,612,0
SPY190726P298,2019-07-25,2019-07-25 09:35:14,0.15,1.0,954,0.14,0.9333,4388,0.14,0.9333,10,0.145,0.9666,612,0
SPY190726P298,2019-07-25,2019-07-25 09:35:15,0.15,1.0,954,0.14,0.9333,4388,0.14,0.9333,10,0.145,0.9666,612,0
SPY190726P298,2019-07-25,2019-07-25 09:35:16,0.15,1.0,954,0.14,0.9333,4388,0.14,0.9333,10,0.145,0.9666,612,0
SPY190726P298,2019-07-25,2019-07-25 09:35:17,0.15,1.0,2010,0.14,0.9333,5524,0.14,0.9333,10,0.145,0.9666,612,0
SPY190726P298,2019-07-25,2019-07-25 09:35:17,0.15,1.0,954,0.14,0.9333,3500,0.14,0.9333,10,0.145,0.9666,612,0
SPY190726P298,2019-07-25,2019-07-25 09:35:18,0.15,1.0,1364,0.14,0.9333,3227,0.14,0.9333,10,0.145,0.9666,612,0
SPY190726P298,2019-07-25,2019-07-25 09:35:19,0.15,1.0,1245,0.14,0.9333,4229,0.14,0.9333,10,0.145,0.9666,612,0
SPY190726P298,2019-07-25,2019-07-25 09:35:20,0.15,1.0,1268,0.14,0.9333,4189,0.14,0.9333,10,0.145,0.9666,612,0
SPY190726P298,2019-07-25,2019-07-25 09:35:20,0.15,1.0,1268,0.14,0.9333,4229,0.14,0.9333,10,0.145,0.9666,612,0
SPY190726P298,2019-07-25,2019-07-25 09:35:22,0.15,1.0,1027,0.14,0.9333,4189,0.14,0.9333,10,0.145,0.9666,612,0
SPY190726P298,2019-07-25,2019-07-25 09:35:23,0.15,1.0,1156,0.14,0.9333,1729,0.14,0.9333,10,0.145,0.9666,612,0
SPY190726P298,2019-07-25,2019-07-25 09:35:25,0.15,1.0,3086,0.14,0.9333,1434,0.14,0.9333,10,0.145,0.9666,612,0
SPY190726P298,2019-07-25,2019-07-25 09:35:29,0.15,1.0,2424,0.14,0.9333,5745,0.14,0.9333,10,0.145,0.9666,612,0
SPY190726P298,2019-07-25,2019-07-25 09:35:30,0.15,1.0,994,0.14,0.9333,6378,0.14,0.9333,5,0.145,0.9666,617,5
SPY190726P298,2019-07-25,2019-07-25 09:35:31,0.15,1.0,1,0.14,0.9333,5034,0.14,0.9333,5,0.145,0.9666,617,0
SPY190726P298,2019-07-25,2019-07-25 09:35:32,0.15,1.0,1,0.14,0.9333,6508,0.14,0.9333,5,0.145,0.9666,617,0
SPY190726P298,2019-07-25,2019-07-25 09:35:33,0.15,1.0,1,0.14,0.9333,6964,0.14,0.9333,5,0.145,0.9666,617,0
SPY190726P298,2019-07-25,2019-07-25 09:35:34,0.15,1.0,1,0.14,0.9333,6964,0.14,0.9333,5,0.145,0.9666,617,0
SPY190726P298,2019-07-25,2019-07-25 09:35:35,0.15,1.0,1,0.14,0.9333,5987,0.14,0.9333,5,0.145,0.9666,617,0
SPY190726P298,2019-07-25,2019-07-25 09:35:35,0.15,1.0,1,0.14,0.9333,6964,0.14,0.9333,5,0.145,0.9666,617,0
SPY190726P298,2019-07-25,2019-07-25 09:35:36,0.15,1.0,1,0.14,0.9333,6964,0.14,0.9333,5,0.145,0.9666,617,0
SPY190726P298,2019-07-25,2019-07-25 09:35:37,0.15,1.0,1,0.14,0.9333,6964,0.14,0.9333,5,0.145,0.9666,617,0
SPY190726P298,2019-07-25,2019-07-25 09:35:38,0.15,1.0,1,0.14,0.9333,6964,0.14,0.9333,5,0.145,0.9666,617,0
SPY190726P298,2019-07-25,2019-07-25 09:35:39,0.15,1.0,137,0.14,0.9333,5491,0.14,0.9333,5,0.145,0.9666,617,0
SPY190726P298,2019-07-25,2019-07-25 09:35:40,0.15,1.0,137,0.14,0.9333,5524,0.14,0.9333,5,0.145,0.9666,617,0
SPY190726P298,2019-07-25,2019-07-25 09:35:41,0.15,1.0,144,0.14,0.9333,6748,0.14,0.9333,5,0.145,0.9666,617,0
SPY190726P298,2019-07-25,2019-07-25 09:35:42,0.15,1.0,144,0.14,0.9333,6747,0.14,0.9333,5,0.145,0.9666,617,0
SPY190726P298,2019-07-25,2019-07-25 09:35:43,0.15,1.0,1,0.14,0.9333,6747,0.14,0.9333,5,0.145,0.9666,617,0
SPY190726P298,2019-07-25,2019-07-25 09:35:43,0.15,1.0,144,0.14,0.9333,6747,0.14,0.9333,5,0.145,0.9666,617,0
SPY190726P298,2019-07-25,2019-07-25 09:35:44,0.15,1.0,1,0.14,0.9333,5602,0.14,0.9333,5,0.145,0.9666,617,0
SPY190726P298,2019-07-25,2019-07-25 09:35:45,0.15,1.0,1,0.14,0.9333,6962,0.14,0.9333,5,0.145,0.9666,617,0
SPY190726P298,2019-07-25,2019-07-25 09:35:46,0.15,1.0,1,0.14,0.9333,6709,0.14,0.9333,5,0.145,0.9666,617,0
SPY190726P298,2019-07-25,2019-07-25 09:35:47,0.15,1.0,1,0.14,0.9333,6709,0.14,0.9333,5,0.145,0.9666,617,0
SPY190726P298,2019-07-25,2019-07-25 09:35:48,0.15,1.0,1,0.14,0.9333,5602,0.14,0.9333,5,0.145,0.9666,617,0
SPY190726P298,2019-07-25,2019-07-25 09:35:48,0.15,1.0,1,0.14,0.9333,7043,0.14,0.9333,5,0.145,0.9666,617,0
SPY190726P298,2019-07-25,2019-07-25 09:35:49,0.15,1.0,1,0.14,0.9333,5602,0.14,0.9333,5,0.145,0.9666,617,0
SPY190726P298,2019-07-25,2019-07-25 09:35:50,0.15,1.0,138,0.14,0.9333,5602,0.14,0.9333,5,0.145,0.9666,617,0
SPY190726P298,2019-07-25,2019-07-25 09:35:50,0.15,1.0,137,0.14,0.9333,4675,0.14,0.9333,5,0.145,0.9666,617,0
SPY190726P298,2019-07-25,2019-07-25 09:35:51,0.15,1.0,1,0.14,0.9333,6159,0.14,0.9333,5,0.145,0.9666,617,0
SPY190726P298,2019-07-25,2019-07-25 09:35:52,0.15,1.0,1,0.14,0.9333,6159,0.14,0.9333,5,0.145,0.9666,617,0
SPY190726P298,2019-07-25,2019-07-25 09:35:53,0.15,1.0,1,0.14,0.9333,7044,0.14,0.9333,5,0.145,0.9666,617,0
SPY190726P298,2019-07-25,2019-07-25 09:35:54,0.15,1.0,1,0.14,0.9333,7044,0.14,0.9333,5,0.145,0.9666,617,0
SPY190726P298,2019-07-25,2019-07-25 09:35:54,0.15,1.0,1,0.14,0.9333,2714,0.14,0.9333,5,0.145,0.9666,617,0
SPY190726P298,2019-07-25,2019-07-25 09:35:55,0.16,1.0666,1067,0.15,1.0,1629,0.15,1.0,1,0.155,1.0333,618,1
SPY190726P298,2019-07-25,2019-07-25 09:35:56,0.16,1.0666,1370,0.15,1.0,2456,0.15,1.0,1,0.155,1.0333,618,0
SPY190726P298,2019-07-25,2019-07-25 09:35:56,0.16,1.0666,1370,0.15,1.0,3259,0.15,1.0,1,0.155,1.0333,618,0
SPY190726P298,2019-07-25,2019-07-25 09:35:57,0.16,1.0666,2483,0.15,1.0,4569,0.15,1.0,1,0.155,1.0333,618,0
SPY190726P298,2019-07-25,2019-07-25 09:35:58,0.16,1.0666,1176,0.15,1.0,2049,0.15,1.0,1,0.155,1.0333,618,0
SPY190726P298,2019-07-25,2019-07-25 09:35:59,0.16,1.0666,267,0.15,1.0,4001,0.15,1.0,1,0.155,1.0333,618,0
SPY190726P298,2019-07-25,2019-07-25 09:35:59,0.16,1.0666,1176,0.15,1.0,3594,0.15,1.0,1,0.155,1.0333,618,0
SPY190726P298,2019-07-25,2019-07-25 09:36:00,0.16,1.0666,267,0.15,1.0,4011,0.15,1.0,1,0.155,1.0333,618,0
SPY190726P298,2019-07-25,2019-07-25 09:36:01,0.16,1.0666,137,0.15,1.0,3389,0.15,1.0,1,0.155,1.0333,618,0
SPY190726P298,2019-07-25,2019-07-25 09:36:01,0.16,1.0666,137,0.15,1.0,4821,0.15,1.0,1,0.155,1.0333,618,0
SPY190726P298,2019-07-25,2019-07-25 09:36:02,0.16,1.0666,227,0.15,1.0,3674,0.15,1.0,1,0.155,1.0333,618,0
SPY190726P298,2019-07-25,2019-07-25 09:36:03,0.16,1.0666,561,0.15,1.0,3425,0.15,1.0,1,0.155,1.0333,618,0
SPY190726P298,2019-07-25,2019-07-25 09:36:03,0.16,1.0666,806,0.15,1.0,3451,0.15,1.0,1,0.155,1.0333,618,0
SPY190726P298,2019-07-25,2019-07-25 09:36:04,0.16,1.0666,1433,0.15,1.0,5002,0.15,1.0,1,0.155,1.0333,618,0
SPY190726P298,2019-07-25,2019-07-25 09:36:04,0.16,1.0666,1216,0.15,1.0,4040,0.15,1.0,1,0.155,1.0333,618,0
SPY190726P298,2019-07-25,2019-07-25 09:36:05,0.16,1.0666,394,0.15,1.0,5002,0.15,1.0,1,0.155,1.0333,618,0
SPY190726P298,2019-07-25,2019-07-25 09:36:06,0.16,1.0666,1225,0.15,1.0,4951,0.15,1.0,1,0.155,1.0333,618,0
SPY190726P298,2019-07-25,2019-07-25 09:36:07,0.16,1.0666,353,0.15,1.0,3944,0.15,1.0,1,0.155,1.0333,618,0
SPY190726P298,2019-07-25,2019-07-25 09:36:08,0.16,1.0666,309,0.15,1.0,3861,0.15,1.0,1,0.155,1.0333,618,0
SPY190726P298,2019-07-25,2019-07-25 09:36:09,0.16,1.0666,337,0.15,1.0,4921,0.15,1.0,1,0.155,1.0333,618,0
SPY190726P298,2019-07-25,2019-07-25 09:36:09,0.16,1.0666,1000,0.15,1.0,4292,0.15,1.0,1,0.155,1.0333,618,0
SPY190726P298,2019-07-25,2019-07-25 09:36:10,0.16,1.0666,485,0.15,1.0,4239,0.15,1.0,1,0.155,1.0333,618,0
SPY190726P298,2019-07-25,2019-07-25 09:36:10,0.16,1.0666,310,0.15,1.0,4553,0.15,1.0,1,0.155,1.0333,618,0
SPY190726P298,2019-07-25,2019-07-25 09:36:11,0.16,1.0666,1334,0.15,1.0,3689,0.15,1.0,1,0.155,1.0333,618,0
SPY190726P298,2019-07-25,2019-07-25 09:36:11,0.16,1.0666,1334,0.15,1.0,4239,0.15,1.0,1,0.155,1.0333,618,0
SPY190726P298,2019-07-25,2019-07-25 09:36:12,0.16,1.0666,1334,0.15,1.0,3651,0.15,1.0,1,0.155,1.0333,618,0
SPY190726P298,2019-07-25,2019-07-25 09:36:13,0.16,1.0666,1425,0.15,1.0,4198,0.15,1.0,1,0.155,1.0333,618,0
SPY190726P298,2019-07-25,2019-07-25 09:36:13,0.16,1.0666,1334,0.15,1.0,3651,0.15,1.0,1,0.155,1.0333,618,0
SPY190726P298,2019-07-25,2019-07-25 09:36:14,0.16,1.0666,2210,0.15,1.0,6190,0.15,1.0,1,0.155,1.0333,618,0
SPY190726P298,2019-07-25,2019-07-25 09:36:14,0.16,1.0666,1800,0.15,1.0,3533,0.15,1.0,1,0.155,1.0333,618,0
SPY190726P298,2019-07-25,2019-07-25 09:36:15,0.16,1.0666,1520,0.15,1.0,3306,0.15,1.0,1,0.155,1.0333,618,0
SPY190726P298,2019-07-25,2019-07-25 09:36:16,0.16,1.0666,2358,0.15,1.0,3306,0.15,1.0,1,0.155,1.0333,618,0
SPY190726P298,2019-07-25,2019-07-25 09:36:17,0.16,1.0666,2358,0.15,1.0,3847,0.15,1.0,1,0.155,1.0333,618,0
SPY190726P298,2019-07-25,2019-07-25 09:36:17,0.16,1.0666,1928,0.15,1.0,2881,0.15,1.0,1,0.155,1.0333,618,0
SPY190726P298,2019-07-25,2019-07-25 09:36:18,0.16,1.0666,2342,0.15,1.0,5312,0.15,1.0,1,0.155,1.0333,618,0
SPY190726P298,2019-07-25,2019-07-25 09:36:19,0.16,1.0666,2143,0.15,1.0,5457,0.15,1.0,1,0.155,1.0333,618,0
SPY190726P298,2019-07-25,2019-07-25 09:36:20,0.16,1.0666,1473,0.15,1.0,2944,0.15,1.0,1,0.155,1.0333,618,0
SPY190726P298,2019-07-25,2019-07-25 09:36:21,0.16,1.0666,1447,0.15,1.0,3221,0.15,1.0,1,0.155,1.0333,618,0
SPY190726P298,2019-07-25,2019-07-25 09:36:21,0.16,1.0666,1517,0.15,1.0,3471,0.15,1.0,1,0.155,1.0333,618,0
SPY190726P298,2019-07-25,2019-07-25 09:36:22,0.16,1.0666,2319,0.15,1.0,3471,0.15,1.0,1,0.155,1.0333,618,0
SPY190726P298,2019-07-25,2019-07-25 09:36:23,0.16,1.0666,994,0.15,1.0,3991,0.15,1.0,1,0.155,1.0333,618,0
SPY190726P298,2019-07-25,2019-07-25 09:36:23,0.16,1.0666,1761,0.15,1.0,5281,0.15,1.0,1,0.155,1.0333,618,0
SPY190726P298,2019-07-25,2019-07-25 09:36:24,0.16,1.0666,475,0.15,1.0,4196,0.15,1.0,1,0.155,1.0333,618,0
SPY190726P298,2019-07-25,2019-07-25 09:36:24,0.16,1.0666,208,0.15,1.0,4196,0.15,1.0,1,0.155,1.0333,618,0
SPY190726P298,2019-07-25,2019-07-25 09:36:25,0.16,1.0666,475,0.15,1.0,4615,0.15,1.0,1,0.155,1.0333,618,0
SPY190726P298,2019-07-25,2019-07-25 09:36:25,0.16,1.0666,475,0.15,1.0,4139,0.15,1.0,1,0.155,1.0333,618,0
SPY190726P298,2019-07-25,2019-07-25 09:36:26,0.16,1.0666,137,0.15,1.0,4615,0.15,1.0,1,0.155,1.0333,618,0
SPY190726P298,2019-07-25,2019-07-25 09:36:27,0.16,1.0666,148,0.15,1.0,4615,0.15,1.0,1,0.155,1.0333,618,0
SPY190726P298,2019-07-25,2019-07-25 09:36:27,0.16,1.0666,170,0.15,1.0,4808,0.15,1.0,1,0.155,1.0333,618,0
SPY190726P298,2019-07-25,2019-07-25 09:36:28,0.16,1.0666,170,0.15,1.0,5190,0.15,1.0,1,0.155,1.0333,618,0
SPY190726P298,2019-07-25,2019-07-25 09:36:29,0.16,1.0666,170,0.15,1.0,5190,0.15,1.0,1,0.155,1.0333,618,0
SPY190726P298,2019-07-25,2019-07-25 09:36:30,0.16,1.0666,137,0.15,1.0,5190,0.15,1.0,1,0.155,1.0333,618,0
SPY190726P298,2019-07-25,2019-07-25 09:36:30,0.16,1.0666,170,0.15,1.0,5190,0.15,1.0,1,0.155,1.0333,618,0
SPY190726P298,2019-07-25,2019-07-25 09:36:31,0.16,1.0666,137,0.15,1.0,5190,0.15,1.0,1,0.155,1.0333,618,0
SPY190726P298,2019-07-25,2019-07-25 09:36:32,0.16,1.0666,137,0.15,1.0,5190,0.15,1.0,1,0.155,1.0333,618,0
SPY190726P298,2019-07-25,2019-07-25 09:36:33,0.16,1.0666,37,0.15,1.0,5190,0.15,1.0,1,0.155,1.0333,618,0
SPY190726P298,2019-07-25,2019-07-25 09:36:33,0.16,1.0666,24,0.15,1.0,5190,0.15,1.0,1,0.155,1.0333,618,0
SPY190726P298,2019-07-25,2019-07-25 09:36:34,0.16,1.0666,137,0.15,1.0,4026,0.15,1.0,1,0.155,1.0333,618,0
SPY190726P298,2019-07-25,2019-07-25 09:36:35,0.16,1.0666,137,0.15,1.0,5188,0.15,1.0,1,0.155,1.0333,618,0
SPY190726P298,2019-07-25,2019-07-25 09:36:38,0.16,1.0666,37,0.15,1.0,5192,0.15,1.0,1,0.155,1.0333,618,0
SPY190726P298,2019-07-25,2019-07-25 09:36:38,0.16,1.0666,137,0.15,1.0,5192,0.15,1.0,1,0.155,1.0333,618,0
SPY190726P298,2019-07-25,2019-07-25 09:36:39,0.16,1.0666,179,0.15,1.0,6605,0.15,1.0,1,0.155,1.0333,618,0
SPY190726P298,2019-07-25,2019-07-25 09:36:40,0.16,1.0666,189,0.15,1.0,4988,0.15,1.0,1,0.155,1.0333,618,0
SPY190726P298,2019-07-25,2019-07-25 09:36:40,0.16,1.0666,37,0.15,1.0,6605,0.15,1.0,1,0.155,1.0333,618,0
SPY190726P298,2019-07-25,2019-07-25 09:36:41,0.16,1.0666,189,0.15,1.0,6381,0.15,1.0,1,0.155,1.0333,618,0
SPY190726P298,2019-07-25,2019-07-25 09:36:42,0.16,1.0666,199,0.15,1.0,6384,0.15,1.0,1,0.155,1.0333,618,0
SPY190726P298,2019-07-25,2019-07-25 09:36:42,0.16,1.0666,199,0.15,1.0,6381,0.15,1.0,1,0.155,1.0333,618,0
SPY190726P298,2019-07-25,2019-07-25 09:36:43,0.16,1.0666,137,0.15,1.0,4988,0.15,1.0,1,0.155,1.0333,618,0
SPY190726P298,2019-07-25,2019-07-25 09:36:44,0.16,1.0666,137,0.15,1.0,4988,0.15,1.0,1,0.155,1.0333,618,0
SPY190726P298,2019-07-25,2019-07-25 09:36:45,0.16,1.0666,137,0.15,1.0,4988,0.15,1.0,1,0.155,1.0333,618,0
SPY190726P298,2019-07-25,2019-07-25 09:36:45,0.16,1.0666,189,0.15,1.0,4988,0.15,1.0,1,0.155,1.0333,618,0
SPY190726P298,2019-07-25,2019-07-25 09:36:46,0.16,1.0666,590,0.15,1.0,4551,0.15,1.0,1,0.155,1.0333,618,0
SPY190726P298,2019-07-25,2019-07-25 09:36:47,0.16,1.0666,1364,0.15,1.0,4400,0.15,1.0,1,0.155,1.0333,618,0
SPY190726P298,2019-07-25,2019-07-25 09:36:48,0.16,1.0666,188,0.15,1.0,4740,0.15,1.0,3,0.155,1.0333,627,9
SPY190726P298,2019-07-25,2019-07-25 09:36:48,0.16,1.0666,240,0.15,1.0,4218,0.15,1.0,1,0.155,1.0333,618,0
SPY190726P298,2019-07-25,2019-07-25 09:36:49,0.16,1.0666,198,0.15,1.0,4702,0.15,1.0,2,0.155,1.0333,634,7
SPY190726P298,2019-07-25,2019-07-25 09:36:50,0.16,1.0666,198,0.15,1.0,4702,0.15,1.0,2,0.155,1.0333,634,0
SPY190726P298,2019-07-25,2019-07-25 09:36:51,0.16,1.0666,378,0.15,1.0,4702,0.15,1.0,2,0.155,1.0333,634,0
SPY190726P298,2019-07-25,2019-07-25 09:36:51,0.16,1.0666,198,0.15,1.0,4702,0.15,1.0,2,0.155,1.0333,634,0
SPY190726P298,2019-07-25,2019-07-25 09:36:52,0.16,1.0666,198,0.15,1.0,4824,0.15,1.0,2,0.155,1.0333,634,0
SPY190726P298,2019-07-25,2019-07-25 09:36:53,0.16,1.0666,24,0.15,1.0,4990,0.15,1.0,2,0.155,1.0333,634,0
SPY190726P298,2019-07-25,2019-07-25 09:36:53,0.16,1.0666,24,0.15,1.0,3947,0.15,1.0,2,0.155,1.0333,634,0
SPY190726P298,2019-07-25,2019-07-25 09:36:54,0.16,1.0666,1,0.15,1.0,6367,0.15,1.0,2,0.155,1.0333,634,0
SPY190726P298,2019-07-25,2019-07-25 09:36:55,0.16,1.0666,1,0.15,1.0,5082,0.15,1.0,2,0.155,1.0333,634,0
SPY190726P298,2019-07-25,2019-07-25 09:36:56,0.16,1.0666,1,0.15,1.0,4615,0.15,1.0,2,0.155,1.0333,634,0
SPY190726P298,2019-07-25,2019-07-25 09:36:56,0.16,1.0666,1,0.15,1.0,4799,0.15,1.0,2,0.155,1.0333,634,0
SPY190726P298,2019-07-25,2019-07-25 09:36:57,0.16,1.0666,137,0.15,1.0,3940,0.15,1.0,2,0.155,1.0333,634,0
SPY190726P298,2019-07-25,2019-07-25 09:36:58,0.16,1.0666,137,0.15,1.0,3212,0.15,1.0,2,0.155,1.0333,634,0
SPY190726P298,2019-07-25,2019-07-25 09:36:59,0.16,1.0666,147,0.15,1.0,4467,0.15,1.0,2,0.155,1.0333,634,0
SPY190726P298,2019-07-25,2019-07-25 09:37:00,0.16,1.0666,411,0.15,1.0,4467,0.15,1.0,2,0.155,1.0333,634,0
SPY190726P298,2019-07-25,2019-07-25 09:37:01,0.16,1.0666,291,0.15,1.0,5938,0.15,1.0,2,0.155,1.0333,634,0
SPY190726P298,2019-07-25,2019-07-25 09:37:02,0.16,1.0666,400,0.15,1.0,2440,0.15,1.0,2,0.155,1.0333,634,0
SPY190726P298,2019-07-25,2019-07-25 09:37:02,0.16,1.0666,400,0.15,1.0,4544,0.15,1.0,2,0.155,1.0333,634,0
SPY190726P298,2019-07-25,2019-07-25 09:37:03,0.16,1.0666,325,0.15,1.0,4133,0.15,1.0,2,0.155,1.0333,634,0
SPY190726P298,2019-07-25,2019-07-25 09:37:03,0.16,1.0666,325,0.15,1.0,5661,0.15,1.0,5,0.155,1.0333,639,5
SPY190726P298,2019-07-25,2019-07-25 09:37:04,0.16,1.0666,400,0.15,1.0,5861,0.15,1.0,5,0.155,1.0333,639,0
SPY190726P298,2019-07-25,2019-07-25 09:37:04,0.16,1.0666,485,0.15,1.0,4523,0.15,1.0,5,0.155,1.0333,639,0
SPY190726P298,2019-07-25,2019-07-25 09:37:05,0.16,1.0666,485,0.15,1.0,4443,0.15,1.0,5,0.155,1.0333,639,0
SPY190726P298,2019-07-25,2019-07-25 09:37:06,0.16,1.0666,761,0.15,1.0,4443,0.15,1.0,5,0.155,1.0333,639,0
SPY190726P298,2019-07-25,2019-07-25 09:37:06,0.16,1.0666,650,0.15,1.0,4443,0.15,1.0,5,0.155,1.0333,639,0
SPY190726P298,2019-07-25,2019-07-25 09:37:07,0.16,1.0666,1065,0.15,1.0,4458,0.15,1.0,5,0.155,1.0333,639,0
SPY190726P298,2019-07-25,2019-07-25 09:37:08,0.16,1.0666,994,0.15,1.0,4458,0.15,1.0,5,0.155,1.0333,639,0
SPY190726P298,2019-07-25,2019-07-25 09:37:08,0.16,1.0666,174,0.15,1.0,4031,0.15,1.0,5,0.155,1.0333,639,0
SPY190726P298,2019-07-25,2019-07-25 09:37:09,0.16,1.0666,198,0.15,1.0,5037,0.15,1.0,5,0.155,1.0333,639,0
SPY190726P298,2019-07-25,2019-07-25 09:37:10,0.16,1.0666,247,0.15,1.0,4824,0.15,1.0,5,0.155,1.0333,639,0
SPY190726P298,2019-07-25,2019-07-25 09:37:10,0.16,1.0666,198,0.15,1.0,5037,0.15,1.0,5,0.155,1.0333,639,0
SPY190726P298,2019-07-25,2019-07-25 09:37:11,0.16,1.0666,485,0.15,1.0,4824,0.15,1.0,5,0.155,1.0333,639,0
SPY190726P298,2019-07-25,2019-07-25 09:37:12,0.16,1.0666,485,0.15,1.0,4824,0.15,1.0,5,0.155,1.0333,639,0
SPY190726P298,2019-07-25,2019-07-25 09:37:12,0.16,1.0666,485,0.15,1.0,5125,0.15,1.0,5,0.155,1.0333,639,0
SPY190726P298,2019-07-25,2019-07-25 09:37:13,0.16,1.0666,445,0.15,1.0,4763,0.15,1.0,5,0.155,1.0333,639,0
SPY190726P298,2019-07-25,2019-07-25 09:37:14,0.16,1.0666,240,0.15,1.0,4864,0.15,1.0,5,0.155,1.0333,639,0
SPY190726P298,2019-07-25,2019-07-25 09:37:14,0.16,1.0666,157,0.15,1.0,3724,0.15,1.0,5,0.155,1.0333,639,0
SPY190726P298,2019-07-25,2019-07-25 09:37:15,0.16,1.0666,198,0.15,1.0,6384,0.15,1.0,5,0.155,1.0333,639,0
SPY190726P298,2019-07-25,2019-07-25 09:37:16,0.16,1.0666,157,0.15,1.0,4989,0.15,1.0,5,0.155,1.0333,639,0
SPY190726P298,2019-07-25,2019-07-25 09:37:17,0.16,1.0666,157,0.15,1.0,6382,0.15,1.0,5,0.155,1.0333,639,0
SPY190726P298,2019-07-25,2019-07-25 09:37:17,0.16,1.0666,157,0.15,1.0,4989,0.15,1.0,5,0.155,1.0333,639,0
SPY190726P298,2019-07-25,2019-07-25 09:37:18,0.16,1.0666,205,0.15,1.0,5881,0.15,1.0,5,0.155,1.0333,639,0
SPY190726P298,2019-07-25,2019-07-25 09:37:18,0.16,1.0666,208,0.15,1.0,4864,0.15,1.0,5,0.155,1.0333,639,0
SPY190726P298,2019-07-25,2019-07-25 09:37:19,0.16,1.0666,208,0.15,1.0,6251,0.16,1.0666,1,0.155,1.0333,640,1
SPY190726P298,2019-07-25,2019-07-25 09:37:20,0.16,1.0666,240,0.15,1.0,6252,0.16,1.0666,1,0.155,1.0333,640,0
SPY190726P298,2019-07-25,2019-07-25 09:37:20,0.16,1.0666,157,0.15,1.0,6252,0.16,1.0666,1,0.155,1.0333,640,0
SPY190726P298,2019-07-25,2019-07-25 09:37:22,0.16,1.0666,157,0.15,1.0,4977,0.16,1.0666,1,0.155,1.0333,640,0
SPY190726P298,2019-07-25,2019-07-25 09:37:23,0.16,1.0666,157,0.15,1.0,4977,0.16,1.0666,1,0.155,1.0333,640,0
SPY190726P298,2019-07-25,2019-07-25 09:37:24,0.16,1.0666,157,0.15,1.0,4977,0.16,1.0666,1,0.155,1.0333,640,0
SPY190726P298,2019-07-25,2019-07-25 09:37:25,0.16,1.0666,157,0.15,1.0,4977,0.16,1.0666,1,0.155,1.0333,640,0
SPY190726P298,2019-07-25,2019-07-25 09:37:26,0.16,1.0666,157,0.15,1.0,6375,0.16,1.0666,1,0.155,1.0333,640,0
SPY190726P298,2019-07-25,2019-07-25 09:37:27,0.16,1.0666,157,0.15,1.0,6375,0.16,1.0666,1,0.155,1.0333,640,0
SPY190726P298,2019-07-25,2019-07-25 09:37:28,0.16,1.0666,157,0.15,1.0,6665,0.16,1.0666,1,0.155,1.0333,640,0
SPY190726P298,2019-07-25,2019-07-25 09:37:29,0.16,1.0666,157,0.15,1.0,6665,0.16,1.0666,1,0.155,1.0333,640,0
SPY190726P298,2019-07-25,2019-07-25 09:37:30,0.16,1.0666,157,0.15,1.0,6665,0.16,1.0666,1,0.155,1.0333,640,0
SPY190726P298,2019-07-25,2019-07-25 09:37:31,0.16,1.0666,157,0.15,1.0,6665,0.16,1.0666,1,0.155,1.0333,640,0
SPY190726P298,2019-07-25,2019-07-25 09:37:32,0.16,1.0666,157,0.15,1.0,6665,0.16,1.0666,1,0.155,1.0333,640,0
SPY190726P298,2019-07-25,2019-07-25 09:37:32,0.16,1.0666,20,0.15,1.0,5506,0.16,1.0666,1,0.155,1.0333,640,0
SPY190726P298,2019-07-25,2019-07-25 09:37:33,0.16,1.0666,479,0.15,1.0,4033,0.16,1.0666,1,0.155,1.0333,640,0
SPY190726P298,2019-07-25,2019-07-25 09:37:33,0.16,1.0666,479,0.15,1.0,4271,0.16,1.0666,1,0.155,1.0333,640,0
SPY190726P298,2019-07-25,2019-07-25 09:37:34,0.16,1.0666,327,0.15,1.0,6246,0.16,1.0666,1,0.155,1.0333,640,0
SPY190726P298,2019-07-25,2019-07-25 09:37:35,0.16,1.0666,356,0.15,1.0,5847,0.16,1.0666,1,0.155,1.0333,640,0
SPY190726P298,2019-07-25,2019-07-25 09:37:35,0.16,1.0666,356,0.15,1.0,6122,0.16,1.0666,1,0.155,1.0333,640,0
SPY190726P298,2019-07-25,2019-07-25 09:37:36,0.16,1.0666,800,0.15,1.0,6231,0.16,1.0666,1,0.155,1.0333,640,0
SPY190726P298,2019-07-25,2019-07-25 09:37:36,0.16,1.0666,781,0.15,1.0,6122,0.16,1.0666,1,0.155,1.0333,640,0
SPY190726P298,2019-07-25,2019-07-25 09:37:37,0.16,1.0666,800,0.15,1.0,6377,0.16,1.0666,1,0.155,1.0333,640,0
SPY190726P298,2019-07-25,2019-07-25 09:37:38,0.16,1.0666,800,0.15,1.0,6593,0.16,1.0666,1,0.155,1.0333,640,0
SPY190726P298,2019-07-25,2019-07-25 09:37:38,0.16,1.0666,800,0.15,1.0,6231,0.16,1.0666,1,0.155,1.0333,640,0
SPY190726P298,2019-07-25,2019-07-25 09:37:39,0.16,1.0666,249,0.15,1.0,3704,0.16,1.0666,1,0.155,1.0333,640,0
SPY190726P298,2019-07-25,2019-07-25 09:37:40,0.16,1.0666,157,0.15,1.0,4833,0.16,1.0666,1,0.155,1.0333,640,0
SPY190726P298,2019-07-25,2019-07-25 09:37:40,0.16,1.0666,157,0.15,1.0,4909,0.16,1.0666,1,0.155,1.0333,640,0
SPY190726P298,2019-07-25,2019-07-25 09:37:41,0.16,1.0666,20,0.15,1.0,4280,0.16,1.0666,1,0.155,1.0333,641,1
SPY190726P298,2019-07-25,2019-07-25 09:37:42,0.16,1.0666,20,0.15,1.0,5095,0.16,1.0666,1,0.155,1.0333,641,0
SPY190726P298,2019-07-25,2019-07-25 09:37:42,0.16,1.0666,157,0.15,1.0,5095,0.16,1.0666,1,0.155,1.0333,641,0
SPY190726P298,2019-07-25,2019-07-25 09:37:43,0.16,1.0666,157,0.15,1.0,5095,0.16,1.0666,1,0.155,1.0333,641,0
SPY190726P298,2019-07-25,2019-07-25 09:37:44,0.16,1.0666,157,0.15,1.0,5229,0.16,1.0666,1,0.155,1.0333,641,0
SPY190726P298,2019-07-25,2019-07-25 09:37:44,0.16,1.0666,20,0.15,1.0,5095,0.16,1.0666,1,0.155,1.0333,641,0
SPY190726P298,2019-07-25,2019-07-25 09:37:45,0.16,1.0666,20,0.15,1.0,5095,0.16,1.0666,1,0.155,1.0333,641,0
SPY190726P298,2019-07-25,2019-07-25 09:37:46,0.16,1.0666,20,0.15,1.0,6495,0.16,1.0666,1,0.155,1.0333,641,0
SPY190726P298,2019-07-25,2019-07-25 09:37:46,0.16,1.0666,20,0.15,1.0,5029,0.16,1.0666,1,0.155,1.0333,641,0
SPY190726P298,2019-07-25,2019-07-25 09:37:47,0.16,1.0666,20,0.15,1.0,6495,0.16,1.0666,1,0.155,1.0333,641,0
SPY190726P298,2019-07-25,2019-07-25 09:37:48,0.16,1.0666,20,0.15,1.0,6495,0.16,1.0666,1,0.155,1.0333,641,0
SPY190726P298,2019-07-25,2019-07-25 09:37:49,0.16,1.0666,20,0.15,1.0,6734,0.16,1.0666,1,0.155,1.0333,641,0
SPY190726P298,2019-07-25,2019-07-25 09:37:50,0.16,1.0666,20,0.15,1.0,6734,0.16,1.0666,1,0.155,1.0333,641,0
SPY190726P298,2019-07-25,2019-07-25 09:37:51,0.16,1.0666,20,0.15,1.0,6726,0.16,1.0666,1,0.155,1.0333,641,0
SPY190726P298,2019-07-25,2019-07-25 09:37:51,0.16,1.0666,20,0.15,1.0,6728,0.16,1.0666,1,0.155,1.0333,641,0
SPY190726P298,2019-07-25,2019-07-25 09:37:52,0.16,1.0666,20,0.15,1.0,6726,0.16,1.0666,1,0.155,1.0333,641,0
SPY190726P298,2019-07-25,2019-07-25 09:37:53,0.16,1.0666,20,0.15,1.0,6726,0.16,1.0666,1,0.155,1.0333,641,0
SPY190726P298,2019-07-25,2019-07-25 09:37:54,0.16,1.0666,20,0.15,1.0,6726,0.16,1.0666,1,0.155,1.0333,641,0
SPY190726P298,2019-07-25,2019-07-25 09:37:55,0.16,1.0666,20,0.15,1.0,6726,0.16,1.0666,1,0.155,1.0333,641,0
SPY190726P298,2019-07-25,2019-07-25 09:37:55,0.16,1.0666,20,0.15,1.0,5861,0.16,1.0666,1,0.155,1.0333,641,0
SPY190726P298,2019-07-25,2019-07-25 09:37:56,0.17,1.1333,511,0.16,1.0666,4257,0.17,1.1333,30,0.165,1.1,693,52
SPY190726P298,2019-07-25,2019-07-25 09:37:57,0.17,1.1333,826,0.16,1.0666,6511,0.17,1.1333,30,0.165,1.1,693,0
SPY190726P298,2019-07-25,2019-07-25 09:37:57,0.17,1.1333,481,0.16,1.0666,4621,0.17,1.1333,30,0.165,1.1,693,0
SPY190726P298,2019-07-25,2019-07-25 09:37:58,0.17,1.1333,479,0.16,1.0666,4764,0.17,1.1333,30,0.165,1.1,693,0
SPY190726P298,2019-07-25,2019-07-25 09:37:59,0.17,1.1333,793,0.16,1.0666,3531,0.17,1.1333,30,0.165,1.1,693,0
SPY190726P298,2019-07-25,2019-07-25 09:37:59,0.17,1.1333,793,0.16,1.0666,6136,0.17,1.1333,30,0.165,1.1,693,0
SPY190726P298,2019-07-25,2019-07-25 09:38:00,0.17,1.1333,4,0.16,1.0666,6423,0.17,1.1333,30,0.165,1.1,693,0
SPY190726P298,2019-07-25,2019-07-25 09:38:00,0.17,1.1333,4,0.16,1.0666,5698,0.17,1.1333,30,0.165,1.1,693,0
SPY190726P298,2019-07-25,2019-07-25 09:38:01,0.17,1.1333,4,0.16,1.0666,6728,0.17,1.1333,30,0.165,1.1,693,0
SPY190726P298,2019-07-25,2019-07-25 09:38:01,0.17,1.1333,140,0.16,1.0666,6728,0.17,1.1333,30,0.165,1.1,693,0
SPY190726P298,2019-07-25,2019-07-25 09:38:02,0.17,1.1333,140,0.16,1.0666,5311,0.17,1.1333,30,0.165,1.1,693,0
SPY190726P298,2019-07-25,2019-07-25 09:38:03,0.17,1.1333,4,0.16,1.0666,6472,0.17,1.1333,30,0.165,1.1,693,0
SPY190726P298,2019-07-25,2019-07-25 09:38:03,0.17,1.1333,4,0.16,1.0666,6742,0.17,1.1333,30,0.165,1.1,693,0
SPY190726P298,2019-07-25,2019-07-25 09:38:04,0.17,1.1333,4,0.16,1.0666,6478,0.17,1.1333,30,0.165,1.1,693,0
SPY190726P298,2019-07-25,2019-07-25 09:38:05,0.17,1.1333,4,0.16,1.0666,5219,0.17,1.1333,30,0.165,1.1,693,0
SPY190726P298,2019-07-25,2019-07-25 09:38:06,0.17,1.1333,4,0.16,1.0666,6184,0.17,1.1333,30,0.165,1.1,693,0
SPY190726P298,2019-07-25,2019-07-25 09:38:07,0.17,1.1333,4,0.16,1.0666,6184,0.17,1.1333,30,0.165,1.1,693,0
SPY190726P298,2019-07-25,2019-07-25 09:38:08,0.17,1.1333,4,0.16,1.0666,6184,0.17,1.1333,30,0.165,1.1,693,0
SPY190726P298,2019-07-25,2019-07-25 09:38:08,0.17,1.1333,4,0.16,1.0666,6415,0.17,1.1333,30,0.165,1.1,693,0
SPY190726P298,2019-07-25,2019-07-25 09:38:09,0.17,1.1333,4,0.16,1.0666,6415,0.17,1.1333,30,0.165,1.1,693,0
SPY190726P298,2019-07-25,2019-07-25 09:38:09,0.17,1.1333,4,0.16,1.0666,6415,0.17,1.1333,4,0.165,1.1,697,4
SPY190726P298,2019-07-25,2019-07-25 09:38:10,0.18,1.2,241,0.17,1.1333,3376,0.17,1.1333,3,0.175,1.1666,700,3
SPY190726P298,2019-07-25,2019-07-25 09:38:11,0.18,1.2,137,0.17,1.1333,4874,0.17,1.1333,3,0.175,1.1666,700,0
SPY190726P298,2019-07-25,2019-07-25 09:38:12,0.18,1.2,137,0.17,1.1333,8407,0.17,1.1333,3,0.175,1.1666,700,0
SPY190726P298,2019-07-25,2019-07-25 09:38:13,0.18,1.2,147,0.17,1.1333,5990,0.17,1.1333,3,0.175,1.1666,700,0
SPY190726P298,2019-07-25,2019-07-25 09:38:14,0.18,1.2,147,0.17,1.1333,8549,0.17,1.1333,5,0.175,1.1666,715,15
SPY190726P298,2019-07-25,2019-07-25 09:38:14,0.18,1.2,230,0.17,1.1333,5481,0.17,1.1333,5,0.175,1.1666,715,0
SPY190726P298,2019-07-25,2019-07-25 09:38:15,0.18,1.2,4,0.17,1.1333,5802,0.17,1.1333,5,0.175,1.1666,715,0
SPY190726P298,2019-07-25,2019-07-25 09:38:16,0.18,1.2,137,0.17,1.1333,5802,0.17,1.1333,5,0.175,1.1666,715,0
SPY190726P298,2019-07-25,2019-07-25 09:38:17,0.18,1.2,137,0.17,1.1333,5372,0.17,1.1333,5,0.175,1.1666,715,0
SPY190726P298,2019-07-25,2019-07-25 09:38:18,0.18,1.2,137,0.17,1.1333,6767,0.17,1.1333,5,0.175,1.1666,715,0
SPY190726P298,2019-07-25,2019-07-25 09:38:19,0.18,1.2,4,0.17,1.1333,5334,0.17,1.1333,5,0.175,1.1666,715,0
SPY190726P298,2019-07-25,2019-07-25 09:38:19,0.18,1.2,4,0.17,1.1333,4292,0.17,1.1333,5,0.175,1.1666,715,0
SPY190726P298,2019-07-25,2019-07-25 09:38:20,0.18,1.2,4,0.17,1.1333,7082,0.17,1.1333,5,0.175,1.1666,715,0
SPY190726P298,2019-07-25,2019-07-25 09:38:21,0.18,1.2,4,0.18,1.2,88,0.18,1.2,4,0.18,1.2,719,4
SPY190726P298,2019-07-25,2019-07-25 09:38:21,0.18,1.2,4,0.17,1.1333,7082,0.17,1.1333,5,0.175,1.1666,715,0
SPY190726P298,2019-07-25,2019-07-25 09:38:22,0.19,1.2666,1272,0.18,1.2,3903,0.18,1.2,4,0.185,1.2333,719,0
SPY190726P298,2019-07-25,2019-07-25 09:38:23,0.19,1.2666,2423,0.18,1.2,1021,0.18,1.2,4,0.185,1.2333,719,0
SPY190726P298,2019-07-25,2019-07-25 09:38:23,0.18,1.2,567,0.17,1.1333,3600,0.18,1.2,4,0.175,1.1666,719,0
SPY190726P298,2019-07-25,2019-07-25 09:38:24,0.18,1.2,306,0.17,1.1333,3025,0.18,1.2,4,0.175,1.1666,719,0
SPY190726P298,2019-07-25,2019-07-25 09:38:25,0.18,1.2,349,0.17,1.1333,3171,0.18,1.2,4,0.175,1.1666,719,0
SPY190726P298,2019-07-25,2019-07-25 09:38:25,0.18,1.2,674,0.17,1.1333,2550,0.18,1.2,4,0.175,1.1666,719,0
SPY190726P298,2019-07-25,2019-07-25 09:38:26,0.18,1.2,741,0.17,1.1333,5447,0.18,1.2,4,0.175,1.1666,719,0
SPY190726P298,2019-07-25,2019-07-25 09:38:27,0.18,1.2,185,0.17,1.1333,5447,0.18,1.2,4,0.175,1.1666,719,0
SPY190726P298,2019-07-25,2019-07-25 09:38:28,0.18,1.2,1739,0.17,1.1333,5084,0.18,1.2,4,0.175,1.1666,719,0
SPY190726P298,2019-07-25,2019-07-25 09:38:28,0.18,1.2,1292,0.17,1.1333,3603,0.18,1.2,4,0.175,1.1666,719,0
SPY190726P298,2019-07-25,2019-07-25 09:38:29,0.18,1.2,2533,0.17,1.1333,82,0.18,1.2,4,0.175,1.1666,719,0
SPY190726P298,2019-07-25,2019-07-25 09:38:30,0.17,1.1333,372,0.16,1.0666,3079,0.18,1.2,4,0.165,1.1,719,0
SPY190726P298,2019-07-25,2019-07-25 09:38:30,0.17,1.1333,648,0.16,1.0666,4087,0.18,1.2,4,0.165,1.1,719,0
SPY190726P298,2019-07-25,2019-07-25 09:38:31,0.17,1.1333,648,0.16,1.0666,4087,0.18,1.2,4,0.165,1.1,719,0
SPY190726P298,2019-07-25,2019-07-25 09:38:31,0.17,1.1333,1840,0.16,1.0666,1703,0.18,1.2,4,0.165,1.1,719,0
SPY190726P298,2019-07-25,2019-07-25 09:38:32,0.17,1.1333,2867,0.16,1.0666,1520,0.18,1.2,4,0.165,1.1,719,0
SPY190726P298,2019-07-25,2019-07-25 09:38:33,0.17,1.1333,2797,0.16,1.0666,1645,0.18,1.2,4,0.165,1.1,719,0
SPY190726P298,2019-07-25,2019-07-25 09:38:33,0.17,1.1333,2976,0.15,1.0,4919,0.18,1.2,4,0.16,1.0666,719,0
SPY190726P298,2019-07-25,2019-07-25 09:38:34,0.17,1.1333,2868,0.15,1.0,4919,0.18,1.2,4,0.16,1.0666,719,0
SPY190726P298,2019-07-25,2019-07-25 09:38:35,0.17,1.1333,2850,0.15,1.0,4919,0.18,1.2,4,0.16,1.0666,719,0
SPY190726P298,2019-07-25,2019-07-25 09:38:35,0.17,1.1333,1266,0.16,1.0666,1126,0.18,1.2,4,0.165,1.1,719,0
SPY190726P298,2019-07-25,2019-07-25 09:38:36,0.17,1.1333,2766,0.16,1.0666,1066,0.18,1.2,4,0.165,1.1,719,0
SPY190726P298,2019-07-25,2019-07-25 09:38:37,0.17,1.1333,2918,0.16,1.0666,1066,0.18,1.2,4,0.165,1.1,719,0
SPY190726P298,2019-07-25,2019-07-25 09:38:37,0.17,1.1333,2869,0.16,1.0666,1066,0.18,1.2,4,0.165,1.1,719,0
SPY190726P298,2019-07-25,2019-07-25 09:38:38,0.17,1.1333,1619,0.16,1.0666,1100,0.18,1.2,4,0.165,1.1,719,0
SPY190726P298,2019-07-25,2019-07-25 09:38:39,0.17,1.1333,1479,0.16,1.0666,415,0.18,1.2,4,0.165,1.1,719,0
SPY190726P298,2019-07-25,2019-07-25 09:38:39,0.17,1.1333,2786,0.16,1.0666,147,0.18,1.2,4,0.165,1.1,719,0
SPY190726P298,2019-07-25,2019-07-25 09:38:40,0.17,1.1333,3662,0.16,1.0666,720,0.18,1.2,4,0.165,1.1,719,0
SPY190726P298,2019-07-25,2019-07-25 09:38:40,0.16,1.0666,5,0.15,1.0,3608,0.18,1.2,4,0.155,1.0333,719,0
SPY190726P298,2019-07-25,2019-07-25 09:38:41,0.17,1.1333,1344,0.15,1.0,1693,0.18,1.2,4,0.16,1.0666,719,0
SPY190726P298,2019-07-25,2019-07-25 09:38:42,0.16,1.0666,665,0.15,1.0,3423,0.18,1.2,4,0.155,1.0333,719,0
SPY190726P298,2019-07-25,2019-07-25 09:38:43,0.16,1.0666,869,0.15,1.0,2671,0.18,1.2,4,0.155,1.0333,719,0
SPY190726P298,2019-07-25,2019-07-25 09:38:43,0.16,1.0666,686,0.15,1.0,1195,0.18,1.2,4,0.155,1.0333,719,0
SPY190726P298,2019-07-25,2019-07-25 09:38:44,0.16,1.0666,655,0.15,1.0,4068,0.18,1.2,4,0.155,1.0333,719,0
SPY190726P298,2019-07-25,2019-07-25 09:38:45,0.16,1.0666,479,0.15,1.0,5433,0.18,1.2,4,0.155,1.0333,719,0
SPY190726P298,2019-07-25,2019-07-25 09:38:46,0.16,1.0666,479,0.15,1.0,5170,0.15,1.0,1,0.155,1.0333,720,1
SPY190726P298,2019-07-25,2019-07-25 09:38:46,0.16,1.0666,479,0.15,1.0,5433,0.18,1.2,4,0.155,1.0333,719,0
SPY190726P298,2019-07-25,2019-07-25 09:38:47,0.17,1.1333,2908,0.16,1.0666,726,0.15,1.0,1,0.165,1.1,720,0
SPY190726P298,2019-07-25,2019-07-25 09:38:48,0.17,1.1333,3396,0.16,1.0666,1758,0.15,1.0,1,0.165,1.1,720,0
SPY190726P298,2019-07-25,2019-07-25 09:38:48,0.17,1.1333,2908,0.16,1.0666,1758,0.15,1.0,1,0.165,1.1,720,0
SPY190726P298,2019-07-25,2019-07-25 09:38:49,0.17,1.1333,2519,0.16,1.0666,5015,0.15,1.0,1,0.165,1.1,720,0
SPY190726P298,2019-07-25,2019-07-25 09:38:50,0.17,1.1333,482,0.16,1.0666,4854,0.15,1.0,1,0.165,1.1,720,0
SPY190726P298,2019-07-25,2019-07-25 09:38:50,0.17,1.1333,1411,0.16,1.0666,4895,0.15,1.0,1,0.165,1.1,720,0
SPY190726P298,2019-07-25,2019-07-25 09:38:51,0.17,1.1333,562,0.16,1.0666,4895,0.15,1.0,1,0.165,1.1,720,0
SPY190726P298,2019-07-25,2019-07-25 09:38:52,0.17,1.1333,476,0.16,1.0666,4601,0.15,1.0,1,0.165,1.1,720,0
SPY190726P298,2019-07-25,2019-07-25 09:38:52,0.17,1.1333,476,0.16,1.0666,4329,0.18,1.2,2,0.165,1.1,722,2
SPY190726P298,2019-07-25,2019-07-25 09:38:53,0.18,1.2,1901,0.17,1.1333,1109,0.18,1.2,2,0.175,1.1666,722,0
SPY190726P298,2019-07-25,2019-07-25 09:38:53,0.17,1.1333,50,0.16,1.0666,4329,0.18,1.2,2,0.165,1.1,722,0
SPY190726P298,2019-07-25,2019-07-25 09:38:54,0.18,1.2,2077,0.17,1.1333,832,0.18,1.2,2,0.175,1.1666,722,0
SPY190726P298,2019-07-25,2019-07-25 09:38:55,0.18,1.2,2077,0.16,1.0666,4410,0.18,1.2,2,0.17,1.1333,722,0
SPY190726P298,2019-07-25,2019-07-25 09:38:56,0.17,1.1333,475,0.16,1.0666,4874,0.18,1.2,2,0.165,1.1,722,0
SPY190726P298,2019-07-25,2019-07-25 09:38:57,0.18,1.2,1000,0.17,1.1333,5,0.18,1.2,2,0.175,1.1666,722,0
SPY190726P298,2019-07-25,2019-07-25 09:38:57,0.17,1.1333,1666,0.16,1.0666,3440,0.18,1.2,2,0.165,1.1,722,0
SPY190726P298,2019-07-25,2019-07-25 09:38:58,0.18,1.2,674,0.17,1.1333,634,0.18,1.2,2,0.175,1.1666,722,0
SPY190726P298,2019-07-25,2019-07-25 09:38:59,0.18,1.2,1779,0.17,1.1333,4397,0.18,1.2,2,0.175,1.1666,722,0
SPY190726P298,2019-07-25,2019-07-25 09:39:00,0.18,1.2,1779,0.17,1.1333,5006,0.18,1.2,2,0.175,1.1666,722,0
SPY190726P298,2019-07-25,2019-07-25 09:39:00,0.18,1.2,1779,0.17,1.1333,5112,0.18,1.2,2,0.175,1.1666,722,0
SPY190726P298,2019-07-25,2019-07-25 09:39:01,0.18,1.2,876,0.17,1.1333,2461,0.18,1.2,2,0.175,1.1666,722,0
SPY190726P298,2019-07-25,2019-07-25 09:39:02,0.18,1.2,876,0.17,1.1333,3561,0.18,1.2,2,0.175,1.1666,722,0
SPY190726P298,2019-07-25,2019-07-25 09:39:02,0.18,1.2,2208,0.17,1.1333,325,0.18,1.2,2,0.175,1.1666,722,0
SPY190726P298,2019-07-25,2019-07-25 09:39:03,0.17,1.1333,364,0.17,1.1333,14,0.18,1.2,2,0.17,1.1333,722,0
SPY190726P298,2019-07-25,2019-07-25 09:39:04,0.17,1.1333,305,0.16,1.0666,3123,0.18,1.2,2,0.165,1.1,722,0
SPY190726P298,2019-07-25,2019-07-25 09:39:04,0.17,1.1333,1835,0.16,1.0666,3912,0.18,1.2,2,0.165,1.1,722,0
SPY190726P298,2019-07-25,2019-07-25 09:39:05,0.17,1.1333,1776,0.16,1.0666,3921,0.18,1.2,2,0.165,1.1,722,0
SPY190726P298,2019-07-25,2019-07-25 09:39:06,0.17,1.1333,699,0.16,1.0666,4143,0.18,1.2,2,0.165,1.1,722,0
SPY190726P298,2019-07-25,2019-07-25 09:39:06,0.17,1.1333,1776,0.16,1.0666,3921,0.18,1.2,2,0.165,1.1,722,0
SPY190726P298,2019-07-25,2019-07-25 09:39:07,0.17,1.1333,2018,0.16,1.0666,5267,0.17,1.1333,1,0.165,1.1,723,0
SPY190726P298,2019-07-25,2019-07-25 09:39:07,0.17,1.1333,990,0.16,1.0666,3675,0.17,1.1333,1,0.165,1.1,723,1
SPY190726P298,2019-07-25,2019-07-25 09:39:08,0.17,1.1333,1344,0.16,1.0666,3949,0.17,1.1333,1,0.165,1.1,723,0
SPY190726P298,2019-07-25,2019-07-25 09:39:09,0.17,1.1333,944,0.16,1.0666,2151,0.17,1.1333,1,0.165,1.1,723,0
SPY190726P298,2019-07-25,2019-07-25 09:39:09,0.17,1.1333,1692,0.16,1.0666,2606,0.17,1.1333,1,0.165,1.1,723,0
SPY190726P298,2019-07-25,2019-07-25 09:39:10,0.17,1.1333,2362,0.16,1.0666,1007,0.17,1.1333,1,0.165,1.1,723,0
SPY190726P298,2019-07-25,2019-07-25 09:39:11,0.17,1.1333,2362,0.16,1.0666,3168,0.17,1.1333,1,0.165,1.1,723,0
SPY190726P298,2019-07-25,2019-07-25 09:39:11,0.17,1.1333,2410,0.16,1.0666,893,0.17,1.1333,1,0.165,1.1,723,0
SPY190726P298,2019-07-25,2019-07-25 09:39:12,0.17,1.1333,1392,0.16,1.0666,2387,0.17,1.1333,1,0.165,1.1,723,0
SPY190726P298,2019-07-25,2019-07-25 09:39:13,0.17,1.1333,1218,0.16,1.0666,2685,0.17,1.1333,1,0.165,1.1,723,0
SPY190726P298,2019-07-25,2019-07-25 09:39:13,0.17,1.1333,1218,0.16,1.0666,2910,0.17,1.1333,1,0.165,1.1,723,0
SPY190726P298,2019-07-25,2019-07-25 09:39:14,0.17,1.1333,1774,0.16,1.0666,3264,0.17,1.1333,1,0.165,1.1,723,0
SPY190726P298,2019-07-25,2019-07-25 09:39:14,0.17,1.1333,2756,0.16,1.0666,1652,0.17,1.1333,1,0.165,1.1,723,0
SPY190726P298,2019-07-25,2019-07-25 09:39:15,0.17,1.1333,2945,0.16,1.0666,882,0.17,1.1333,1,0.165,1.1,723,0
SPY190726P298,2019-07-25,2019-07-25 09:39:16,0.17,1.1333,2945,0.16,1.0666,882,0.17,1.1333,1,0.165,1.1,723,0
SPY190726P298,2019-07-25,2019-07-25 09:39:16,0.17,1.1333,2781,0.16,1.0666,2054,0.17,1.1333,8,0.165,1.1,731,8
SPY190726P298,2019-07-25,2019-07-25 09:39:17,0.17,1.1333,2781,0.16,1.0666,2885,0.17,1.1333,8,0.165,1.1,731,0
SPY190726P298,2019-07-25,2019-07-25 09:39:18,0.17,1.1333,2642,0.16,1.0666,1430,0.17,1.1333,8,0.165,1.1,731,0
SPY190726P298,2019-07-25,2019-07-25 09:39:19,0.16,1.0666,5,0.15,1.0,2977,0.17,1.1333,8,0.155,1.0333,731,0
SPY190726P298,2019-07-25,2019-07-25 09:39:19,0.17,1.1333,2793,0.16,1.0666,1897,0.17,1.1333,8,0.165,1.1,731,0
SPY190726P298,2019-07-25,2019-07-25 09:39:20,0.16,1.0666,435,0.15,1.0,6536,0.17,1.1333,8,0.155,1.0333,731,0
SPY190726P298,2019-07-25,2019-07-25 09:39:21,0.17,1.1333,1300,0.15,1.0,6574,0.17,1.1333,8,0.16,1.0666,731,0
SPY190726P298,2019-07-25,2019-07-25 09:39:21,0.16,1.0666,435,0.15,1.0,6576,0.17,1.1333,8,0.155,1.0333,731,0
SPY190726P298,2019-07-25,2019-07-25 09:39:22,0.17,1.1333,3294,0.16,1.0666,96,0.17,1.1333,8,0.165,1.1,731,0
SPY190726P298,2019-07-25,2019-07-25 09:39:23,0.17,1.1333,2166,0.16,1.0666,760,0.17,1.1333,8,0.165,1.1,731,0
SPY190726P298,2019-07-25,2019-07-25 09:39:24,0.17,1.1333,2676,0.16,1.0666,1735,0.17,1.1333,8,0.165,1.1,731,0
SPY190726P298,2019-07-25,2019-07-25 09:39:25,0.17,1.1333,2676,0.16,1.0666,2390,0.17,1.1333,8,0.165,1.1,731,0
SPY190726P298,2019-07-25,2019-07-25 09:39:25,0.17,1.1333,2808,0.16,1.0666,2286,0.17,1.1333,8,0.165,1.1,731,0
SPY190726P298,2019-07-25,2019-07-25 09:39:26,0.17,1.1333,2042,0.16,1.0666,2250,0.17,1.1333,8,0.165,1.1,731,0
SPY190726P298,2019-07-25,2019-07-25 09:39:27,0.17,1.1333,846,0.16,1.0666,883,0.17,1.1333,8,0.165,1.1,731,0
SPY190726P298,2019-07-25,2019-07-25 09:39:27,0.17,1.1333,2569,0.15,1.0,4248,0.17,1.1333,8,0.16,1.0666,731,0
SPY190726P298,2019-07-25,2019-07-25 09:39:28,0.16,1.0666,435,0.15,1.0,5577,0.17,1.1333,8,0.155,1.0333,731,0
SPY190726P298,2019-07-25,2019-07-25 09:39:28,0.16,1.0666,435,0.15,1.0,5375,0.17,1.1333,8,0.155,1.0333,731,0
SPY190726P298,2019-07-25,2019-07-25 09:39:29,0.17,1.1333,2025,0.16,1.0666,934,0.17,1.1333,8,0.165,1.1,731,0
SPY190726P298,2019-07-25,2019-07-25 09:39:30,0.17,1.1333,2850,0.16,1.0666,758,0.17,1.1333,8,0.165,1.1,731,0
SPY190726P298,2019-07-25,2019-07-25 09:39:30,0.17,1.1333,2882,0.16,1.0666,884,0.17,1.1333,8,0.165,1.1,731,0
SPY190726P298,2019-07-25,2019-07-25 09:39:31,0.17,1.1333,2787,0.16,1.0666,884,0.17,1.1333,8,0.165,1.1,731,0
SPY190726P298,2019-07-25,2019-07-25 09:39:32,0.17,1.1333,2676,0.16,1.0666,2697,0.17,1.1333,8,0.165,1.1,731,0
SPY190726P298,2019-07-25,2019-07-25 09:39:33,0.17,1.1333,2424,0.16,1.0666,2895,0.17,1.1333,8,0.165,1.1,731,0
SPY190726P298,2019-07-25,2019-07-25 09:39:33,0.17,1.1333,3001,0.16,1.0666,2378,0.17,1.1333,8,0.165,1.1,731,0
SPY190726P298,2019-07-25,2019-07-25 09:39:34,0.17,1.1333,2771,0.16,1.0666,2679,0.17,1.1333,8,0.165,1.1,731,0
SPY190726P298,2019-07-25,2019-07-25 09:39:35,0.17,1.1333,1703,0.16,1.0666,3494,0.17,1.1333,8,0.165,1.1,731,0
SPY190726P298,2019-07-25,2019-07-25 09:39:35,0.17,1.1333,1716,0.16,1.0666,3042,0.17,1.1333,8,0.165,1.1,731,0
SPY190726P298,2019-07-25,2019-07-25 09:39:36,0.17,1.1333,1418,0.16,1.0666,4166,0.17,1.1333,8,0.165,1.1,731,0
SPY190726P298,2019-07-25,2019-07-25 09:39:37,0.17,1.1333,1397,0.16,1.0666,3688,0.17,1.1333,8,0.165,1.1,731,0
SPY190726P298,2019-07-25,2019-07-25 09:39:38,0.17,1.1333,1390,0.16,1.0666,3957,0.17,1.1333,8,0.165,1.1,731,0
SPY190726P298,2019-07-25,2019-07-25 09:39:38,0.17,1.1333,1397,0.16,1.0666,3957,0.17,1.1333,8,0.165,1.1,731,0
SPY190726P298,2019-07-25,2019-07-25 09:39:40,0.17,1.1333,1418,0.16,1.0666,4243,0.17,1.1333,8,0.165,1.1,731,0
SPY190726P298,2019-07-25,2019-07-25 09:39:40,0.17,1.1333,474,0.16,1.0666,4380,0.17,1.1333,8,0.165,1.1,731,0
SPY190726P298,2019-07-25,2019-07-25 09:39:41,0.17,1.1333,472,0.16,1.0666,4261,0.17,1.1333,8,0.165,1.1,739,8
SPY190726P298,2019-07-25,2019-07-25 09:39:42,0.18,1.2,2028,0.17,1.1333,366,0.17,1.1333,8,0.175,1.1666,739,0
SPY190726P298,2019-07-25,2019-07-25 09:39:43,0.18,1.2,1053,0.17,1.1333,2493,0.17,1.1333,8,0.175,1.1666,739,0
SPY190726P298,2019-07-25,2019-07-25 09:39:43,0.18,1.2,381,0.17,1.1333,4419,0.17,1.1333,8,0.175,1.1666,739,0
SPY190726P298,2019-07-25,2019-07-25 09:39:44,0.18,1.2,290,0.17,1.1333,4419,0.17,1.1333,8,0.175,1.1666,739,0
SPY190726P298,2019-07-25,2019-07-25 09:39:45,0.18,1.2,290,0.17,1.1333,4564,0.17,1.1333,8,0.175,1.1666,739,0
SPY190726P298,2019-07-25,2019-07-25 09:39:45,0.18,1.2,227,0.17,1.1333,6262,0.17,1.1333,8,0.175,1.1666,739,0
SPY190726P298,2019-07-25,2019-07-25 09:39:46,0.18,1.2,293,0.17,1.1333,6262,0.17,1.1333,8,0.175,1.1666,739,0
SPY190726P298,2019-07-25,2019-07-25 09:39:46,0.18,1.2,282,0.17,1.1333,6262,0.17,1.1333,8,0.175,1.1666,739,0
SPY190726P298,2019-07-25,2019-07-25 09:39:47,0.18,1.2,808,0.17,1.1333,5952,0.17,1.1333,8,0.175,1.1666,739,0
SPY190726P298,2019-07-25,2019-07-25 09:39:48,0.18,1.2,1788,0.17,1.1333,3898,0.17,1.1333,8,0.175,1.1666,739,0
SPY190726P298,2019-07-25,2019-07-25 09:39:48,0.18,1.2,1524,0.17,1.1333,2326,0.17,1.1333,8,0.175,1.1666,739,0
SPY190726P298,2019-07-25,2019-07-25 09:39:49,0.18,1.2,1689,0.17,1.1333,3276,0.17,1.1333,8,0.175,1.1666,739,0
SPY190726P298,2019-07-25,2019-07-25 09:39:50,0.18,1.2,1556,0.17,1.1333,3276,0.17,1.1333,8,0.175,1.1666,739,0
SPY190726P298,2019-07-25,2019-07-25 09:39:50,0.18,1.2,1524,0.17,1.1333,2575,0.17,1.1333,8,0.175,1.1666,739,0
SPY190726P298,2019-07-25,2019-07-25 09:39:51,0.17,1.1333,197,0.17,1.1333,134,0.17,1.1333,8,0.17,1.1333,739,0
SPY190726P298,2019-07-25,2019-07-25 09:39:51,0.18,1.2,2755,0.17,1.1333,1294,0.17,1.1333,8,0.175,1.1666,739,0
SPY190726P298,2019-07-25,2019-07-25 09:39:53,0.17,1.1333,425,0.16,1.0666,6074,0.17,1.1333,8,0.165,1.1,739,0
SPY190726P298,2019-07-25,2019-07-25 09:39:54,0.18,1.2,2759,0.17,1.1333,322,0.17,1.1333,8,0.175,1.1666,739,0
SPY190726P298,2019-07-25,2019-07-25 09:39:54,0.18,1.2,2759,0.17,1.1333,327,0.17,1.1333,8,0.175,1.1666,739,0
SPY190726P298,2019-07-25,2019-07-25 09:39:55,0.18,1.2,2759,0.17,1.1333,927,0.17,1.1333,8,0.175,1.1666,739,0
SPY190726P298,2019-07-25,2019-07-25 09:39:56,0.18,1.2,2023,0.17,1.1333,1238,0.17,1.1333,8,0.175,1.1666,739,0
SPY190726P298,2019-07-25,2019-07-25 09:39:56,0.18,1.2,2759,0.17,1.1333,636,0.17,1.1333,8,0.175,1.1666,739,0
SPY190726P298,2019-07-25,2019-07-25 09:39:57,0.18,1.2,2759,0.17,1.1333,14,0.17,1.1333,8,0.175,1.1666,739,0
SPY190726P298,2019-07-25,2019-07-25 09:39:57,0.18,1.2,1041,0.17,1.1333,500,0.17,1.1333,8,0.175,1.1666,739,0
SPY190726P298,2019-07-25,2019-07-25 09:39:58,0.18,1.2,920,0.17,1.1333,1195,0.17,1.1333,8,0.175,1.1666,739,0
SPY190726P298,2019-07-25,2019-07-25 09:39:59,0.18,1.2,446,0.17,1.1333,4309,0.17,1.1333,8,0.175,1.1666,739,0
SPY190726P298,2019-07-25,2019-07-25 09:39:59,0.18,1.2,1023,0.17,1.1333,4503,0.17,1.1333,8,0.175,1.1666,739,0
SPY190726P298,2019-07-25,2019-07-25 09:40:00,0.18,1.2,254,0.18,1.2,644,0.17,1.1333,8,0.18,1.2,739,0
SPY190726P298,2019-07-25,2019-07-25 09:40:00,0.19,1.2666,2188,0.18,1.2,747,0.17,1.1333,8,0.185,1.2333,739,0
SPY190726P298,2019-07-25,2019-07-25 09:40:01,0.19,1.2666,2188,0.18,1.2,731,0.17,1.1333,8,0.185,1.2333,739,0
SPY190726P298,2019-07-25,2019-07-25 09:40:01,0.19,1.2666,2188,0.18,1.2,726,0.17,1.1333,8,0.185,1.2333,739,0
SPY190726P298,2019-07-25,2019-07-25 09:40:02,0.19,1.2666,2188,0.18,1.2,726,0.17,1.1333,8,0.185,1.2333,739,0
SPY190726P298,2019-07-25,2019-07-25 09:40:03,0.19,1.2666,1267,0.18,1.2,307,0.17,1.1333,8,0.185,1.2333,739,0
SPY190726P298,2019-07-25,2019-07-25 09:40:03,0.19,1.2666,2125,0.18,1.2,497,0.17,1.1333,8,0.185,1.2333,739,0
SPY190726P298,2019-07-25,2019-07-25 09:40:04,0.19,1.2666,2032,0.17,1.1333,2215,0.17,1.1333,8,0.18,1.2,739,0
SPY190726P298,2019-07-25,2019-07-25 09:40:05,0.18,1.2,1595,0.17,1.1333,858,0.17,1.1333,8,0.175,1.1666,739,0
SPY190726P298,2019-07-25,2019-07-25 09:40:06,0.18,1.2,2199,0.17,1.1333,546,0.17,1.1333,8,0.175,1.1666,739,0
SPY190726P298,2019-07-25,2019-07-25 09:40:07,0.18,1.2,2138,0.17,1.1333,546,0.17,1.1333,8,0.175,1.1666,739,0
SPY190726P298,2019-07-25,2019-07-25 09:40:08,0.18,1.2,2591,0.17,1.1333,422,0.17,1.1333,8,0.175,1.1666,739,0
SPY190726P298,2019-07-25,2019-07-25 09:40:09,0.18,1.2,2374,0.17,1.1333,422,0.17,1.1333,8,0.175,1.1666,739,0
SPY190726P298,2019-07-25,2019-07-25 09:40:09,0.17,1.1333,762,0.16,1.0666,2180,0.17,1.1333,8,0.165,1.1,739,0
SPY190726P298,2019-07-25,2019-07-25 09:40:10,0.17,1.1333,2248,0.16,1.0666,3750,0.17,1.1333,8,0.165,1.1,739,0
SPY190726P298,2019-07-25,2019-07-25 09:40:11,0.17,1.1333,1998,0.16,1.0666,3887,0.17,1.1333,8,0.165,1.1,739,0
SPY190726P298,2019-07-25,2019-07-25 09:40:11,0.17,1.1333,2397,0.16,1.0666,3108,0.17,1.1333,8,0.165,1.1,739,0
SPY190726P298,2019-07-25,2019-07-25 09:40:12,0.17,1.1333,1597,0.16,1.0666,3095,0.17,1.1333,8,0.165,1.1,739,0
SPY190726P298,2019-07-25,2019-07-25 09:40:13,0.17,1.1333,1484,0.16,1.0666,4464,0.17,1.1333,8,0.165,1.1,739,0
SPY190726P298,2019-07-25,2019-07-25 09:40:13,0.17,1.1333,2245,0.16,1.0666,3095,0.17,1.1333,8,0.165,1.1,739,0
SPY190726P298,2019-07-25,2019-07-25 09:40:14,0.17,1.1333,1484,0.16,1.0666,4119,0.17,1.1333,8,0.165,1.1,739,0
SPY190726P298,2019-07-25,2019-07-25 09:40:15,0.17,1.1333,1484,0.16,1.0666,3698,0.17,1.1333,8,0.165,1.1,739,0
SPY190726P298,2019-07-25,2019-07-25 09:40:15,0.17,1.1333,1798,0.16,1.0666,3698,0.17,1.1333,8,0.165,1.1,739,0
SPY190726P298,2019-07-25,2019-07-25 09:40:16,0.17,1.1333,266,0.16,1.0666,4566,0.17,1.1333,8,0.165,1.1,739,0
SPY190726P298,2019-07-25,2019-07-25 09:40:16,0.17,1.1333,983,0.16,1.0666,5290,0.17,1.1333,8,0.165,1.1,739,0
SPY190726P298,2019-07-25,2019-07-25 09:40:17,0.17,1.1333,2067,0.16,1.0666,1627,0.17,1.1333,8,0.165,1.1,739,0
SPY190726P298,2019-07-25,2019-07-25 09:40:17,0.17,1.1333,1472,0.16,1.0666,4647,0.17,1.1333,8,0.165,1.1,739,0
SPY190726P298,2019-07-25,2019-07-25 09:40:18,0.17,1.1333,1879,0.16,1.0666,4301,0.17,1.1333,8,0.165,1.1,739,0
SPY190726P298,2019-07-25,2019-07-25 09:40:19,0.17,1.1333,1339,0.16,1.0666,2956,0.17,1.1333,8,0.165,1.1,739,0
SPY190726P298,2019-07-25,2019-07-25 09:40:19,0.17,1.1333,2370,0.16,1.0666,2559,0.17,1.1333,8,0.165,1.1,739,0
SPY190726P298,2019-07-25,2019-07-25 09:40:20,0.17,1.1333,2899,0.16,1.0666,2540,0.17,1.1333,8,0.165,1.1,739,0
SPY190726P298,2019-07-25,2019-07-25 09:40:21,0.17,1.1333,1965,0.16,1.0666,1017,0.17,1.1333,8,0.165,1.1,739,0
SPY190726P298,2019-07-25,2019-07-25 09:40:21,0.17,1.1333,2702,0.16,1.0666,619,0.17,1.1333,8,0.165,1.1,739,0
SPY190726P298,2019-07-25,2019-07-25 09:40:22,0.17,1.1333,1965,0.16,1.0666,1009,0.17,1.1333,8,0.165,1.1,739,0
SPY190726P298,2019-07-25,2019-07-25 09:40:23,0.17,1.1333,2690,0.16,1.0666,1723,0.17,1.1333,8,0.165,1.1,739,0
SPY190726P298,2019-07-25,2019-07-25 09:40:23,0.17,1.1333,1965,0.16,1.0666,1334,0.17,1.1333,8,0.165,1.1,739,0
SPY190726P298,2019-07-25,2019-07-25 09:40:24,0.17,1.1333,1975,0.16,1.0666,1790,0.17,1.1333,8,0.165,1.1,739,0
SPY190726P298,2019-07-25,2019-07-25 09:40:25,0.17,1.1333,2702,0.16,1.0666,1849,0.17,1.1333,8,0.165,1.1,739,0
SPY190726P298,2019-07-25,2019-07-25 09:40:25,0.17,1.1333,2702,0.16,1.0666,1790,0.17,1.1333,8,0.165,1.1,739,0
SPY190726P298,2019-07-25,2019-07-25 09:40:26,0.17,1.1333,2702,0.16,1.0666,1849,0.17,1.1333,8,0.165,1.1,739,0
SPY190726P298,2019-07-25,2019-07-25 09:40:27,0.17,1.1333,2702,0.16,1.0666,1769,0.17,1.1333,8,0.165,1.1,739,0
SPY190726P298,2019-07-25,2019-07-25 09:40:28,0.16,1.0666,605,0.15,1.0,4329,0.17,1.1333,8,0.155,1.0333,739,0
SPY190726P298,2019-07-25,2019-07-25 09:40:28,0.16,1.0666,725,0.15,1.0,2619,0.17,1.1333,8,0.155,1.0333,739,0
SPY190726P298,2019-07-25,2019-07-25 09:40:29,0.16,1.0666,485,0.15,1.0,4811,0.17,1.1333,8,0.155,1.0333,739,0
SPY190726P298,2019-07-25,2019-07-25 09:40:30,0.16,1.0666,485,0.15,1.0,4707,0.17,1.1333,8,0.155,1.0333,739,0
SPY190726P298,2019-07-25,2019-07-25 09:40:31,0.16,1.0666,1274,0.15,1.0,4850,0.17,1.1333,8,0.155,1.0333,739,0
SPY190726P298,2019-07-25,2019-07-25 09:40:31,0.16,1.0666,767,0.15,1.0,4707,0.17,1.1333,8,0.155,1.0333,739,0
SPY190726P298,2019-07-25,2019-07-25 09:40:32,0.16,1.0666,1528,0.15,1.0,4850,0.17,1.1333,8,0.155,1.0333,739,0
SPY190726P298,2019-07-25,2019-07-25 09:40:33,0.16,1.0666,999,0.15,1.0,3229,0.17,1.1333,8,0.155,1.0333,739,0
SPY190726P298,2019-07-25,2019-07-25 09:40:33,0.16,1.0666,1528,0.15,1.0,4297,0.17,1.1333,8,0.155,1.0333,739,0
SPY190726P298,2019-07-25,2019-07-25 09:40:34,0.16,1.0666,1274,0.15,1.0,3060,0.17,1.1333,8,0.155,1.0333,739,0
SPY190726P298,2019-07-25,2019-07-25 09:40:35,0.16,1.0666,2605,0.15,1.0,3047,0.17,1.1333,8,0.155,1.0333,739,0
SPY190726P298,2019-07-25,2019-07-25 09:40:35,0.16,1.0666,2605,0.15,1.0,4760,0.17,1.1333,8,0.155,1.0333,739,0
SPY190726P298,2019-07-25,2019-07-25 09:40:36,0.16,1.0666,1893,0.15,1.0,2444,0.17,1.1333,8,0.155,1.0333,739,0
SPY190726P298,2019-07-25,2019-07-25 09:40:37,0.16,1.0666,2605,0.15,1.0,2605,0.17,1.1333,8,0.155,1.0333,739,0
SPY190726P298,2019-07-25,2019-07-25 09:40:37,0.16,1.0666,2605,0.15,1.0,3932,0.17,1.1333,8,0.155,1.0333,739,0
SPY190726P298,2019-07-25,2019-07-25 09:40:38,0.16,1.0666,2605,0.15,1.0,2346,0.17,1.1333,8,0.155,1.0333,739,0
SPY190726P298,2019-07-25,2019-07-25 09:40:39,0.16,1.0666,2605,0.15,1.0,2346,0.17,1.1333,8,0.155,1.0333,739,0
SPY190726P298,2019-07-25,2019-07-25 09:40:40,0.16,1.0666,2605,0.15,1.0,2346,0.17,1.1333,8,0.155,1.0333,739,0
SPY190726P298,2019-07-25,2019-07-25 09:40:41,0.16,1.0666,2605,0.15,1.0,2346,0.17,1.1333,8,0.155,1.0333,739,0
SPY190726P298,2019-07-25,2019-07-25 09:40:42,0.16,1.0666,2229,0.15,1.0,975,0.17,1.1333,8,0.155,1.0333,739,0
SPY190726P298,2019-07-25,2019-07-25 09:40:42,0.16,1.0666,2866,0.15,1.0,542,0.17,1.1333,8,0.155,1.0333,739,0
SPY190726P298,2019-07-25,2019-07-25 09:40:43,0.16,1.0666,2893,0.15,1.0,784,0.17,1.1333,8,0.155,1.0333,739,0
SPY190726P298,2019-07-25,2019-07-25 09:40:44,0.16,1.0666,3449,0.15,1.0,604,0.17,1.1333,8,0.155,1.0333,739,0
SPY190726P298,2019-07-25,2019-07-25 09:40:44,0.16,1.0666,3541,0.15,1.0,830,0.17,1.1333,8,0.155,1.0333,739,0
SPY190726P298,2019-07-25,2019-07-25 09:40:45,0.16,1.0666,3583,0.15,1.0,520,0.17,1.1333,8,0.155,1.0333,739,0
SPY190726P298,2019-07-25,2019-07-25 09:40:46,0.16,1.0666,3645,0.15,1.0,510,0.17,1.1333,8,0.155,1.0333,739,0
SPY190726P298,2019-07-25,2019-07-25 09:40:51,0.16,1.0666,3692,0.15,1.0,505,0.16,1.0666,2,0.155,1.0333,741,2
SPY190726P298,2019-07-25,2019-07-25 09:40:52,0.16,1.0666,2785,0.14,0.9333,3211,0.16,1.0666,2,0.15,1.0,741,0
SPY190726P298,2019-07-25,2019-07-25 09:40:52,0.15,1.0,305,0.14,0.9333,2776,0.16,1.0666,2,0.145,0.9666,741,0
SPY190726P298,2019-07-25,2019-07-25 09:40:53,0.15,1.0,545,0.14,0.9333,3736,0.16,1.0666,2,0.145,0.9666,741,0
SPY190726P298,2019-07-25,2019-07-25 09:40:54,0.15,1.0,545,0.14,0.9333,4499,0.16,1.0666,2,0.145,0.9666,741,0
SPY190726P298,2019-07-25,2019-07-25 09:40:54,0.15,1.0,455,0.14,0.9333,4499,0.16,1.0666,2,0.145,0.9666,741,0
SPY190726P298,2019-07-25,2019-07-25 09:40:56,0.15,1.0,900,0.14,0.9333,3037,0.16,1.0666,2,0.145,0.9666,741,0
SPY190726P298,2019-07-25,2019-07-25 09:40:57,0.15,1.0,2167,0.14,0.9333,5010,0.16,1.0666,2,0.145,0.9666,741,0
SPY190726P298,2019-07-25,2019-07-25 09:40:58,0.15,1.0,1967,0.14,0.9333,4863,0.16,1.0666,2,0.145,0.9666,741,0
SPY190726P298,2019-07-25,2019-07-25 09:40:59,0.15,1.0,1474,0.14,0.9333,5998,0.16,1.0666,2,0.145,0.9666,741,0
SPY190726P298,2019-07-25,2019-07-25 09:41:00,0.15,1.0,502,0.14,0.9333,4767,0.16,1.0666,2,0.145,0.9666,741,0
SPY190726P298,2019-07-25,2019-07-25 09:41:02,0.15,1.0,578,0.14,0.9333,5659,0.16,1.0666,2,0.145,0.9666,741,0
SPY190726P298,2019-07-25,2019-07-25 09:41:03,0.15,1.0,876,0.14,0.9333,5659,0.16,1.0666,2,0.145,0.9666,741,0
SPY190726P298,2019-07-25,2019-07-25 09:41:04,0.15,1.0,1732,0.14,0.9333,4919,0.16,1.0666,2,0.145,0.9666,741,0
SPY190726P298,2019-07-25,2019-07-25 09:41:06,0.15,1.0,1645,0.14,0.9333,5236,0.16,1.0666,2,0.145,0.9666,741,0
SPY190726P298,2019-07-25,2019-07-25 09:41:07,0.15,1.0,311,0.14,0.9333,4030,0.16,1.0666,2,0.145,0.9666,741,0
SPY190726P298,2019-07-25,2019-07-25 09:41:10,0.15,1.0,6,0.15,1.0,67,0.15,1.0,4,0.15,1.0,747,6
SPY190726P298,2019-07-25,2019-07-25 09:41:11,0.16,1.0666,1694,0.15,1.0,2997,0.15,1.0,4,0.155,1.0333,747,0
SPY190726P298,2019-07-25,2019-07-25 09:41:12,0.16,1.0666,2107,0.15,1.0,4075,0.15,1.0,4,0.155,1.0333,747,0
SPY190726P298,2019-07-25,2019-07-25 09:41:12,0.16,1.0666,2648,0.15,1.0,3645,0.15,1.0,4,0.155,1.0333,747,0
SPY190726P298,2019-07-25,2019-07-25 09:41:13,0.16,1.0666,1189,0.15,1.0,4099,0.15,1.0,4,0.155,1.0333,747,0
SPY190726P298,2019-07-25,2019-07-25 09:41:14,0.16,1.0666,1843,0.15,1.0,2276,0.15,1.0,4,0.155,1.0333,747,0
SPY190726P298,2019-07-25,2019-07-25 09:41:14,0.16,1.0666,2126,0.15,1.0,1407,0.15,1.0,4,0.155,1.0333,747,0
SPY190726P298,2019-07-25,2019-07-25 09:41:15,0.16,1.0666,2623,0.15,1.0,480,0.15,1.0,4,0.155,1.0333,747,0
SPY190726P298,2019-07-25,2019-07-25 09:41:16,0.16,1.0666,3736,0.15,1.0,480,0.15,1.0,4,0.155,1.0333,747,0
SPY190726P298,2019-07-25,2019-07-25 09:41:17,0.16,1.0666,2138,0.15,1.0,1579,0.15,1.0,4,0.155,1.0333,747,0
SPY190726P298,2019-07-25,2019-07-25 09:41:18,0.16,1.0666,2649,0.15,1.0,3118,0.15,1.0,4,0.155,1.0333,747,0
SPY190726P298,2019-07-25,2019-07-25 09:41:19,0.16,1.0666,486,0.15,1.0,2412,0.15,1.0,4,0.155,1.0333,747,0
SPY190726P298,2019-07-25,2019-07-25 09:41:19,0.16,1.0666,1501,0.15,1.0,5035,0.15,1.0,4,0.155,1.0333,747,0
SPY190726P298,2019-07-25,2019-07-25 09:41:20,0.16,1.0666,1,0.15,1.0,5592,0.15,1.0,4,0.155,1.0333,747,0
SPY190726P298,2019-07-25,2019-07-25 09:41:21,0.17,1.1333,1053,0.16,1.0666,848,0.16,1.0666,1,0.165,1.1,748,1
SPY190726P298,2019-07-25,2019-07-25 09:41:22,0.17,1.1333,1053,0.16,1.0666,3005,0.16,1.0666,1,0.165,1.1,748,0
SPY190726P298,2019-07-25,2019-07-25 09:41:22,0.17,1.1333,1562,0.16,1.0666,1681,0.16,1.0666,1,0.165,1.1,748,0
SPY190726P298,2019-07-25,2019-07-25 09:41:23,0.17,1.1333,1120,0.16,1.0666,3073,0.16,1.0666,1,0.165,1.1,748,0
SPY190726P298,2019-07-25,2019-07-25 09:41:24,0.17,1.1333,1844,0.16,1.0666,2657,0.16,1.0666,1,0.165,1.1,748,0
SPY190726P298,2019-07-25,2019-07-25 09:41:25,0.17,1.1333,1867,0.16,1.0666,2887,0.16,1.0666,1,0.165,1.1,748,0
SPY190726P298,2019-07-25,2019-07-25 09:41:26,0.17,1.1333,2910,0.16,1.0666,24,0.16,1.0666,1,0.165,1.1,748,0
SPY190726P298,2019-07-25,2019-07-25 09:41:27,0.17,1.1333,2784,0.16,1.0666,364,0.16,1.0666,1,0.165,1.1,748,0
SPY190726P298,2019-07-25,2019-07-25 09:41:28,0.17,1.1333,2784,0.16,1.0666,364,0.16,1.0666,1,0.165,1.1,748,0
SPY190726P298,2019-07-25,2019-07-25 09:41:29,0.17,1.1333,2871,0.16,1.0666,364,0.16,1.0666,1,0.165,1.1,748,0
SPY190726P298,2019-07-25,2019-07-25 09:41:30,0.17,1.1333,3055,0.16,1.0666,1981,0.16,1.0666,1,0.165,1.1,748,0
SPY190726P298,2019-07-25,2019-07-25 09:41:30,0.17,1.1333,2738,0.16,1.0666,619,0.16,1.0666,1,0.165,1.1,748,0
SPY190726P298,2019-07-25,2019-07-25 09:41:31,0.17,1.1333,2074,0.16,1.0666,1665,0.16,1.0666,1,0.165,1.1,748,0
SPY190726P298,2019-07-25,2019-07-25 09:41:32,0.17,1.1333,2774,0.16,1.0666,2481,0.16,1.0666,1,0.165,1.1,748,0
SPY190726P298,2019-07-25,2019-07-25 09:41:33,0.17,1.1333,2774,0.16,1.0666,1173,0.16,1.0666,1,0.165,1.1,748,0
SPY190726P298,2019-07-25,2019-07-25 09:41:33,0.17,1.1333,2774,0.16,1.0666,1170,0.16,1.0666,1,0.165,1.1,748,0
SPY190726P298,2019-07-25,2019-07-25 09:41:34,0.17,1.1333,2774,0.16,1.0666,972,0.17,1.1333,54,0.165,1.1,1748,1000
SPY190726P298,2019-07-25,2019-07-25 09:41:35,0.17,1.1333,2774,0.16,1.0666,972,0.17,1.1333,54,0.165,1.1,1748,0
SPY190726P298,2019-07-25,2019-07-25 09:41:35,0.17,1.1333,2824,0.16,1.0666,936,0.17,1.1333,54,0.165,1.1,1748,0
SPY190726P298,2019-07-25,2019-07-25 09:41:36,0.17,1.1333,2035,0.16,1.0666,2338,0.17,1.1333,54,0.165,1.1,1748,0
SPY190726P298,2019-07-25,2019-07-25 09:41:37,0.17,1.1333,2193,0.16,1.0666,3204,0.17,1.1333,54,0.165,1.1,1748,0
SPY190726P298,2019-07-25,2019-07-25 09:41:37,0.17,1.1333,2035,0.16,1.0666,3204,0.17,1.1333,54,0.165,1.1,1748,0
SPY190726P298,2019-07-25,2019-07-25 09:41:38,0.17,1.1333,2193,0.16,1.0666,3204,0.17,1.1333,54,0.165,1.1,1748,0
SPY190726P298,2019-07-25,2019-07-25 09:41:39,0.17,1.1333,3087,0.16,1.0666,4265,0.17,1.1333,54,0.165,1.1,1748,0
SPY190726P298,2019-07-25,2019-07-25 09:41:39,0.17,1.1333,1603,0.16,1.0666,3083,0.17,1.1333,54,0.165,1.1,1748,0
SPY190726P298,2019-07-25,2019-07-25 09:41:40,0.17,1.1333,1653,0.16,1.0666,3133,0.17,1.1333,54,0.165,1.1,1748,0
SPY190726P298,2019-07-25,2019-07-25 09:41:41,0.17,1.1333,1643,0.16,1.0666,3083,0.17,1.1333,54,0.165,1.1,1748,0
SPY190726P298,2019-07-25,2019-07-25 09:41:42,0.17,1.1333,2135,0.16,1.0666,3083,0.17,1.1333,54,0.165,1.1,1748,0
SPY190726P298,2019-07-25,2019-07-25 09:41:43,0.17,1.1333,2813,0.16,1.0666,1154,0.17,1.1333,54,0.165,1.1,1748,0
SPY190726P298,2019-07-25,2019-07-25 09:41:44,0.17,1.1333,2813,0.16,1.0666,1644,0.17,1.1333,54,0.165,1.1,1748,0
SPY190726P298,2019-07-25,2019-07-25 09:41:44,0.17,1.1333,2813,0.16,1.0666,1603,0.17,1.1333,54,0.165,1.1,1748,0
SPY190726P298,2019-07-25,2019-07-25 09:41:46,0.17,1.1333,2465,0.16,1.0666,3388,0.17,1.1333,54,0.165,1.1,1748,0
SPY190726P298,2019-07-25,2019-07-25 09:41:46,0.17,1.1333,2319,0.16,1.0666,4545,0.17,1.1333,54,0.165,1.1,1748,0
SPY190726P298,2019-07-25,2019-07-25 09:41:47,0.17,1.1333,2320,0.16,1.0666,4722,0.17,1.1333,54,0.165,1.1,1748,0
SPY190726P298,2019-07-25,2019-07-25 09:41:48,0.17,1.1333,1795,0.16,1.0666,3493,0.17,1.1333,54,0.165,1.1,1748,0
SPY190726P298,2019-07-25,2019-07-25 09:41:49,0.17,1.1333,1434,0.16,1.0666,3493,0.17,1.1333,54,0.165,1.1,1748,0
SPY190726P298,2019-07-25,2019-07-25 09:41:50,0.17,1.1333,2835,0.16,1.0666,3374,0.17,1.1333,54,0.165,1.1,1748,0
SPY190726P298,2019-07-25,2019-07-25 09:41:50,0.17,1.1333,2040,0.16,1.0666,3493,0.17,1.1333,54,0.165,1.1,1748,0
SPY190726P298,2019-07-25,2019-07-25 09:41:51,0.17,1.1333,2719,0.16,1.0666,4355,0.17,1.1333,54,0.165,1.1,1748,0
SPY190726P298,2019-07-25,2019-07-25 09:41:52,0.17,1.1333,2718,0.16,1.0666,4596,0.17,1.1333,54,0.165,1.1,1748,0
SPY190726P298,2019-07-25,2019-07-25 09:41:52,0.17,1.1333,2595,0.16,1.0666,4308,0.17,1.1333,54,0.165,1.1,1748,0
SPY190726P298,2019-07-25,2019-07-25 09:41:53,0.17,1.1333,2670,0.16,1.0666,741,0.17,1.1333,54,0.165,1.1,1748,0
SPY190726P298,2019-07-25,2019-07-25 09:41:54,0.17,1.1333,3800,0.16,1.0666,423,0.17,1.1333,54,0.165,1.1,1748,0
SPY190726P298,2019-07-25,2019-07-25 09:41:54,0.17,1.1333,3808,0.16,1.0666,680,0.17,1.1333,54,0.165,1.1,1748,0
SPY190726P298,2019-07-25,2019-07-25 09:41:55,0.17,1.1333,3941,0.16,1.0666,423,0.17,1.1333,54,0.165,1.1,1748,0
SPY190726P298,2019-07-25,2019-07-25 09:41:55,0.17,1.1333,4065,0.16,1.0666,222,0.17,1.1333,54,0.165,1.1,1748,0
SPY190726P298,2019-07-25,2019-07-25 09:41:56,0.17,1.1333,4069,0.16,1.0666,365,0.17,1.1333,54,0.165,1.1,1748,0
SPY190726P298,2019-07-25,2019-07-25 09:41:58,0.17,1.1333,1835,0.16,1.0666,428,0.17,1.1333,54,0.165,1.1,1748,0
SPY190726P298,2019-07-25,2019-07-25 09:41:59,0.17,1.1333,3999,0.16,1.0666,365,0.17,1.1333,54,0.165,1.1,1748,0
SPY190726P298,2019-07-25,2019-07-25 09:41:59,0.17,1.1333,3424,0.16,1.0666,365,0.17,1.1333,54,0.165,1.1,1748,0
SPY190726P298,2019-07-25,2019-07-25 09:42:00,0.17,1.1333,3718,0.16,1.0666,365,0.17,1.1333,54,0.165,1.1,1748,0
SPY190726P298,2019-07-25,2019-07-25 09:42:01,0.17,1.1333,3345,0.16,1.0666,1504,0.17,1.1333,54,0.165,1.1,1748,0
SPY190726P298,2019-07-25,2019-07-25 09:42:01,0.17,1.1333,3346,0.16,1.0666,1504,0.17,1.1333,54,0.165,1.1,1748,0
SPY190726P298,2019-07-25,2019-07-25 09:42:02,0.17,1.1333,3013,0.16,1.0666,1504,0.16,1.0666,3,0.165,1.1,1751,3
SPY190726P298,2019-07-25,2019-07-25 09:42:03,0.17,1.1333,3172,0.16,1.0666,1504,0.16,1.0666,3,0.165,1.1,1751,0
SPY190726P298,2019-07-25,2019-07-25 09:42:04,0.17,1.1333,3881,0.16,1.0666,933,0.16,1.0666,3,0.165,1.1,1751,0
SPY190726P298,2019-07-25,2019-07-25 09:42:04,0.17,1.1333,1199,0.16,1.0666,800,0.16,1.0666,3,0.165,1.1,1751,0
SPY190726P298,2019-07-25,2019-07-25 09:42:05,0.17,1.1333,1588,0.16,1.0666,3221,0.16,1.0666,3,0.165,1.1,1751,0
SPY190726P298,2019-07-25,2019-07-25 09:42:05,0.17,1.1333,2901,0.16,1.0666,3458,0.16,1.0666,3,0.165,1.1,1751,0
SPY190726P298,2019-07-25,2019-07-25 09:42:06,0.17,1.1333,2802,0.16,1.0666,4480,0.16,1.0666,3,0.165,1.1,1751,0
SPY190726P298,2019-07-25,2019-07-25 09:42:07,0.17,1.1333,2771,0.16,1.0666,3289,0.16,1.0666,3,0.165,1.1,1751,0
SPY190726P298,2019-07-25,2019-07-25 09:42:07,0.17,1.1333,2802,0.16,1.0666,4836,0.16,1.0666,3,0.165,1.1,1751,0
SPY190726P298,2019-07-25,2019-07-25 09:42:08,0.17,1.1333,992,0.16,1.0666,4833,0.16,1.0666,3,0.165,1.1,1751,0
SPY190726P298,2019-07-25,2019-07-25 09:42:09,0.17,1.1333,1473,0.16,1.0666,5036,0.16,1.0666,2,0.165,1.1,1753,2
SPY190726P298,2019-07-25,2019-07-25 09:42:10,0.17,1.1333,211,0.16,1.0666,5559,0.16,1.0666,2,0.165,1.1,1753,0
SPY190726P298,2019-07-25,2019-07-25 09:42:11,0.17,1.1333,307,0.16,1.0666,3129,0.16,1.0666,2,0.165,1.1,1753,0
SPY190726P298,2019-07-25,2019-07-25 09:42:11,0.17,1.1333,642,0.16,1.0666,2814,0.16,1.0666,2,0.165,1.1,1753,0
SPY190726P298,2019-07-25,2019-07-25 09:42:12,0.17,1.1333,2235,0.16,1.0666,2639,0.16,1.0666,2,0.165,1.1,1753,0
SPY190726P298,2019-07-25,2019-07-25 09:42:12,0.17,1.1333,4263,0.16,1.0666,365,0.16,1.0666,2,0.165,1.1,1753,0
SPY190726P298,2019-07-25,2019-07-25 09:42:13,0.17,1.1333,4356,0.16,1.0666,365,0.16,1.0666,2,0.165,1.1,1753,0
SPY190726P298,2019-07-25,2019-07-25 09:42:14,0.17,1.1333,3464,0.16,1.0666,900,0.16,1.0666,2,0.165,1.1,1753,0
SPY190726P298,2019-07-25,2019-07-25 09:42:14,0.17,1.1333,3464,0.16,1.0666,910,0.16,1.0666,2,0.165,1.1,1753,0
SPY190726P298,2019-07-25,2019-07-25 09:42:15,0.17,1.1333,3620,0.16,1.0666,1117,0.16,1.0666,2,0.165,1.1,1753,0
SPY190726P298,2019-07-25,2019-07-25 09:42:15,0.17,1.1333,3620,0.16,1.0666,910,0.16,1.0666,2,0.165,1.1,1753,0
SPY190726P298,2019-07-25,2019-07-25 09:42:16,0.17,1.1333,3620,0.16,1.0666,1117,0.16,1.0666,2,0.165,1.1,1753,0
SPY190726P298,2019-07-25,2019-07-25 09:42:17,0.17,1.1333,3620,0.16,1.0666,1484,0.16,1.0666,2,0.165,1.1,1753,0
SPY190726P298,2019-07-25,2019-07-25 09:42:18,0.17,1.1333,1643,0.16,1.0666,2791,0.16,1.0666,2,0.165,1.1,1753,0
SPY190726P298,2019-07-25,2019-07-25 09:42:19,0.17,1.1333,2828,0.16,1.0666,5120,0.16,1.0666,2,0.165,1.1,1753,0
SPY190726P298,2019-07-25,2019-07-25 09:42:19,0.17,1.1333,3234,0.16,1.0666,3745,0.16,1.0666,2,0.165,1.1,1753,0
SPY190726P298,2019-07-25,2019-07-25 09:42:20,0.17,1.1333,1871,0.16,1.0666,3952,0.16,1.0666,2,0.165,1.1,1753,0
SPY190726P298,2019-07-25,2019-07-25 09:42:21,0.17,1.1333,1871,0.16,1.0666,3352,0.16,1.0666,2,0.165,1.1,1753,0
SPY190726P298,2019-07-25,2019-07-25 09:42:22,0.17,1.1333,2828,0.16,1.0666,4592,0.16,1.0666,2,0.165,1.1,1753,0
SPY190726P298,2019-07-25,2019-07-25 09:42:22,0.17,1.1333,2819,0.16,1.0666,4575,0.16,1.0666,2,0.165,1.1,1753,0
SPY190726P298,2019-07-25,2019-07-25 09:42:23,0.17,1.1333,2982,0.16,1.0666,4575,0.16,1.0666,2,0.165,1.1,1753,0
SPY190726P298,2019-07-25,2019-07-25 09:42:23,0.17,1.1333,2819,0.16,1.0666,4575,0.16,1.0666,2,0.165,1.1,1753,0
SPY190726P298,2019-07-25,2019-07-25 09:42:24,0.17,1.1333,566,0.16,1.0666,3941,0.16,1.0666,2,0.165,1.1,1753,0
SPY190726P298,2019-07-25,2019-07-25 09:42:25,0.17,1.1333,185,0.16,1.0666,3941,0.16,1.0666,2,0.165,1.1,1753,0
SPY190726P298,2019-07-25,2019-07-25 09:42:25,0.17,1.1333,909,0.16,1.0666,5243,0.16,1.0666,2,0.165,1.1,1753,0
SPY190726P298,2019-07-25,2019-07-25 09:42:26,0.17,1.1333,169,0.16,1.0666,4775,0.16,1.0666,2,0.165,1.1,1753,0
SPY190726P298,2019-07-25,2019-07-25 09:42:27,0.17,1.1333,251,0.16,1.0666,5893,0.16,1.0666,2,0.165,1.1,1753,0
SPY190726P298,2019-07-25,2019-07-25 09:42:27,0.17,1.1333,222,0.16,1.0666,4985,0.16,1.0666,2,0.165,1.1,1753,0
SPY190726P298,2019-07-25,2019-07-25 09:42:28,0.17,1.1333,251,0.16,1.0666,5742,0.16,1.0666,2,0.165,1.1,1753,0
SPY190726P298,2019-07-25,2019-07-25 09:42:29,0.17,1.1333,251,0.16,1.0666,5504,0.16,1.0666,2,0.165,1.1,1753,0
SPY190726P298,2019-07-25,2019-07-25 09:42:30,0.17,1.1333,178,0.16,1.0666,4175,0.16,1.0666,2,0.165,1.1,1753,0
SPY190726P298,2019-07-25,2019-07-25 09:42:31,0.17,1.1333,256,0.16,1.0666,5504,0.16,1.0666,2,0.165,1.1,1753,0
SPY190726P298,2019-07-25,2019-07-25 09:42:31,0.17,1.1333,178,0.16,1.0666,5504,0.16,1.0666,2,0.165,1.1,1753,0
SPY190726P298,2019-07-25,2019-07-25 09:42:32,0.17,1.1333,178,0.16,1.0666,4309,0.16,1.0666,2,0.165,1.1,1753,0
SPY190726P298,2019-07-25,2019-07-25 09:42:33,0.17,1.1333,169,0.16,1.0666,4186,0.16,1.0666,2,0.165,1.1,1753,0
SPY190726P298,2019-07-25,2019-07-25 09:42:33,0.17,1.1333,178,0.16,1.0666,4309,0.16,1.0666,2,0.165,1.1,1753,0
SPY190726P298,2019-07-25,2019-07-25 09:42:34,0.17,1.1333,178,0.16,1.0666,4186,0.16,1.0666,2,0.165,1.1,1753,0
SPY190726P298,2019-07-25,2019-07-25 09:42:35,0.18,1.2,1361,0.17,1.1333,7,0.16,1.0666,2,0.175,1.1666,1753,0
SPY190726P298,2019-07-25,2019-07-25 09:42:35,0.18,1.2,1248,0.16,1.0666,3556,0.16,1.0666,2,0.17,1.1333,1753,0
SPY190726P298,2019-07-25,2019-07-25 09:42:36,0.18,1.2,1086,0.17,1.1333,4188,0.16,1.0666,2,0.175,1.1666,1753,0
SPY190726P298,2019-07-25,2019-07-25 09:42:36,0.18,1.2,1432,0.17,1.1333,3798,0.16,1.0666,2,0.175,1.1666,1753,0
SPY190726P298,2019-07-25,2019-07-25 09:42:37,0.18,1.2,1432,0.17,1.1333,3798,0.16,1.0666,2,0.175,1.1666,1753,0
SPY190726P298,2019-07-25,2019-07-25 09:42:38,0.18,1.2,1484,0.17,1.1333,3812,0.16,1.0666,2,0.175,1.1666,1753,0
SPY190726P298,2019-07-25,2019-07-25 09:42:39,0.18,1.2,1340,0.17,1.1333,3812,0.16,1.0666,2,0.175,1.1666,1753,0
SPY190726P298,2019-07-25,2019-07-25 09:42:40,0.18,1.2,1340,0.17,1.1333,1733,0.16,1.0666,2,0.175,1.1666,1753,0
SPY190726P298,2019-07-25,2019-07-25 09:42:41,0.18,1.2,48,0.17,1.1333,3481,0.16,1.0666,2,0.175,1.1666,1753,0
SPY190726P298,2019-07-25,2019-07-25 09:42:41,0.19,1.2666,880,0.18,1.2,1709,0.16,1.0666,2,0.185,1.2333,1753,0
SPY190726P298,2019-07-25,2019-07-25 09:42:42,0.19,1.2666,866,0.18,1.2,2577,0.16,1.0666,2,0.185,1.2333,1753,0
