symbol,Date,quote_time,ask_price,norm_ask_price,ask_size,bid_price,norm_bid_price,bid_size,last_trade_price,norm_last_trade_price,last_trade_size,mark_price,norm_mark_price,volume,Volume
IWM191004P142,2019-10-02,2019-10-02 09:30:01,0.12,1.0,37,0.06,0.5,37,0.07,0.5833,1,0.09,0.75,0,0
IWM191004P142,2019-10-02,2019-10-02 09:30:02,0.12,1.0,37,0.06,0.5,37,0.07,0.5833,1,0.09,0.75,0,0
IWM191004P142,2019-10-02,2019-10-02 09:30:03,0.12,1.0,37,0.06,0.5,37,0.07,0.5833,1,0.09,0.75,0,0
IWM191004P142,2019-10-02,2019-10-02 09:30:04,0.12,1.0,46,0.06,0.5,46,0.07,0.5833,1,0.09,0.75,0,0
IWM191004P142,2019-10-02,2019-10-02 09:30:04,0.12,1.0,37,0.06,0.5,37,0.07,0.5833,1,0.09,0.75,0,0
IWM191004P142,2019-10-02,2019-10-02 09:30:05,0.16,1.3333,500,0.04,0.3333,500,0.07,0.5833,1,0.1,0.8333,0,0
IWM191004P142,2019-10-02,2019-10-02 09:30:05,0.17,1.4166,500,0.08,0.6666,8,0.07,0.5833,1,0.125,1.0416,0,0
IWM191004P142,2019-10-02,2019-10-02 09:30:06,0.16,1.3333,500,0.04,0.3333,500,0.07,0.5833,1,0.1,0.8333,0,0
IWM191004P142,2019-10-02,2019-10-02 09:30:07,0.12,1.0,225,0.09,0.75,240,0.07,0.5833,1,0.105,0.875,0,0
IWM191004P142,2019-10-02,2019-10-02 09:30:07,0.12,1.0,225,0.09,0.75,225,0.07,0.5833,1,0.105,0.875,0,0
IWM191004P142,2019-10-02,2019-10-02 09:30:08,0.12,1.0,614,0.09,0.75,573,0.07,0.5833,1,0.105,0.875,0,0
IWM191004P142,2019-10-02,2019-10-02 09:30:08,0.12,1.0,297,0.09,0.75,297,0.07,0.5833,1,0.105,0.875,0,0
IWM191004P142,2019-10-02,2019-10-02 09:30:09,0.12,1.0,684,0.09,0.75,573,0.07,0.5833,1,0.105,0.875,0,0
IWM191004P142,2019-10-02,2019-10-02 09:30:10,0.12,1.0,621,0.09,0.75,297,0.07,0.5833,1,0.105,0.875,0,0
IWM191004P142,2019-10-02,2019-10-02 09:30:10,0.12,1.0,652,0.09,0.75,297,0.07,0.5833,1,0.105,0.875,0,0
IWM191004P142,2019-10-02,2019-10-02 09:30:11,0.12,1.0,636,0.09,0.75,297,0.07,0.5833,1,0.105,0.875,0,0
IWM191004P142,2019-10-02,2019-10-02 09:30:11,0.12,1.0,631,0.09,0.75,297,0.07,0.5833,1,0.105,0.875,0,0
IWM191004P142,2019-10-02,2019-10-02 09:30:12,0.12,1.0,286,0.09,0.75,631,0.07,0.5833,1,0.105,0.875,0,0
IWM191004P142,2019-10-02,2019-10-02 09:30:12,0.12,1.0,676,0.09,0.75,633,0.07,0.5833,1,0.105,0.875,0,0
IWM191004P142,2019-10-02,2019-10-02 09:30:13,0.12,1.0,286,0.09,0.75,631,0.07,0.5833,1,0.105,0.875,0,0
IWM191004P142,2019-10-02,2019-10-02 09:30:14,0.12,1.0,310,0.09,0.75,701,0.07,0.5833,1,0.105,0.875,0,0
IWM191004P142,2019-10-02,2019-10-02 09:30:14,0.12,1.0,260,0.09,0.75,631,0.07,0.5833,1,0.105,0.875,0,0
IWM191004P142,2019-10-02,2019-10-02 09:30:15,0.12,1.0,101,0.1,0.8333,377,0.07,0.5833,1,0.11,0.9166,0,0
IWM191004P142,2019-10-02,2019-10-02 09:30:15,0.12,1.0,50,0.09,0.75,701,0.07,0.5833,1,0.105,0.875,0,0
IWM191004P142,2019-10-02,2019-10-02 09:30:16,0.12,1.0,20,0.1,0.8333,482,0.07,0.5833,1,0.11,0.9166,0,0
IWM191004P142,2019-10-02,2019-10-02 09:30:17,0.12,1.0,20,0.1,0.8333,911,0.07,0.5833,1,0.11,0.9166,0,0
IWM191004P142,2019-10-02,2019-10-02 09:30:17,0.13,1.0833,1165,0.1,0.8333,581,0.07,0.5833,1,0.115,0.9583,0,0
IWM191004P142,2019-10-02,2019-10-02 09:30:18,0.13,1.0833,699,0.1,0.8333,800,0.07,0.5833,1,0.115,0.9583,0,0
IWM191004P142,2019-10-02,2019-10-02 09:30:19,0.13,1.0833,759,0.1,0.8333,911,0.07,0.5833,1,0.115,0.9583,0,0
IWM191004P142,2019-10-02,2019-10-02 09:30:20,0.13,1.0833,1184,0.1,0.8333,180,0.07,0.5833,1,0.115,0.9583,0,0
IWM191004P142,2019-10-02,2019-10-02 09:30:20,0.13,1.0833,1109,0.1,0.8333,911,0.07,0.5833,1,0.115,0.9583,0,0
IWM191004P142,2019-10-02,2019-10-02 09:30:21,0.13,1.0833,1164,0.1,0.8333,456,0.07,0.5833,1,0.115,0.9583,0,0
IWM191004P142,2019-10-02,2019-10-02 09:30:21,0.13,1.0833,1164,0.1,0.8333,437,0.07,0.5833,1,0.115,0.9583,0,0
IWM191004P142,2019-10-02,2019-10-02 09:30:22,0.13,1.0833,1164,0.1,0.8333,571,0.07,0.5833,1,0.115,0.9583,0,0
IWM191004P142,2019-10-02,2019-10-02 09:30:22,0.13,1.0833,1164,0.1,0.8333,456,0.07,0.5833,1,0.115,0.9583,0,0
IWM191004P142,2019-10-02,2019-10-02 09:30:23,0.13,1.0833,1181,0.1,0.8333,297,0.07,0.5833,1,0.115,0.9583,0,0
IWM191004P142,2019-10-02,2019-10-02 09:30:23,0.13,1.0833,1164,0.1,0.8333,802,0.07,0.5833,1,0.115,0.9583,0,0
IWM191004P142,2019-10-02,2019-10-02 09:30:24,0.13,1.0833,952,0.09,0.75,374,0.07,0.5833,1,0.11,0.9166,0,0
IWM191004P142,2019-10-02,2019-10-02 09:30:24,0.13,1.0833,1181,0.1,0.8333,297,0.07,0.5833,1,0.115,0.9583,0,0
IWM191004P142,2019-10-02,2019-10-02 09:30:25,0.13,1.0833,764,0.1,0.8333,469,0.07,0.5833,1,0.115,0.9583,0,0
IWM191004P142,2019-10-02,2019-10-02 09:30:25,0.13,1.0833,764,0.1,0.8333,946,0.07,0.5833,1,0.115,0.9583,0,0
IWM191004P142,2019-10-02,2019-10-02 09:30:26,0.13,1.0833,764,0.1,0.8333,926,0.07,0.5833,1,0.115,0.9583,0,0
IWM191004P142,2019-10-02,2019-10-02 09:30:27,0.13,1.0833,1094,0.1,0.8333,1006,0.07,0.5833,1,0.115,0.9583,0,0
IWM191004P142,2019-10-02,2019-10-02 09:30:28,0.13,1.0833,1094,0.1,0.8333,975,0.07,0.5833,1,0.115,0.9583,0,0
IWM191004P142,2019-10-02,2019-10-02 09:30:28,0.13,1.0833,1094,0.1,0.8333,999,0.07,0.5833,1,0.115,0.9583,0,0
IWM191004P142,2019-10-02,2019-10-02 09:30:29,0.13,1.0833,1094,0.1,0.8333,999,0.07,0.5833,1,0.115,0.9583,0,0
IWM191004P142,2019-10-02,2019-10-02 09:30:30,0.13,1.0833,1094,0.1,0.8333,1036,0.07,0.5833,1,0.115,0.9583,0,0
IWM191004P142,2019-10-02,2019-10-02 09:30:31,0.13,1.0833,1094,0.1,0.8333,1036,0.07,0.5833,1,0.115,0.9583,0,0
IWM191004P142,2019-10-02,2019-10-02 09:30:31,0.13,1.0833,800,0.1,0.8333,467,0.07,0.5833,1,0.115,0.9583,0,0
IWM191004P142,2019-10-02,2019-10-02 09:30:32,0.13,1.0833,889,0.1,0.8333,376,0.07,0.5833,1,0.115,0.9583,0,0
IWM191004P142,2019-10-02,2019-10-02 09:30:33,0.13,1.0833,800,0.1,0.8333,160,0.07,0.5833,1,0.115,0.9583,0,0
IWM191004P142,2019-10-02,2019-10-02 09:30:33,0.13,1.0833,1515,0.1,0.8333,468,0.07,0.5833,1,0.115,0.9583,0,0
IWM191004P142,2019-10-02,2019-10-02 09:30:34,0.13,1.0833,1192,0.1,0.8333,711,0.07,0.5833,1,0.115,0.9583,0,0
IWM191004P142,2019-10-02,2019-10-02 09:30:34,0.13,1.0833,1215,0.1,0.8333,700,0.07,0.5833,1,0.115,0.9583,0,0
IWM191004P142,2019-10-02,2019-10-02 09:30:35,0.12,1.0,20,0.1,0.8333,721,0.07,0.5833,1,0.11,0.9166,0,0
IWM191004P142,2019-10-02,2019-10-02 09:30:35,0.13,1.0833,1212,0.1,0.8333,858,0.07,0.5833,1,0.115,0.9583,0,0
IWM191004P142,2019-10-02,2019-10-02 09:30:36,0.12,1.0,20,0.1,0.8333,717,0.07,0.5833,1,0.11,0.9166,0,0
IWM191004P142,2019-10-02,2019-10-02 09:30:36,0.12,1.0,20,0.1,0.8333,1035,0.07,0.5833,1,0.11,0.9166,0,0
IWM191004P142,2019-10-02,2019-10-02 09:30:37,0.12,1.0,20,0.1,0.8333,1008,0.07,0.5833,1,0.11,0.9166,0,0
IWM191004P142,2019-10-02,2019-10-02 09:30:37,0.12,1.0,20,0.1,0.8333,988,0.07,0.5833,1,0.11,0.9166,0,0
IWM191004P142,2019-10-02,2019-10-02 09:30:38,0.12,1.0,20,0.1,0.8333,1084,0.07,0.5833,1,0.11,0.9166,0,0
IWM191004P142,2019-10-02,2019-10-02 09:30:38,0.13,1.0833,1113,0.1,0.8333,1084,0.07,0.5833,1,0.115,0.9583,0,0
IWM191004P142,2019-10-02,2019-10-02 09:30:39,0.12,1.0,20,0.1,0.8333,1084,0.07,0.5833,1,0.11,0.9166,0,0
IWM191004P142,2019-10-02,2019-10-02 09:30:39,0.12,1.0,20,0.11,0.9166,219,0.07,0.5833,1,0.115,0.9583,0,0
IWM191004P142,2019-10-02,2019-10-02 09:30:40,0.12,1.0,20,0.11,0.9166,229,0.07,0.5833,1,0.115,0.9583,0,0
IWM191004P142,2019-10-02,2019-10-02 09:30:40,0.12,1.0,20,0.11,0.9166,340,0.07,0.5833,1,0.115,0.9583,0,0
IWM191004P142,2019-10-02,2019-10-02 09:30:41,0.12,1.0,20,0.11,0.9166,533,0.07,0.5833,1,0.115,0.9583,0,0
IWM191004P142,2019-10-02,2019-10-02 09:30:41,0.12,1.0,20,0.11,0.9166,340,0.07,0.5833,1,0.115,0.9583,0,0
IWM191004P142,2019-10-02,2019-10-02 09:30:42,0.12,1.0,20,0.11,0.9166,139,0.07,0.5833,1,0.115,0.9583,0,0
IWM191004P142,2019-10-02,2019-10-02 09:30:42,0.12,1.0,20,0.11,0.9166,104,0.07,0.5833,1,0.115,0.9583,0,0
IWM191004P142,2019-10-02,2019-10-02 09:30:43,0.12,1.0,20,0.11,0.9166,104,0.07,0.5833,1,0.115,0.9583,0,0
IWM191004P142,2019-10-02,2019-10-02 09:30:43,0.13,1.0833,503,0.11,0.9166,475,0.07,0.5833,1,0.12,1.0,0,0
IWM191004P142,2019-10-02,2019-10-02 09:30:44,0.12,1.0,20,0.11,0.9166,374,0.07,0.5833,1,0.115,0.9583,0,0
IWM191004P142,2019-10-02,2019-10-02 09:30:44,0.12,1.0,20,0.11,0.9166,104,0.07,0.5833,1,0.115,0.9583,0,0
IWM191004P142,2019-10-02,2019-10-02 09:30:45,0.12,1.0,20,0.11,0.9166,374,0.07,0.5833,1,0.115,0.9583,0,0
IWM191004P142,2019-10-02,2019-10-02 09:30:46,0.12,1.0,20,0.11,0.9166,374,0.07,0.5833,1,0.115,0.9583,0,0
IWM191004P142,2019-10-02,2019-10-02 09:30:47,0.12,1.0,20,0.11,0.9166,429,0.07,0.5833,1,0.115,0.9583,0,0
IWM191004P142,2019-10-02,2019-10-02 09:30:47,0.12,1.0,20,0.11,0.9166,284,0.07,0.5833,1,0.115,0.9583,0,0
IWM191004P142,2019-10-02,2019-10-02 09:30:48,0.12,1.0,20,0.1,0.8333,664,0.07,0.5833,1,0.11,0.9166,0,0
IWM191004P142,2019-10-02,2019-10-02 09:30:48,0.12,1.0,20,0.11,0.9166,284,0.07,0.5833,1,0.115,0.9583,0,0
IWM191004P142,2019-10-02,2019-10-02 09:30:49,0.12,1.0,20,0.1,0.8333,664,0.07,0.5833,1,0.11,0.9166,0,0
IWM191004P142,2019-10-02,2019-10-02 09:30:49,0.12,1.0,20,0.1,0.8333,1073,0.07,0.5833,1,0.11,0.9166,0,0
IWM191004P142,2019-10-02,2019-10-02 09:30:50,0.12,1.0,20,0.1,0.8333,993,0.07,0.5833,1,0.11,0.9166,0,0
IWM191004P142,2019-10-02,2019-10-02 09:30:51,0.13,1.0833,1134,0.1,0.8333,1040,0.07,0.5833,1,0.115,0.9583,0,0
IWM191004P142,2019-10-02,2019-10-02 09:30:52,0.12,1.0,20,0.1,0.8333,1040,0.07,0.5833,1,0.11,0.9166,0,0
IWM191004P142,2019-10-02,2019-10-02 09:30:52,0.13,1.0833,1134,0.1,0.8333,1040,0.07,0.5833,1,0.115,0.9583,0,0
IWM191004P142,2019-10-02,2019-10-02 09:30:53,0.12,1.0,10,0.1,0.8333,1040,0.07,0.5833,1,0.11,0.9166,0,0
IWM191004P142,2019-10-02,2019-10-02 09:30:53,0.12,1.0,20,0.1,0.8333,954,0.07,0.5833,1,0.11,0.9166,0,0
IWM191004P142,2019-10-02,2019-10-02 09:30:54,0.12,1.0,20,0.1,0.8333,954,0.07,0.5833,1,0.11,0.9166,0,0
IWM191004P142,2019-10-02,2019-10-02 09:30:55,0.12,1.0,20,0.1,0.8333,954,0.07,0.5833,1,0.11,0.9166,0,0
IWM191004P142,2019-10-02,2019-10-02 09:30:56,0.12,1.0,20,0.1,0.8333,954,0.07,0.5833,1,0.11,0.9166,0,0
IWM191004P142,2019-10-02,2019-10-02 09:30:56,0.12,1.0,20,0.1,0.8333,1028,0.07,0.5833,1,0.11,0.9166,0,0
IWM191004P142,2019-10-02,2019-10-02 09:30:57,0.12,1.0,20,0.1,0.8333,1028,0.07,0.5833,1,0.11,0.9166,0,0
IWM191004P142,2019-10-02,2019-10-02 09:30:57,0.12,1.0,20,0.1,0.8333,664,0.07,0.5833,1,0.11,0.9166,0,0
IWM191004P142,2019-10-02,2019-10-02 09:30:58,0.12,1.0,20,0.1,0.8333,664,0.07,0.5833,1,0.11,0.9166,0,0
IWM191004P142,2019-10-02,2019-10-02 09:30:58,0.12,1.0,20,0.1,0.8333,1073,0.07,0.5833,1,0.11,0.9166,0,0
IWM191004P142,2019-10-02,2019-10-02 09:30:59,0.12,1.0,20,0.1,0.8333,1073,0.07,0.5833,1,0.11,0.9166,0,0
IWM191004P142,2019-10-02,2019-10-02 09:31:00,0.12,1.0,20,0.1,0.8333,1073,0.07,0.5833,1,0.11,0.9166,0,0
IWM191004P142,2019-10-02,2019-10-02 09:31:01,0.13,1.0833,292,0.1,0.8333,1073,0.07,0.5833,1,0.115,0.9583,0,0
IWM191004P142,2019-10-02,2019-10-02 09:31:01,0.13,1.0833,292,0.1,0.8333,664,0.07,0.5833,1,0.115,0.9583,0,0
IWM191004P142,2019-10-02,2019-10-02 09:31:02,0.12,1.0,20,0.11,0.9166,170,0.07,0.5833,1,0.115,0.9583,0,0
IWM191004P142,2019-10-02,2019-10-02 09:31:02,0.13,1.0833,292,0.1,0.8333,664,0.07,0.5833,1,0.115,0.9583,0,0
IWM191004P142,2019-10-02,2019-10-02 09:31:03,0.13,1.0833,200,0.11,0.9166,522,0.07,0.5833,1,0.12,1.0,0,0
IWM191004P142,2019-10-02,2019-10-02 09:31:03,0.13,1.0833,200,0.11,0.9166,587,0.07,0.5833,1,0.12,1.0,0,0
IWM191004P142,2019-10-02,2019-10-02 09:31:04,0.13,1.0833,235,0.11,0.9166,330,0.07,0.5833,1,0.12,1.0,0,0
IWM191004P142,2019-10-02,2019-10-02 09:31:04,0.13,1.0833,235,0.11,0.9166,158,0.07,0.5833,1,0.12,1.0,0,0
IWM191004P142,2019-10-02,2019-10-02 09:31:05,0.13,1.0833,704,0.11,0.9166,150,0.07,0.5833,1,0.12,1.0,0,0
IWM191004P142,2019-10-02,2019-10-02 09:31:05,0.12,1.0,20,0.11,0.9166,342,0.07,0.5833,1,0.115,0.9583,0,0
IWM191004P142,2019-10-02,2019-10-02 09:31:06,0.13,1.0833,200,0.11,0.9166,448,0.07,0.5833,1,0.12,1.0,0,0
IWM191004P142,2019-10-02,2019-10-02 09:31:06,0.13,1.0833,200,0.11,0.9166,458,0.07,0.5833,1,0.12,1.0,0,0
IWM191004P142,2019-10-02,2019-10-02 09:31:07,0.12,1.0,20,0.11,0.9166,477,0.07,0.5833,1,0.115,0.9583,0,0
IWM191004P142,2019-10-02,2019-10-02 09:31:07,0.13,1.0833,200,0.11,0.9166,158,0.07,0.5833,1,0.12,1.0,0,0
IWM191004P142,2019-10-02,2019-10-02 09:31:08,0.12,1.0,20,0.11,0.9166,290,0.07,0.5833,1,0.115,0.9583,0,0
IWM191004P142,2019-10-02,2019-10-02 09:31:08,0.12,1.0,20,0.11,0.9166,473,0.07,0.5833,1,0.115,0.9583,0,0
IWM191004P142,2019-10-02,2019-10-02 09:31:09,0.12,1.0,20,0.11,0.9166,473,0.07,0.5833,1,0.115,0.9583,0,0
IWM191004P142,2019-10-02,2019-10-02 09:31:10,0.12,1.0,20,0.11,0.9166,473,0.07,0.5833,1,0.115,0.9583,0,0
IWM191004P142,2019-10-02,2019-10-02 09:31:10,0.13,1.0833,200,0.11,0.9166,473,0.07,0.5833,1,0.12,1.0,0,0
IWM191004P142,2019-10-02,2019-10-02 09:31:11,0.13,1.0833,670,0.11,0.9166,408,0.07,0.5833,1,0.12,1.0,0,0
IWM191004P142,2019-10-02,2019-10-02 09:31:12,0.13,1.0833,670,0.11,0.9166,33,0.07,0.5833,1,0.12,1.0,0,0
IWM191004P142,2019-10-02,2019-10-02 09:31:12,0.12,1.0,31,0.1,0.8333,733,0.07,0.5833,1,0.11,0.9166,0,0
IWM191004P142,2019-10-02,2019-10-02 09:31:13,0.12,1.0,20,0.1,0.8333,718,0.07,0.5833,1,0.11,0.9166,0,0
IWM191004P142,2019-10-02,2019-10-02 09:31:13,0.12,1.0,31,0.1,0.8333,733,0.07,0.5833,1,0.11,0.9166,0,0
IWM191004P142,2019-10-02,2019-10-02 09:31:14,0.12,1.0,20,0.1,0.8333,793,0.07,0.5833,1,0.11,0.9166,0,0
IWM191004P142,2019-10-02,2019-10-02 09:31:14,0.12,1.0,20,0.1,0.8333,718,0.07,0.5833,1,0.11,0.9166,0,0
IWM191004P142,2019-10-02,2019-10-02 09:31:15,0.12,1.0,20,0.1,0.8333,408,0.07,0.5833,1,0.11,0.9166,0,0
IWM191004P142,2019-10-02,2019-10-02 09:31:15,0.12,1.0,20,0.1,0.8333,793,0.07,0.5833,1,0.11,0.9166,0,0
IWM191004P142,2019-10-02,2019-10-02 09:31:16,0.12,1.0,20,0.1,0.8333,723,0.07,0.5833,1,0.11,0.9166,0,0
IWM191004P142,2019-10-02,2019-10-02 09:31:16,0.12,1.0,20,0.1,0.8333,793,0.07,0.5833,1,0.11,0.9166,0,0
IWM191004P142,2019-10-02,2019-10-02 09:31:17,0.12,1.0,20,0.1,0.8333,407,0.07,0.5833,1,0.11,0.9166,0,0
IWM191004P142,2019-10-02,2019-10-02 09:31:17,0.12,1.0,20,0.1,0.8333,665,0.07,0.5833,1,0.11,0.9166,0,0
IWM191004P142,2019-10-02,2019-10-02 09:31:18,0.13,1.0833,1196,0.1,0.8333,407,0.07,0.5833,1,0.115,0.9583,0,0
IWM191004P142,2019-10-02,2019-10-02 09:31:18,0.12,1.0,20,0.1,0.8333,558,0.07,0.5833,1,0.11,0.9166,0,0
IWM191004P142,2019-10-02,2019-10-02 09:31:19,0.13,1.0833,1349,0.1,0.8333,698,0.07,0.5833,1,0.115,0.9583,0,0
IWM191004P142,2019-10-02,2019-10-02 09:31:19,0.13,1.0833,1349,0.1,0.8333,718,0.07,0.5833,1,0.115,0.9583,0,0
IWM191004P142,2019-10-02,2019-10-02 09:31:20,0.12,1.0,20,0.1,0.8333,718,0.07,0.5833,1,0.11,0.9166,0,0
IWM191004P142,2019-10-02,2019-10-02 09:31:21,0.13,1.0833,541,0.1,0.8333,562,0.07,0.5833,1,0.115,0.9583,0,0
IWM191004P142,2019-10-02,2019-10-02 09:31:21,0.13,1.0833,1669,0.1,0.8333,788,0.07,0.5833,1,0.115,0.9583,0,0
IWM191004P142,2019-10-02,2019-10-02 09:31:22,0.11,0.9166,20,0.1,0.8333,513,0.07,0.5833,1,0.105,0.875,0,0
IWM191004P142,2019-10-02,2019-10-02 09:31:22,0.12,1.0,20,0.1,0.8333,513,0.07,0.5833,1,0.11,0.9166,0,0
IWM191004P142,2019-10-02,2019-10-02 09:31:23,0.11,0.9166,20,0.1,0.8333,513,0.07,0.5833,1,0.105,0.875,0,0
IWM191004P142,2019-10-02,2019-10-02 09:31:24,0.11,0.9166,20,0.1,0.8333,338,0.07,0.5833,1,0.105,0.875,0,0
IWM191004P142,2019-10-02,2019-10-02 09:31:24,0.11,0.9166,20,0.1,0.8333,513,0.07,0.5833,1,0.105,0.875,0,0
IWM191004P142,2019-10-02,2019-10-02 09:31:25,0.11,0.9166,20,0.1,0.8333,65,0.07,0.5833,1,0.105,0.875,0,0
IWM191004P142,2019-10-02,2019-10-02 09:31:25,0.12,1.0,380,0.1,0.8333,65,0.07,0.5833,1,0.11,0.9166,0,0
IWM191004P142,2019-10-02,2019-10-02 09:31:26,0.11,0.9166,20,0.1,0.8333,116,0.07,0.5833,1,0.105,0.875,0,0
IWM191004P142,2019-10-02,2019-10-02 09:31:26,0.12,1.0,571,0.1,0.8333,96,0.07,0.5833,1,0.11,0.9166,0,0
IWM191004P142,2019-10-02,2019-10-02 09:31:27,0.12,1.0,36,0.1,0.8333,722,0.07,0.5833,1,0.11,0.9166,0,0
IWM191004P142,2019-10-02,2019-10-02 09:31:27,0.12,1.0,24,0.1,0.8333,124,0.07,0.5833,1,0.11,0.9166,0,0
IWM191004P142,2019-10-02,2019-10-02 09:31:28,0.12,1.0,20,0.1,0.8333,722,0.07,0.5833,1,0.11,0.9166,0,0
IWM191004P142,2019-10-02,2019-10-02 09:31:29,0.12,1.0,20,0.1,0.8333,1142,0.07,0.5833,1,0.11,0.9166,0,0
IWM191004P142,2019-10-02,2019-10-02 09:31:29,0.12,1.0,20,0.1,0.8333,842,0.07,0.5833,1,0.11,0.9166,0,0
IWM191004P142,2019-10-02,2019-10-02 09:31:30,0.12,1.0,427,0.1,0.8333,862,0.07,0.5833,1,0.11,0.9166,0,0
IWM191004P142,2019-10-02,2019-10-02 09:31:30,0.12,1.0,20,0.1,0.8333,842,0.07,0.5833,1,0.11,0.9166,0,0
IWM191004P142,2019-10-02,2019-10-02 09:31:31,0.12,1.0,180,0.1,0.8333,947,0.07,0.5833,1,0.11,0.9166,0,0
IWM191004P142,2019-10-02,2019-10-02 09:31:32,0.13,1.0833,583,0.1,0.8333,947,0.07,0.5833,1,0.115,0.9583,0,0
IWM191004P142,2019-10-02,2019-10-02 09:31:32,0.12,1.0,20,0.1,0.8333,919,0.07,0.5833,1,0.11,0.9166,0,0
IWM191004P142,2019-10-02,2019-10-02 09:31:33,0.12,1.0,26,0.1,0.8333,919,0.07,0.5833,1,0.11,0.9166,0,0
IWM191004P142,2019-10-02,2019-10-02 09:31:34,0.12,1.0,26,0.11,0.9166,150,0.07,0.5833,1,0.115,0.9583,0,0
IWM191004P142,2019-10-02,2019-10-02 09:31:35,0.12,1.0,30,0.11,0.9166,150,0.07,0.5833,1,0.115,0.9583,0,0
IWM191004P142,2019-10-02,2019-10-02 09:31:35,0.12,1.0,26,0.11,0.9166,150,0.07,0.5833,1,0.115,0.9583,0,0
IWM191004P142,2019-10-02,2019-10-02 09:31:36,0.12,1.0,26,0.11,0.9166,150,0.07,0.5833,1,0.115,0.9583,0,0
IWM191004P142,2019-10-02,2019-10-02 09:31:37,0.12,1.0,26,0.11,0.9166,150,0.07,0.5833,1,0.115,0.9583,0,0
IWM191004P142,2019-10-02,2019-10-02 09:31:38,0.12,1.0,30,0.11,0.9166,41,0.07,0.5833,1,0.115,0.9583,0,0
IWM191004P142,2019-10-02,2019-10-02 09:31:39,0.12,1.0,26,0.11,0.9166,37,0.07,0.5833,1,0.115,0.9583,0,0
IWM191004P142,2019-10-02,2019-10-02 09:31:39,0.12,1.0,20,0.11,0.9166,41,0.07,0.5833,1,0.115,0.9583,0,0
IWM191004P142,2019-10-02,2019-10-02 09:31:40,0.13,1.0833,1408,0.11,0.9166,332,0.07,0.5833,1,0.12,1.0,0,0
IWM191004P142,2019-10-02,2019-10-02 09:31:40,0.12,1.0,26,0.11,0.9166,49,0.07,0.5833,1,0.115,0.9583,0,0
IWM191004P142,2019-10-02,2019-10-02 09:31:41,0.13,1.0833,1340,0.11,0.9166,332,0.07,0.5833,1,0.12,1.0,0,0
IWM191004P142,2019-10-02,2019-10-02 09:31:42,0.13,1.0833,642,0.11,0.9166,571,0.07,0.5833,1,0.12,1.0,0,0
IWM191004P142,2019-10-02,2019-10-02 09:31:43,0.13,1.0833,916,0.11,0.9166,842,0.07,0.5833,1,0.12,1.0,0,0
IWM191004P142,2019-10-02,2019-10-02 09:31:43,0.13,1.0833,936,0.11,0.9166,842,0.07,0.5833,1,0.12,1.0,0,0
IWM191004P142,2019-10-02,2019-10-02 09:31:44,0.13,1.0833,354,0.11,0.9166,530,0.07,0.5833,1,0.12,1.0,0,0
IWM191004P142,2019-10-02,2019-10-02 09:31:44,0.13,1.0833,743,0.11,0.9166,659,0.07,0.5833,1,0.12,1.0,0,0
IWM191004P142,2019-10-02,2019-10-02 09:31:45,0.13,1.0833,1076,0.11,0.9166,659,0.07,0.5833,1,0.12,1.0,0,0
IWM191004P142,2019-10-02,2019-10-02 09:31:45,0.13,1.0833,1212,0.11,0.9166,839,0.07,0.5833,1,0.12,1.0,0,0
IWM191004P142,2019-10-02,2019-10-02 09:31:46,0.13,1.0833,1212,0.11,0.9166,839,0.07,0.5833,1,0.12,1.0,0,0
IWM191004P142,2019-10-02,2019-10-02 09:31:47,0.13,1.0833,1212,0.12,1.0,20,0.07,0.5833,1,0.125,1.0416,0,0
IWM191004P142,2019-10-02,2019-10-02 09:31:48,0.13,1.0833,1212,0.12,1.0,20,0.07,0.5833,1,0.125,1.0416,0,0
IWM191004P142,2019-10-02,2019-10-02 09:31:48,0.13,1.0833,1212,0.12,1.0,10,0.07,0.5833,1,0.125,1.0416,0,0
IWM191004P142,2019-10-02,2019-10-02 09:31:49,0.13,1.0833,1212,0.11,0.9166,1139,0.07,0.5833,1,0.12,1.0,0,0
IWM191004P142,2019-10-02,2019-10-02 09:31:49,0.13,1.0833,1260,0.11,0.9166,916,0.07,0.5833,1,0.12,1.0,0,0
IWM191004P142,2019-10-02,2019-10-02 09:31:50,0.13,1.0833,1209,0.11,0.9166,896,0.07,0.5833,1,0.12,1.0,0,0
IWM191004P142,2019-10-02,2019-10-02 09:31:51,0.13,1.0833,1501,0.11,0.9166,220,0.07,0.5833,1,0.12,1.0,0,0
IWM191004P142,2019-10-02,2019-10-02 09:31:52,0.13,1.0833,1912,0.11,0.9166,220,0.07,0.5833,1,0.12,1.0,0,0
IWM191004P142,2019-10-02,2019-10-02 09:31:53,0.13,1.0833,1743,0.11,0.9166,220,0.07,0.5833,1,0.12,1.0,0,0
IWM191004P142,2019-10-02,2019-10-02 09:31:53,0.13,1.0833,1045,0.11,0.9166,220,0.07,0.5833,1,0.12,1.0,0,0
IWM191004P142,2019-10-02,2019-10-02 09:31:54,0.12,1.0,20,0.11,0.9166,220,0.07,0.5833,1,0.115,0.9583,0,0
IWM191004P142,2019-10-02,2019-10-02 09:31:54,0.13,1.0833,1045,0.11,0.9166,220,0.07,0.5833,1,0.12,1.0,0,0
IWM191004P142,2019-10-02,2019-10-02 09:31:55,0.12,1.0,16,0.11,0.9166,146,0.07,0.5833,1,0.115,0.9583,0,0
IWM191004P142,2019-10-02,2019-10-02 09:31:55,0.12,1.0,16,0.11,0.9166,161,0.07,0.5833,1,0.115,0.9583,0,0
IWM191004P142,2019-10-02,2019-10-02 09:31:56,0.13,1.0833,465,0.11,0.9166,151,0.07,0.5833,1,0.12,1.0,0,0
IWM191004P142,2019-10-02,2019-10-02 09:31:56,0.13,1.0833,347,0.11,0.9166,151,0.07,0.5833,1,0.12,1.0,0,0
IWM191004P142,2019-10-02,2019-10-02 09:31:57,0.13,1.0833,465,0.11,0.9166,220,0.07,0.5833,1,0.12,1.0,0,0
IWM191004P142,2019-10-02,2019-10-02 09:31:58,0.13,1.0833,465,0.11,0.9166,220,0.07,0.5833,1,0.12,1.0,0,0
IWM191004P142,2019-10-02,2019-10-02 09:31:58,0.13,1.0833,607,0.11,0.9166,318,0.07,0.5833,1,0.12,1.0,0,0
IWM191004P142,2019-10-02,2019-10-02 09:31:59,0.13,1.0833,607,0.11,0.9166,318,0.07,0.5833,1,0.12,1.0,0,0
IWM191004P142,2019-10-02,2019-10-02 09:32:00,0.13,1.0833,607,0.11,0.9166,556,0.07,0.5833,1,0.12,1.0,0,0
IWM191004P142,2019-10-02,2019-10-02 09:32:01,0.13,1.0833,180,0.11,0.9166,1097,0.07,0.5833,1,0.12,1.0,0,0
IWM191004P142,2019-10-02,2019-10-02 09:32:01,0.13,1.0833,220,0.12,1.0,20,0.07,0.5833,1,0.125,1.0416,0,0
IWM191004P142,2019-10-02,2019-10-02 09:32:02,0.13,1.0833,293,0.12,1.0,20,0.07,0.5833,1,0.125,1.0416,0,0
IWM191004P142,2019-10-02,2019-10-02 09:32:02,0.13,1.0833,180,0.11,0.9166,1097,0.07,0.5833,1,0.12,1.0,0,0
IWM191004P142,2019-10-02,2019-10-02 09:32:03,0.13,1.0833,222,0.12,1.0,20,0.07,0.5833,1,0.125,1.0416,0,0
IWM191004P142,2019-10-02,2019-10-02 09:32:04,0.13,1.0833,332,0.12,1.0,150,0.07,0.5833,1,0.125,1.0416,0,0
IWM191004P142,2019-10-02,2019-10-02 09:32:04,0.13,1.0833,189,0.12,1.0,20,0.07,0.5833,1,0.125,1.0416,0,0
IWM191004P142,2019-10-02,2019-10-02 09:32:05,0.13,1.0833,251,0.12,1.0,168,0.07,0.5833,1,0.125,1.0416,0,0
IWM191004P142,2019-10-02,2019-10-02 09:32:05,0.13,1.0833,261,0.12,1.0,150,0.07,0.5833,1,0.125,1.0416,0,0
IWM191004P142,2019-10-02,2019-10-02 09:32:06,0.13,1.0833,255,0.12,1.0,170,0.07,0.5833,1,0.125,1.0416,0,0
IWM191004P142,2019-10-02,2019-10-02 09:32:07,0.13,1.0833,136,0.12,1.0,150,0.07,0.5833,1,0.125,1.0416,0,0
IWM191004P142,2019-10-02,2019-10-02 09:32:07,0.13,1.0833,136,0.12,1.0,170,0.07,0.5833,1,0.125,1.0416,0,0
IWM191004P142,2019-10-02,2019-10-02 09:32:08,0.13,1.0833,136,0.12,1.0,160,0.07,0.5833,1,0.125,1.0416,0,0
IWM191004P142,2019-10-02,2019-10-02 09:32:08,0.13,1.0833,136,0.12,1.0,150,0.07,0.5833,1,0.125,1.0416,0,0
IWM191004P142,2019-10-02,2019-10-02 09:32:09,0.13,1.0833,81,0.12,1.0,150,0.07,0.5833,1,0.125,1.0416,0,0
IWM191004P142,2019-10-02,2019-10-02 09:32:09,0.13,1.0833,54,0.12,1.0,150,0.07,0.5833,1,0.125,1.0416,0,0
IWM191004P142,2019-10-02,2019-10-02 09:32:10,0.13,1.0833,57,0.12,1.0,156,0.07,0.5833,1,0.125,1.0416,0,0
IWM191004P142,2019-10-02,2019-10-02 09:32:10,0.13,1.0833,81,0.12,1.0,150,0.07,0.5833,1,0.125,1.0416,0,0
IWM191004P142,2019-10-02,2019-10-02 09:32:11,0.13,1.0833,30,0.12,1.0,164,0.07,0.5833,1,0.125,1.0416,0,0
IWM191004P142,2019-10-02,2019-10-02 09:32:11,0.13,1.0833,20,0.12,1.0,167,0.07,0.5833,1,0.125,1.0416,0,0
IWM191004P142,2019-10-02,2019-10-02 09:32:12,0.13,1.0833,20,0.12,1.0,167,0.07,0.5833,1,0.125,1.0416,0,0
IWM191004P142,2019-10-02,2019-10-02 09:32:12,0.13,1.0833,20,0.12,1.0,168,0.07,0.5833,1,0.125,1.0416,0,0
IWM191004P142,2019-10-02,2019-10-02 09:32:13,0.13,1.0833,20,0.12,1.0,168,0.07,0.5833,1,0.125,1.0416,0,0
IWM191004P142,2019-10-02,2019-10-02 09:32:13,0.13,1.0833,26,0.12,1.0,168,0.07,0.5833,1,0.125,1.0416,0,0
IWM191004P142,2019-10-02,2019-10-02 09:32:14,0.13,1.0833,30,0.12,1.0,168,0.07,0.5833,1,0.125,1.0416,0,0
IWM191004P142,2019-10-02,2019-10-02 09:32:15,0.14,1.1666,738,0.12,1.0,158,0.07,0.5833,1,0.13,1.0833,0,0
IWM191004P142,2019-10-02,2019-10-02 09:32:15,0.13,1.0833,30,0.12,1.0,168,0.07,0.5833,1,0.125,1.0416,0,0
IWM191004P142,2019-10-02,2019-10-02 09:32:16,0.14,1.1666,1107,0.12,1.0,179,0.07,0.5833,1,0.13,1.0833,0,0
IWM191004P142,2019-10-02,2019-10-02 09:32:16,0.14,1.1666,738,0.12,1.0,158,0.07,0.5833,1,0.13,1.0833,0,0
IWM191004P142,2019-10-02,2019-10-02 09:32:17,0.14,1.1666,554,0.12,1.0,474,0.07,0.5833,1,0.13,1.0833,0,0
IWM191004P142,2019-10-02,2019-10-02 09:32:18,0.14,1.1666,1227,0.12,1.0,483,0.07,0.5833,1,0.13,1.0833,0,0
IWM191004P142,2019-10-02,2019-10-02 09:32:19,0.14,1.1666,554,0.12,1.0,500,0.07,0.5833,1,0.13,1.0833,0,0
IWM191004P142,2019-10-02,2019-10-02 09:32:20,0.14,1.1666,275,0.12,1.0,400,0.07,0.5833,1,0.13,1.0833,0,0
IWM191004P142,2019-10-02,2019-10-02 09:32:20,0.14,1.1666,664,0.12,1.0,42,0.07,0.5833,1,0.13,1.0833,0,0
IWM191004P142,2019-10-02,2019-10-02 09:32:21,0.14,1.1666,947,0.12,1.0,352,0.07,0.5833,1,0.13,1.0833,0,0
IWM191004P142,2019-10-02,2019-10-02 09:32:21,0.14,1.1666,664,0.12,1.0,352,0.07,0.5833,1,0.13,1.0833,0,0
IWM191004P142,2019-10-02,2019-10-02 09:32:22,0.14,1.1666,1105,0.12,1.0,180,0.07,0.5833,1,0.13,1.0833,0,0
IWM191004P142,2019-10-02,2019-10-02 09:32:22,0.14,1.1666,1105,0.12,1.0,618,0.07,0.5833,1,0.13,1.0833,0,0
IWM191004P142,2019-10-02,2019-10-02 09:32:23,0.14,1.1666,859,0.13,1.0833,28,0.07,0.5833,1,0.135,1.125,0,0
IWM191004P142,2019-10-02,2019-10-02 09:32:23,0.14,1.1666,285,0.13,1.0833,28,0.07,0.5833,1,0.135,1.125,0,0
IWM191004P142,2019-10-02,2019-10-02 09:32:24,0.14,1.1666,859,0.13,1.0833,28,0.07,0.5833,1,0.135,1.125,0,0
IWM191004P142,2019-10-02,2019-10-02 09:32:24,0.14,1.1666,859,0.12,1.0,472,0.07,0.5833,1,0.13,1.0833,0,0
IWM191004P142,2019-10-02,2019-10-02 09:32:25,0.14,1.1666,327,0.12,1.0,501,0.07,0.5833,1,0.13,1.0833,0,0
IWM191004P142,2019-10-02,2019-10-02 09:32:25,0.14,1.1666,896,0.12,1.0,656,0.07,0.5833,1,0.13,1.0833,0,0
IWM191004P142,2019-10-02,2019-10-02 09:32:26,0.14,1.1666,687,0.12,1.0,670,0.07,0.5833,1,0.13,1.0833,0,0
IWM191004P142,2019-10-02,2019-10-02 09:32:26,0.14,1.1666,683,0.12,1.0,386,0.07,0.5833,1,0.13,1.0833,0,0
IWM191004P142,2019-10-02,2019-10-02 09:32:27,0.13,1.0833,20,0.12,1.0,386,0.07,0.5833,1,0.125,1.0416,0,0
IWM191004P142,2019-10-02,2019-10-02 09:32:27,0.13,1.0833,20,0.12,1.0,315,0.07,0.5833,1,0.125,1.0416,0,0
IWM191004P142,2019-10-02,2019-10-02 09:32:28,0.13,1.0833,20,0.12,1.0,188,0.07,0.5833,1,0.125,1.0416,0,0
IWM191004P142,2019-10-02,2019-10-02 09:32:28,0.14,1.1666,602,0.12,1.0,188,0.07,0.5833,1,0.13,1.0833,0,0
IWM191004P142,2019-10-02,2019-10-02 09:32:29,0.14,1.1666,1249,0.12,1.0,336,0.07,0.5833,1,0.13,1.0833,0,0
IWM191004P142,2019-10-02,2019-10-02 09:32:29,0.14,1.1666,1269,0.12,1.0,341,0.07,0.5833,1,0.13,1.0833,0,0
IWM191004P142,2019-10-02,2019-10-02 09:32:30,0.14,1.1666,1249,0.12,1.0,389,0.07,0.5833,1,0.13,1.0833,0,0
IWM191004P142,2019-10-02,2019-10-02 09:32:30,0.13,1.0833,16,0.12,1.0,21,0.07,0.5833,1,0.125,1.0416,0,0
IWM191004P142,2019-10-02,2019-10-02 09:32:31,0.14,1.1666,608,0.12,1.0,292,0.07,0.5833,1,0.13,1.0833,0,0
IWM191004P142,2019-10-02,2019-10-02 09:32:31,0.13,1.0833,16,0.12,1.0,292,0.07,0.5833,1,0.125,1.0416,0,0
IWM191004P142,2019-10-02,2019-10-02 09:32:32,0.14,1.1666,1037,0.12,1.0,292,0.07,0.5833,1,0.13,1.0833,0,0
IWM191004P142,2019-10-02,2019-10-02 09:32:32,0.13,1.0833,20,0.12,1.0,330,0.07,0.5833,1,0.125,1.0416,0,0
IWM191004P142,2019-10-02,2019-10-02 09:32:33,0.14,1.1666,285,0.12,1.0,471,0.07,0.5833,1,0.13,1.0833,0,0
IWM191004P142,2019-10-02,2019-10-02 09:32:33,0.14,1.1666,285,0.12,1.0,338,0.07,0.5833,1,0.13,1.0833,0,0
IWM191004P142,2019-10-02,2019-10-02 09:32:34,0.14,1.1666,455,0.12,1.0,338,0.07,0.5833,1,0.13,1.0833,0,0
IWM191004P142,2019-10-02,2019-10-02 09:32:34,0.13,1.0833,30,0.12,1.0,204,0.07,0.5833,1,0.125,1.0416,0,0
IWM191004P142,2019-10-02,2019-10-02 09:32:35,0.13,1.0833,30,0.12,1.0,120,0.07,0.5833,1,0.125,1.0416,0,0
IWM191004P142,2019-10-02,2019-10-02 09:32:35,0.13,1.0833,20,0.12,1.0,183,0.07,0.5833,1,0.125,1.0416,0,0
IWM191004P142,2019-10-02,2019-10-02 09:32:36,0.13,1.0833,20,0.12,1.0,183,0.07,0.5833,1,0.125,1.0416,0,0
IWM191004P142,2019-10-02,2019-10-02 09:32:37,0.13,1.0833,30,0.12,1.0,197,0.07,0.5833,1,0.125,1.0416,0,0
IWM191004P142,2019-10-02,2019-10-02 09:32:37,0.13,1.0833,26,0.12,1.0,120,0.07,0.5833,1,0.125,1.0416,0,0
IWM191004P142,2019-10-02,2019-10-02 09:32:38,0.13,1.0833,30,0.12,1.0,197,0.07,0.5833,1,0.125,1.0416,0,0
IWM191004P142,2019-10-02,2019-10-02 09:32:39,0.13,1.0833,30,0.12,1.0,120,0.07,0.5833,1,0.125,1.0416,0,0
IWM191004P142,2019-10-02,2019-10-02 09:32:39,0.13,1.0833,30,0.12,1.0,197,0.07,0.5833,1,0.125,1.0416,0,0
IWM191004P142,2019-10-02,2019-10-02 09:32:40,0.13,1.0833,30,0.12,1.0,120,0.07,0.5833,1,0.125,1.0416,0,0
IWM191004P142,2019-10-02,2019-10-02 09:32:41,0.13,1.0833,30,0.12,1.0,183,0.07,0.5833,1,0.125,1.0416,0,0
IWM191004P142,2019-10-02,2019-10-02 09:32:42,0.13,1.0833,30,0.12,1.0,455,0.07,0.5833,1,0.125,1.0416,0,0
IWM191004P142,2019-10-02,2019-10-02 09:32:42,0.13,1.0833,30,0.12,1.0,464,0.07,0.5833,1,0.125,1.0416,0,0
IWM191004P142,2019-10-02,2019-10-02 09:32:43,0.13,1.0833,20,0.12,1.0,300,0.07,0.5833,1,0.125,1.0416,0,0
IWM191004P142,2019-10-02,2019-10-02 09:32:43,0.13,1.0833,16,0.12,1.0,458,0.07,0.5833,1,0.125,1.0416,0,0
IWM191004P142,2019-10-02,2019-10-02 09:32:44,0.13,1.0833,10,0.12,1.0,201,0.07,0.5833,1,0.125,1.0416,0,0
IWM191004P142,2019-10-02,2019-10-02 09:32:44,0.13,1.0833,30,0.12,1.0,201,0.07,0.5833,1,0.125,1.0416,0,0
IWM191004P142,2019-10-02,2019-10-02 09:32:45,0.13,1.0833,56,0.12,1.0,119,0.07,0.5833,1,0.125,1.0416,0,0
IWM191004P142,2019-10-02,2019-10-02 09:32:45,0.13,1.0833,47,0.12,1.0,150,0.07,0.5833,1,0.125,1.0416,0,0
IWM191004P142,2019-10-02,2019-10-02 09:32:46,0.13,1.0833,30,0.12,1.0,181,0.07,0.5833,1,0.125,1.0416,0,0
IWM191004P142,2019-10-02,2019-10-02 09:32:46,0.13,1.0833,30,0.12,1.0,182,0.07,0.5833,1,0.125,1.0416,0,0
IWM191004P142,2019-10-02,2019-10-02 09:32:47,0.13,1.0833,30,0.12,1.0,196,0.07,0.5833,1,0.125,1.0416,0,0
IWM191004P142,2019-10-02,2019-10-02 09:32:47,0.13,1.0833,26,0.12,1.0,196,0.07,0.5833,1,0.125,1.0416,0,0
IWM191004P142,2019-10-02,2019-10-02 09:32:48,0.13,1.0833,20,0.12,1.0,177,0.07,0.5833,1,0.125,1.0416,0,0
IWM191004P142,2019-10-02,2019-10-02 09:32:48,0.13,1.0833,20,0.12,1.0,167,0.07,0.5833,1,0.125,1.0416,0,0
IWM191004P142,2019-10-02,2019-10-02 09:32:49,0.14,1.1666,1013,0.12,1.0,322,0.07,0.5833,1,0.13,1.0833,0,0
IWM191004P142,2019-10-02,2019-10-02 09:32:50,0.13,1.0833,20,0.12,1.0,322,0.07,0.5833,1,0.125,1.0416,0,0
IWM191004P142,2019-10-02,2019-10-02 09:32:50,0.13,1.0833,20,0.12,1.0,487,0.07,0.5833,1,0.125,1.0416,0,0
IWM191004P142,2019-10-02,2019-10-02 09:32:51,0.13,1.0833,20,0.12,1.0,537,0.07,0.5833,1,0.125,1.0416,0,0
IWM191004P142,2019-10-02,2019-10-02 09:32:51,0.14,1.1666,347,0.12,1.0,537,0.07,0.5833,1,0.13,1.0833,0,0
IWM191004P142,2019-10-02,2019-10-02 09:32:52,0.14,1.1666,630,0.12,1.0,848,0.07,0.5833,1,0.13,1.0833,0,0
IWM191004P142,2019-10-02,2019-10-02 09:32:52,0.13,1.0833,20,0.12,1.0,848,0.07,0.5833,1,0.125,1.0416,0,0
IWM191004P142,2019-10-02,2019-10-02 09:32:53,0.13,1.0833,20,0.12,1.0,848,0.07,0.5833,1,0.125,1.0416,0,0
IWM191004P142,2019-10-02,2019-10-02 09:32:53,0.14,1.1666,961,0.12,1.0,848,0.07,0.5833,1,0.13,1.0833,0,0
IWM191004P142,2019-10-02,2019-10-02 09:32:54,0.14,1.1666,1610,0.12,1.0,992,0.07,0.5833,1,0.13,1.0833,0,0
IWM191004P142,2019-10-02,2019-10-02 09:32:55,0.14,1.1666,1359,0.12,1.0,588,0.07,0.5833,1,0.13,1.0833,0,0
IWM191004P142,2019-10-02,2019-10-02 09:32:56,0.13,1.0833,20,0.12,1.0,344,0.07,0.5833,1,0.125,1.0416,0,0
IWM191004P142,2019-10-02,2019-10-02 09:32:56,0.13,1.0833,20,0.12,1.0,482,0.07,0.5833,1,0.125,1.0416,0,0
IWM191004P142,2019-10-02,2019-10-02 09:32:57,0.14,1.1666,1148,0.12,1.0,196,0.07,0.5833,1,0.13,1.0833,0,0
IWM191004P142,2019-10-02,2019-10-02 09:32:57,0.13,1.0833,16,0.12,1.0,119,0.07,0.5833,1,0.125,1.0416,0,0
IWM191004P142,2019-10-02,2019-10-02 09:32:58,0.14,1.1666,1103,0.12,1.0,109,0.07,0.5833,1,0.13,1.0833,0,0
IWM191004P142,2019-10-02,2019-10-02 09:32:58,0.14,1.1666,1392,0.12,1.0,119,0.07,0.5833,1,0.13,1.0833,0,0
IWM191004P142,2019-10-02,2019-10-02 09:32:59,0.14,1.1666,1033,0.12,1.0,167,0.07,0.5833,1,0.13,1.0833,0,0
IWM191004P142,2019-10-02,2019-10-02 09:32:59,0.14,1.1666,1033,0.12,1.0,490,0.07,0.5833,1,0.13,1.0833,0,0
IWM191004P142,2019-10-02,2019-10-02 09:33:00,0.13,1.0833,30,0.12,1.0,181,0.07,0.5833,1,0.125,1.0416,0,0
IWM191004P142,2019-10-02,2019-10-02 09:33:00,0.14,1.1666,1033,0.12,1.0,285,0.07,0.5833,1,0.13,1.0833,0,0
IWM191004P142,2019-10-02,2019-10-02 09:33:01,0.13,1.0833,30,0.12,1.0,181,0.07,0.5833,1,0.125,1.0416,0,0
IWM191004P142,2019-10-02,2019-10-02 09:33:01,0.13,1.0833,30,0.12,1.0,119,0.07,0.5833,1,0.125,1.0416,0,0
IWM191004P142,2019-10-02,2019-10-02 09:33:02,0.13,1.0833,81,0.12,1.0,119,0.07,0.5833,1,0.125,1.0416,0,0
IWM191004P142,2019-10-02,2019-10-02 09:33:02,0.13,1.0833,91,0.12,1.0,85,0.07,0.5833,1,0.125,1.0416,0,0
IWM191004P142,2019-10-02,2019-10-02 09:33:03,0.13,1.0833,60,0.12,1.0,192,0.07,0.5833,1,0.125,1.0416,0,0
IWM191004P142,2019-10-02,2019-10-02 09:33:04,0.13,1.0833,47,0.12,1.0,120,0.07,0.5833,1,0.125,1.0416,0,0
IWM191004P142,2019-10-02,2019-10-02 09:33:04,0.13,1.0833,60,0.12,1.0,120,0.07,0.5833,1,0.125,1.0416,0,0
IWM191004P142,2019-10-02,2019-10-02 09:33:05,0.13,1.0833,20,0.12,1.0,305,0.07,0.5833,1,0.125,1.0416,0,0
IWM191004P142,2019-10-02,2019-10-02 09:33:05,0.13,1.0833,20,0.12,1.0,461,0.07,0.5833,1,0.125,1.0416,0,0
IWM191004P142,2019-10-02,2019-10-02 09:33:06,0.14,1.1666,1652,0.12,1.0,1344,0.07,0.5833,1,0.13,1.0833,0,0
IWM191004P142,2019-10-02,2019-10-02 09:33:06,0.13,1.0833,20,0.12,1.0,773,0.07,0.5833,1,0.125,1.0416,0,0
IWM191004P142,2019-10-02,2019-10-02 09:33:07,0.14,1.1666,1437,0.12,1.0,1292,0.07,0.5833,1,0.13,1.0833,0,0
IWM191004P142,2019-10-02,2019-10-02 09:33:07,0.14,1.1666,1461,0.12,1.0,1018,0.07,0.5833,1,0.13,1.0833,0,0
IWM191004P142,2019-10-02,2019-10-02 09:33:08,0.14,1.1666,1461,0.12,1.0,1018,0.07,0.5833,1,0.13,1.0833,0,0
IWM191004P142,2019-10-02,2019-10-02 09:33:09,0.14,1.1666,350,0.12,1.0,635,0.07,0.5833,1,0.13,1.0833,0,0
IWM191004P142,2019-10-02,2019-10-02 09:33:09,0.13,1.0833,20,0.12,1.0,1018,0.07,0.5833,1,0.125,1.0416,0,0
IWM191004P142,2019-10-02,2019-10-02 09:33:10,0.13,1.0833,20,0.12,1.0,1019,0.07,0.5833,1,0.125,1.0416,0,0
IWM191004P142,2019-10-02,2019-10-02 09:33:10,0.14,1.1666,1642,0.12,1.0,1319,0.07,0.5833,1,0.13,1.0833,0,0
IWM191004P142,2019-10-02,2019-10-02 09:33:11,0.14,1.1666,989,0.12,1.0,1313,0.07,0.5833,1,0.13,1.0833,0,0
IWM191004P142,2019-10-02,2019-10-02 09:33:11,0.13,1.0833,20,0.12,1.0,1019,0.07,0.5833,1,0.125,1.0416,0,0
IWM191004P142,2019-10-02,2019-10-02 09:33:12,0.14,1.1666,932,0.12,1.0,1353,0.07,0.5833,1,0.13,1.0833,0,0
IWM191004P142,2019-10-02,2019-10-02 09:33:12,0.14,1.1666,1037,0.12,1.0,929,0.07,0.5833,1,0.13,1.0833,0,0
IWM191004P142,2019-10-02,2019-10-02 09:33:13,0.14,1.1666,1470,0.12,1.0,1351,0.07,0.5833,1,0.13,1.0833,0,0
IWM191004P142,2019-10-02,2019-10-02 09:33:14,0.14,1.1666,1470,0.12,1.0,1273,0.07,0.5833,1,0.13,1.0833,0,0
IWM191004P142,2019-10-02,2019-10-02 09:33:15,0.13,1.0833,20,0.12,1.0,211,0.07,0.5833,1,0.125,1.0416,0,0
IWM191004P142,2019-10-02,2019-10-02 09:33:15,0.14,1.1666,1488,0.12,1.0,567,0.07,0.5833,1,0.13,1.0833,0,0
IWM191004P142,2019-10-02,2019-10-02 09:33:16,0.13,1.0833,30,0.12,1.0,389,0.07,0.5833,1,0.125,1.0416,0,0
IWM191004P142,2019-10-02,2019-10-02 09:33:16,0.13,1.0833,20,0.12,1.0,264,0.07,0.5833,1,0.125,1.0416,0,0
IWM191004P142,2019-10-02,2019-10-02 09:33:17,0.14,1.1666,1091,0.12,1.0,458,0.07,0.5833,1,0.13,1.0833,0,0
IWM191004P142,2019-10-02,2019-10-02 09:33:17,0.14,1.1666,1239,0.12,1.0,458,0.07,0.5833,1,0.13,1.0833,0,0
IWM191004P142,2019-10-02,2019-10-02 09:33:18,0.14,1.1666,938,0.12,1.0,382,0.07,0.5833,1,0.13,1.0833,0,0
IWM191004P142,2019-10-02,2019-10-02 09:33:19,0.14,1.1666,938,0.12,1.0,382,0.07,0.5833,1,0.13,1.0833,0,0
IWM191004P142,2019-10-02,2019-10-02 09:33:20,0.13,1.0833,20,0.12,1.0,636,0.07,0.5833,1,0.125,1.0416,0,0
IWM191004P142,2019-10-02,2019-10-02 09:33:20,0.14,1.1666,938,0.12,1.0,868,0.07,0.5833,1,0.13,1.0833,0,0
IWM191004P142,2019-10-02,2019-10-02 09:33:21,0.13,1.0833,20,0.12,1.0,885,0.07,0.5833,1,0.125,1.0416,0,0
IWM191004P142,2019-10-02,2019-10-02 09:33:22,0.13,1.0833,20,0.12,1.0,865,0.07,0.5833,1,0.125,1.0416,0,0
IWM191004P142,2019-10-02,2019-10-02 09:33:23,0.14,1.1666,1661,0.12,1.0,235,0.07,0.5833,1,0.13,1.0833,0,0
IWM191004P142,2019-10-02,2019-10-02 09:33:23,0.13,1.0833,20,0.12,1.0,185,0.07,0.5833,1,0.125,1.0416,0,0
IWM191004P142,2019-10-02,2019-10-02 09:33:24,0.13,1.0833,223,0.12,1.0,229,0.07,0.5833,1,0.125,1.0416,0,0
IWM191004P142,2019-10-02,2019-10-02 09:33:24,0.13,1.0833,223,0.12,1.0,362,0.07,0.5833,1,0.125,1.0416,0,0
IWM191004P142,2019-10-02,2019-10-02 09:33:25,0.13,1.0833,694,0.12,1.0,47,0.07,0.5833,1,0.125,1.0416,0,0
IWM191004P142,2019-10-02,2019-10-02 09:33:25,0.13,1.0833,990,0.12,1.0,341,0.07,0.5833,1,0.125,1.0416,0,0
IWM191004P142,2019-10-02,2019-10-02 09:33:26,0.13,1.0833,847,0.11,0.9166,493,0.07,0.5833,1,0.12,1.0,0,0
IWM191004P142,2019-10-02,2019-10-02 09:33:26,0.13,1.0833,711,0.12,1.0,341,0.07,0.5833,1,0.125,1.0416,0,0
IWM191004P142,2019-10-02,2019-10-02 09:33:27,0.13,1.0833,1225,0.11,0.9166,1310,0.07,0.5833,1,0.12,1.0,0,0
IWM191004P142,2019-10-02,2019-10-02 09:33:28,0.13,1.0833,1257,0.11,0.9166,1310,0.07,0.5833,1,0.12,1.0,0,0
IWM191004P142,2019-10-02,2019-10-02 09:33:28,0.13,1.0833,969,0.11,0.9166,1310,0.07,0.5833,1,0.12,1.0,0,0
IWM191004P142,2019-10-02,2019-10-02 09:33:29,0.12,1.0,26,0.11,0.9166,571,0.07,0.5833,1,0.115,0.9583,0,0
IWM191004P142,2019-10-02,2019-10-02 09:33:29,0.13,1.0833,1220,0.11,0.9166,678,0.07,0.5833,1,0.12,1.0,0,0
IWM191004P142,2019-10-02,2019-10-02 09:33:30,0.12,1.0,2,0.11,0.9166,700,0.07,0.5833,1,0.115,0.9583,0,0
IWM191004P142,2019-10-02,2019-10-02 09:33:31,0.12,1.0,51,0.11,0.9166,500,0.07,0.5833,1,0.115,0.9583,0,0
IWM191004P142,2019-10-02,2019-10-02 09:33:31,0.13,1.0833,327,0.11,0.9166,500,0.07,0.5833,1,0.12,1.0,0,0
IWM191004P142,2019-10-02,2019-10-02 09:33:32,0.13,1.0833,327,0.11,0.9166,500,0.07,0.5833,1,0.12,1.0,0,0
IWM191004P142,2019-10-02,2019-10-02 09:33:32,0.12,1.0,1200,0.1,0.8333,1044,0.07,0.5833,1,0.11,0.9166,0,0
IWM191004P142,2019-10-02,2019-10-02 09:33:33,0.12,1.0,285,0.1,0.8333,1065,0.07,0.5833,1,0.11,0.9166,0,0
IWM191004P142,2019-10-02,2019-10-02 09:33:34,0.12,1.0,1123,0.11,0.9166,234,0.07,0.5833,1,0.115,0.9583,0,0
IWM191004P142,2019-10-02,2019-10-02 09:33:35,0.12,1.0,1366,0.11,0.9166,99,0.07,0.5833,1,0.115,0.9583,0,0
IWM191004P142,2019-10-02,2019-10-02 09:33:35,0.12,1.0,1577,0.11,0.9166,84,0.07,0.5833,1,0.115,0.9583,0,0
IWM191004P142,2019-10-02,2019-10-02 09:33:36,0.12,1.0,1366,0.11,0.9166,373,0.07,0.5833,1,0.115,0.9583,0,0
IWM191004P142,2019-10-02,2019-10-02 09:33:37,0.12,1.0,1134,0.11,0.9166,373,0.07,0.5833,1,0.115,0.9583,0,0
IWM191004P142,2019-10-02,2019-10-02 09:33:37,0.12,1.0,1172,0.11,0.9166,373,0.07,0.5833,1,0.115,0.9583,0,0
IWM191004P142,2019-10-02,2019-10-02 09:33:38,0.12,1.0,1134,0.11,0.9166,190,0.07,0.5833,1,0.115,0.9583,0,0
IWM191004P142,2019-10-02,2019-10-02 09:33:38,0.12,1.0,845,0.11,0.9166,279,0.07,0.5833,1,0.115,0.9583,0,0
IWM191004P142,2019-10-02,2019-10-02 09:33:39,0.12,1.0,845,0.11,0.9166,403,0.07,0.5833,1,0.115,0.9583,0,0
IWM191004P142,2019-10-02,2019-10-02 09:33:40,0.12,1.0,656,0.11,0.9166,79,0.07,0.5833,1,0.115,0.9583,0,0
IWM191004P142,2019-10-02,2019-10-02 09:33:40,0.12,1.0,962,0.11,0.9166,402,0.07,0.5833,1,0.115,0.9583,0,0
IWM191004P142,2019-10-02,2019-10-02 09:33:41,0.12,1.0,1140,0.11,0.9166,402,0.07,0.5833,1,0.115,0.9583,0,0
IWM191004P142,2019-10-02,2019-10-02 09:33:42,0.12,1.0,753,0.11,0.9166,363,0.07,0.5833,1,0.115,0.9583,0,0
IWM191004P142,2019-10-02,2019-10-02 09:33:42,0.12,1.0,1138,0.11,0.9166,363,0.07,0.5833,1,0.115,0.9583,0,0
IWM191004P142,2019-10-02,2019-10-02 09:33:43,0.12,1.0,1118,0.11,0.9166,363,0.07,0.5833,1,0.115,0.9583,0,0
IWM191004P142,2019-10-02,2019-10-02 09:33:43,0.12,1.0,1138,0.11,0.9166,363,0.07,0.5833,1,0.115,0.9583,0,0
IWM191004P142,2019-10-02,2019-10-02 09:33:44,0.12,1.0,286,0.11,0.9166,136,0.07,0.5833,1,0.115,0.9583,0,0
IWM191004P142,2019-10-02,2019-10-02 09:33:44,0.12,1.0,1118,0.11,0.9166,363,0.07,0.5833,1,0.115,0.9583,0,0
IWM191004P142,2019-10-02,2019-10-02 09:33:45,0.12,1.0,415,0.11,0.9166,276,0.07,0.5833,1,0.115,0.9583,0,0
IWM191004P142,2019-10-02,2019-10-02 09:33:46,0.12,1.0,37,0.11,0.9166,397,0.07,0.5833,1,0.115,0.9583,0,0
IWM191004P142,2019-10-02,2019-10-02 09:33:46,0.12,1.0,41,0.11,0.9166,397,0.07,0.5833,1,0.115,0.9583,0,0
IWM191004P142,2019-10-02,2019-10-02 09:33:47,0.12,1.0,37,0.11,0.9166,164,0.07,0.5833,1,0.115,0.9583,0,0
IWM191004P142,2019-10-02,2019-10-02 09:33:47,0.12,1.0,37,0.11,0.9166,397,0.07,0.5833,1,0.115,0.9583,0,0
IWM191004P142,2019-10-02,2019-10-02 09:33:48,0.12,1.0,32,0.11,0.9166,622,0.07,0.5833,1,0.115,0.9583,0,0
IWM191004P142,2019-10-02,2019-10-02 09:33:48,0.12,1.0,30,0.11,0.9166,203,0.07,0.5833,1,0.115,0.9583,0,0
IWM191004P142,2019-10-02,2019-10-02 09:33:49,0.12,1.0,32,0.11,0.9166,622,0.07,0.5833,1,0.115,0.9583,0,0
IWM191004P142,2019-10-02,2019-10-02 09:33:49,0.12,1.0,32,0.11,0.9166,967,0.07,0.5833,1,0.115,0.9583,0,0
IWM191004P142,2019-10-02,2019-10-02 09:33:50,0.12,1.0,32,0.11,0.9166,967,0.07,0.5833,1,0.115,0.9583,0,0
IWM191004P142,2019-10-02,2019-10-02 09:33:50,0.12,1.0,20,0.11,0.9166,967,0.07,0.5833,1,0.115,0.9583,0,0
IWM191004P142,2019-10-02,2019-10-02 09:33:51,0.12,1.0,20,0.11,0.9166,945,0.07,0.5833,1,0.115,0.9583,0,0
IWM191004P142,2019-10-02,2019-10-02 09:33:51,0.12,1.0,20,0.11,0.9166,963,0.07,0.5833,1,0.115,0.9583,0,0
IWM191004P142,2019-10-02,2019-10-02 09:33:52,0.13,1.0833,1572,0.11,0.9166,970,0.07,0.5833,1,0.12,1.0,0,0
IWM191004P142,2019-10-02,2019-10-02 09:33:52,0.13,1.0833,486,0.11,0.9166,1040,0.07,0.5833,1,0.12,1.0,0,0
IWM191004P142,2019-10-02,2019-10-02 09:33:53,0.13,1.0833,1050,0.11,0.9166,1084,0.07,0.5833,1,0.12,1.0,0,0
IWM191004P142,2019-10-02,2019-10-02 09:33:53,0.13,1.0833,1213,0.11,0.9166,1084,0.07,0.5833,1,0.12,1.0,0,0
IWM191004P142,2019-10-02,2019-10-02 09:33:54,0.13,1.0833,1296,0.11,0.9166,1084,0.07,0.5833,1,0.12,1.0,0,0
IWM191004P142,2019-10-02,2019-10-02 09:33:54,0.13,1.0833,1213,0.11,0.9166,1084,0.07,0.5833,1,0.12,1.0,0,0
IWM191004P142,2019-10-02,2019-10-02 09:33:55,0.13,1.0833,1296,0.11,0.9166,1084,0.07,0.5833,1,0.12,1.0,0,0
IWM191004P142,2019-10-02,2019-10-02 09:33:56,0.13,1.0833,1177,0.11,0.9166,1314,0.07,0.5833,1,0.12,1.0,0,0
IWM191004P142,2019-10-02,2019-10-02 09:33:56,0.13,1.0833,860,0.11,0.9166,1523,0.07,0.5833,1,0.12,1.0,0,0
IWM191004P142,2019-10-02,2019-10-02 09:33:57,0.13,1.0833,734,0.11,0.9166,1091,0.07,0.5833,1,0.12,1.0,0,0
IWM191004P142,2019-10-02,2019-10-02 09:33:57,0.13,1.0833,701,0.11,0.9166,1091,0.07,0.5833,1,0.12,1.0,0,0
IWM191004P142,2019-10-02,2019-10-02 09:33:58,0.13,1.0833,495,0.11,0.9166,1009,0.07,0.5833,1,0.12,1.0,0,0
IWM191004P142,2019-10-02,2019-10-02 09:33:58,0.13,1.0833,1149,0.11,0.9166,1519,0.07,0.5833,1,0.12,1.0,0,0
IWM191004P142,2019-10-02,2019-10-02 09:33:59,0.13,1.0833,377,0.11,0.9166,584,0.07,0.5833,1,0.12,1.0,0,0
IWM191004P142,2019-10-02,2019-10-02 09:33:59,0.13,1.0833,582,0.11,0.9166,473,0.07,0.5833,1,0.12,1.0,0,0
IWM191004P142,2019-10-02,2019-10-02 09:34:00,0.13,1.0833,377,0.11,0.9166,584,0.07,0.5833,1,0.12,1.0,0,0
IWM191004P142,2019-10-02,2019-10-02 09:34:01,0.12,1.0,20,0.11,0.9166,416,0.07,0.5833,1,0.115,0.9583,0,0
IWM191004P142,2019-10-02,2019-10-02 09:34:01,0.13,1.0833,380,0.11,0.9166,463,0.07,0.5833,1,0.12,1.0,0,0
IWM191004P142,2019-10-02,2019-10-02 09:34:02,0.13,1.0833,1157,0.11,0.9166,539,0.07,0.5833,1,0.12,1.0,0,0
IWM191004P142,2019-10-02,2019-10-02 09:34:02,0.12,1.0,20,0.11,0.9166,508,0.07,0.5833,1,0.115,0.9583,0,0
IWM191004P142,2019-10-02,2019-10-02 09:34:03,0.13,1.0833,40,0.11,0.9166,839,0.07,0.5833,1,0.12,1.0,0,0
IWM191004P142,2019-10-02,2019-10-02 09:34:03,0.13,1.0833,125,0.11,0.9166,843,0.07,0.5833,1,0.12,1.0,0,0
IWM191004P142,2019-10-02,2019-10-02 09:34:04,0.13,1.0833,33,0.12,1.0,20,0.07,0.5833,1,0.125,1.0416,0,0
IWM191004P142,2019-10-02,2019-10-02 09:34:04,0.13,1.0833,125,0.11,0.9166,824,0.07,0.5833,1,0.12,1.0,0,0
IWM191004P142,2019-10-02,2019-10-02 09:34:05,0.13,1.0833,20,0.12,1.0,279,0.07,0.5833,1,0.125,1.0416,0,0
IWM191004P142,2019-10-02,2019-10-02 09:34:05,0.13,1.0833,40,0.12,1.0,135,0.07,0.5833,1,0.125,1.0416,0,0
IWM191004P142,2019-10-02,2019-10-02 09:34:06,0.14,1.1666,1812,0.12,1.0,493,0.07,0.5833,1,0.13,1.0833,0,0
IWM191004P142,2019-10-02,2019-10-02 09:34:06,0.14,1.1666,1621,0.12,1.0,414,0.07,0.5833,1,0.13,1.0833,0,0
IWM191004P142,2019-10-02,2019-10-02 09:34:07,0.14,1.1666,1812,0.12,1.0,450,0.07,0.5833,1,0.13,1.0833,0,0
IWM191004P142,2019-10-02,2019-10-02 09:34:07,0.14,1.1666,1812,0.12,1.0,401,0.07,0.5833,1,0.13,1.0833,0,0
IWM191004P142,2019-10-02,2019-10-02 09:34:08,0.13,1.0833,20,0.12,1.0,602,0.07,0.5833,1,0.125,1.0416,0,0
IWM191004P142,2019-10-02,2019-10-02 09:34:08,0.13,1.0833,20,0.12,1.0,956,0.07,0.5833,1,0.125,1.0416,0,0
IWM191004P142,2019-10-02,2019-10-02 09:34:09,0.13,1.0833,20,0.12,1.0,510,0.07,0.5833,1,0.125,1.0416,0,0
IWM191004P142,2019-10-02,2019-10-02 09:34:09,0.13,1.0833,20,0.12,1.0,498,0.07,0.5833,1,0.125,1.0416,0,0
IWM191004P142,2019-10-02,2019-10-02 09:34:10,0.13,1.0833,20,0.12,1.0,498,0.07,0.5833,1,0.125,1.0416,0,0
IWM191004P142,2019-10-02,2019-10-02 09:34:10,0.14,1.1666,1354,0.12,1.0,613,0.07,0.5833,1,0.13,1.0833,0,0
IWM191004P142,2019-10-02,2019-10-02 09:34:11,0.14,1.1666,1731,0.12,1.0,669,0.07,0.5833,1,0.13,1.0833,0,0
IWM191004P142,2019-10-02,2019-10-02 09:34:12,0.14,1.1666,1455,0.12,1.0,865,0.07,0.5833,1,0.13,1.0833,0,0
IWM191004P142,2019-10-02,2019-10-02 09:34:12,0.14,1.1666,1751,0.12,1.0,472,0.07,0.5833,1,0.13,1.0833,0,0
IWM191004P142,2019-10-02,2019-10-02 09:34:13,0.13,1.0833,150,0.12,1.0,366,0.07,0.5833,1,0.125,1.0416,0,0
IWM191004P142,2019-10-02,2019-10-02 09:34:13,0.13,1.0833,20,0.12,1.0,366,0.07,0.5833,1,0.125,1.0416,0,0
IWM191004P142,2019-10-02,2019-10-02 09:34:14,0.13,1.0833,325,0.12,1.0,475,0.07,0.5833,1,0.125,1.0416,0,0
IWM191004P142,2019-10-02,2019-10-02 09:34:14,0.13,1.0833,529,0.12,1.0,475,0.07,0.5833,1,0.125,1.0416,0,0
IWM191004P142,2019-10-02,2019-10-02 09:34:15,0.13,1.0833,658,0.12,1.0,389,0.07,0.5833,1,0.125,1.0416,0,0
IWM191004P142,2019-10-02,2019-10-02 09:34:16,0.13,1.0833,967,0.12,1.0,45,0.12,1.0,1,0.125,1.0416,1,0
IWM191004P142,2019-10-02,2019-10-02 09:34:16,0.13,1.0833,245,0.12,1.0,45,0.12,1.0,1,0.125,1.0416,1,1
IWM191004P142,2019-10-02,2019-10-02 09:34:17,0.13,1.0833,1359,0.11,0.9166,1816,0.12,1.0,1,0.12,1.0,1,0
IWM191004P142,2019-10-02,2019-10-02 09:34:17,0.13,1.0833,178,0.12,1.0,268,0.12,1.0,1,0.125,1.0416,1,0
IWM191004P142,2019-10-02,2019-10-02 09:34:18,0.13,1.0833,47,0.12,1.0,311,0.12,1.0,1,0.125,1.0416,1,0
IWM191004P142,2019-10-02,2019-10-02 09:34:18,0.13,1.0833,150,0.12,1.0,222,0.12,1.0,1,0.125,1.0416,1,0
IWM191004P142,2019-10-02,2019-10-02 09:34:19,0.13,1.0833,47,0.12,1.0,620,0.12,1.0,1,0.125,1.0416,1,0
IWM191004P142,2019-10-02,2019-10-02 09:34:19,0.13,1.0833,47,0.12,1.0,506,0.12,1.0,1,0.125,1.0416,1,0
IWM191004P142,2019-10-02,2019-10-02 09:34:20,0.13,1.0833,173,0.12,1.0,265,0.12,1.0,1,0.125,1.0416,1,0
IWM191004P142,2019-10-02,2019-10-02 09:34:21,0.13,1.0833,173,0.12,1.0,389,0.12,1.0,1,0.125,1.0416,1,0
IWM191004P142,2019-10-02,2019-10-02 09:34:21,0.13,1.0833,445,0.12,1.0,389,0.12,1.0,1,0.125,1.0416,1,0
IWM191004P142,2019-10-02,2019-10-02 09:34:22,0.13,1.0833,445,0.12,1.0,33,0.12,1.0,1,0.125,1.0416,1,0
IWM191004P142,2019-10-02,2019-10-02 09:34:22,0.13,1.0833,445,0.12,1.0,389,0.12,1.0,1,0.125,1.0416,1,0
IWM191004P142,2019-10-02,2019-10-02 09:34:23,0.13,1.0833,1020,0.12,1.0,33,0.12,1.0,12,0.125,1.0416,13,12
IWM191004P142,2019-10-02,2019-10-02 09:34:23,0.13,1.0833,1385,0.11,0.9166,1531,0.12,1.0,12,0.12,1.0,13,0
IWM191004P142,2019-10-02,2019-10-02 09:34:24,0.13,1.0833,1385,0.11,0.9166,1432,0.12,1.0,12,0.12,1.0,13,0
IWM191004P142,2019-10-02,2019-10-02 09:34:25,0.13,1.0833,260,0.12,1.0,245,0.12,1.0,12,0.125,1.0416,13,0
IWM191004P142,2019-10-02,2019-10-02 09:34:25,0.13,1.0833,319,0.11,0.9166,1048,0.12,1.0,12,0.12,1.0,13,0
IWM191004P142,2019-10-02,2019-10-02 09:34:26,0.13,1.0833,180,0.12,1.0,47,0.12,1.0,12,0.125,1.0416,13,0
IWM191004P142,2019-10-02,2019-10-02 09:34:26,0.13,1.0833,180,0.12,1.0,118,0.12,1.0,12,0.125,1.0416,13,0
IWM191004P142,2019-10-02,2019-10-02 09:34:27,0.13,1.0833,180,0.12,1.0,47,0.12,1.0,12,0.125,1.0416,13,0
IWM191004P142,2019-10-02,2019-10-02 09:34:28,0.13,1.0833,225,0.12,1.0,32,0.12,1.0,12,0.125,1.0416,13,0
IWM191004P142,2019-10-02,2019-10-02 09:34:28,0.13,1.0833,180,0.12,1.0,348,0.12,1.0,12,0.125,1.0416,13,0
IWM191004P142,2019-10-02,2019-10-02 09:34:29,0.13,1.0833,189,0.12,1.0,348,0.12,1.0,12,0.125,1.0416,13,0
IWM191004P142,2019-10-02,2019-10-02 09:34:29,0.13,1.0833,180,0.12,1.0,348,0.12,1.0,12,0.125,1.0416,13,0
IWM191004P142,2019-10-02,2019-10-02 09:34:30,0.13,1.0833,65,0.12,1.0,110,0.12,1.0,12,0.125,1.0416,13,0
IWM191004P142,2019-10-02,2019-10-02 09:34:31,0.13,1.0833,20,0.12,1.0,402,0.12,1.0,12,0.125,1.0416,13,0
IWM191004P142,2019-10-02,2019-10-02 09:34:31,0.13,1.0833,65,0.12,1.0,401,0.12,1.0,12,0.125,1.0416,13,0
IWM191004P142,2019-10-02,2019-10-02 09:34:32,0.13,1.0833,10,0.12,1.0,780,0.12,1.0,12,0.125,1.0416,13,0
IWM191004P142,2019-10-02,2019-10-02 09:34:32,0.14,1.1666,704,0.12,1.0,631,0.12,1.0,12,0.13,1.0833,13,0
IWM191004P142,2019-10-02,2019-10-02 09:34:33,0.13,1.0833,20,0.12,1.0,631,0.12,1.0,12,0.125,1.0416,13,0
IWM191004P142,2019-10-02,2019-10-02 09:34:34,0.13,1.0833,20,0.12,1.0,470,0.12,1.0,12,0.125,1.0416,13,0
IWM191004P142,2019-10-02,2019-10-02 09:34:34,0.13,1.0833,20,0.12,1.0,927,0.12,1.0,12,0.125,1.0416,13,0
IWM191004P142,2019-10-02,2019-10-02 09:34:35,0.13,1.0833,20,0.12,1.0,470,0.12,1.0,12,0.125,1.0416,13,0
IWM191004P142,2019-10-02,2019-10-02 09:34:35,0.13,1.0833,113,0.12,1.0,470,0.12,1.0,12,0.125,1.0416,13,0
IWM191004P142,2019-10-02,2019-10-02 09:34:36,0.13,1.0833,20,0.12,1.0,923,0.12,1.0,12,0.125,1.0416,13,0
IWM191004P142,2019-10-02,2019-10-02 09:34:36,0.13,1.0833,113,0.12,1.0,923,0.12,1.0,12,0.125,1.0416,13,0
IWM191004P142,2019-10-02,2019-10-02 09:34:37,0.13,1.0833,114,0.12,1.0,923,0.12,1.0,12,0.125,1.0416,13,0
IWM191004P142,2019-10-02,2019-10-02 09:34:37,0.14,1.1666,1140,0.12,1.0,1047,0.12,1.0,12,0.13,1.0833,13,0
IWM191004P142,2019-10-02,2019-10-02 09:34:38,0.14,1.1666,1614,0.12,1.0,977,0.12,1.0,12,0.13,1.0833,13,0
IWM191004P142,2019-10-02,2019-10-02 09:34:38,0.14,1.1666,1140,0.12,1.0,977,0.12,1.0,12,0.13,1.0833,13,0
IWM191004P142,2019-10-02,2019-10-02 09:34:39,0.14,1.1666,1366,0.12,1.0,522,0.12,1.0,12,0.13,1.0833,13,0
IWM191004P142,2019-10-02,2019-10-02 09:34:39,0.14,1.1666,1853,0.12,1.0,1047,0.12,1.0,12,0.13,1.0833,13,0
IWM191004P142,2019-10-02,2019-10-02 09:34:40,0.14,1.1666,1857,0.12,1.0,1070,0.12,1.0,12,0.13,1.0833,13,0
IWM191004P142,2019-10-02,2019-10-02 09:34:40,0.14,1.1666,1763,0.12,1.0,1000,0.12,1.0,12,0.13,1.0833,13,0
IWM191004P142,2019-10-02,2019-10-02 09:34:41,0.14,1.1666,1016,0.12,1.0,917,0.12,1.0,12,0.13,1.0833,13,0
IWM191004P142,2019-10-02,2019-10-02 09:34:41,0.14,1.1666,1320,0.12,1.0,591,0.12,1.0,12,0.13,1.0833,13,0
IWM191004P142,2019-10-02,2019-10-02 09:34:42,0.14,1.1666,1436,0.12,1.0,1012,0.12,1.0,12,0.13,1.0833,13,0
IWM191004P142,2019-10-02,2019-10-02 09:34:42,0.14,1.1666,1416,0.13,1.0833,20,0.12,1.0,12,0.135,1.125,13,0
IWM191004P142,2019-10-02,2019-10-02 09:34:43,0.14,1.1666,272,0.13,1.0833,43,0.12,1.0,12,0.135,1.125,13,0
IWM191004P142,2019-10-02,2019-10-02 09:34:43,0.14,1.1666,282,0.13,1.0833,43,0.12,1.0,12,0.135,1.125,13,0
IWM191004P142,2019-10-02,2019-10-02 09:34:44,0.14,1.1666,272,0.13,1.0833,43,0.12,1.0,12,0.135,1.125,13,0
IWM191004P142,2019-10-02,2019-10-02 09:34:44,0.14,1.1666,194,0.13,1.0833,28,0.12,1.0,12,0.135,1.125,13,0
IWM191004P142,2019-10-02,2019-10-02 09:34:45,0.14,1.1666,760,0.13,1.0833,170,0.12,1.0,12,0.135,1.125,13,0
IWM191004P142,2019-10-02,2019-10-02 09:34:45,0.14,1.1666,339,0.13,1.0833,115,0.12,1.0,12,0.135,1.125,13,0
IWM191004P142,2019-10-02,2019-10-02 09:34:46,0.14,1.1666,228,0.13,1.0833,192,0.12,1.0,12,0.135,1.125,13,0
IWM191004P142,2019-10-02,2019-10-02 09:34:46,0.14,1.1666,123,0.13,1.0833,289,0.12,1.0,12,0.135,1.125,13,0
IWM191004P142,2019-10-02,2019-10-02 09:34:47,0.14,1.1666,118,0.13,1.0833,492,0.12,1.0,12,0.135,1.125,13,0
IWM191004P142,2019-10-02,2019-10-02 09:34:48,0.14,1.1666,49,0.13,1.0833,489,0.12,1.0,12,0.135,1.125,13,0
IWM191004P142,2019-10-02,2019-10-02 09:34:48,0.14,1.1666,74,0.13,1.0833,289,0.12,1.0,12,0.135,1.125,13,0
IWM191004P142,2019-10-02,2019-10-02 09:34:49,0.14,1.1666,351,0.13,1.0833,476,0.12,1.0,12,0.135,1.125,13,0
IWM191004P142,2019-10-02,2019-10-02 09:34:49,0.14,1.1666,143,0.13,1.0833,289,0.12,1.0,12,0.135,1.125,13,0
IWM191004P142,2019-10-02,2019-10-02 09:34:50,0.14,1.1666,20,0.13,1.0833,227,0.12,1.0,12,0.135,1.125,13,0
IWM191004P142,2019-10-02,2019-10-02 09:34:50,0.14,1.1666,116,0.13,1.0833,277,0.12,1.0,12,0.135,1.125,13,0
IWM191004P142,2019-10-02,2019-10-02 09:34:51,0.14,1.1666,150,0.13,1.0833,262,0.12,1.0,12,0.135,1.125,13,0
IWM191004P142,2019-10-02,2019-10-02 09:34:51,0.14,1.1666,150,0.13,1.0833,926,0.12,1.0,12,0.135,1.125,13,0
IWM191004P142,2019-10-02,2019-10-02 09:34:52,0.15,1.25,1007,0.13,1.0833,517,0.12,1.0,12,0.14,1.1666,13,0
IWM191004P142,2019-10-02,2019-10-02 09:34:52,0.14,1.1666,150,0.13,1.0833,827,0.12,1.0,12,0.135,1.125,13,0
IWM191004P142,2019-10-02,2019-10-02 09:34:53,0.15,1.25,1085,0.13,1.0833,897,0.12,1.0,12,0.14,1.1666,13,0
IWM191004P142,2019-10-02,2019-10-02 09:34:53,0.15,1.25,1305,0.13,1.0833,976,0.12,1.0,12,0.14,1.1666,13,0
IWM191004P142,2019-10-02,2019-10-02 09:34:54,0.14,1.1666,20,0.13,1.0833,897,0.12,1.0,12,0.135,1.125,13,0
IWM191004P142,2019-10-02,2019-10-02 09:34:55,0.14,1.1666,54,0.13,1.0833,923,0.12,1.0,12,0.135,1.125,13,0
IWM191004P142,2019-10-02,2019-10-02 09:34:55,0.14,1.1666,20,0.13,1.0833,917,0.12,1.0,12,0.135,1.125,13,0
IWM191004P142,2019-10-02,2019-10-02 09:34:56,0.14,1.1666,20,0.13,1.0833,485,0.12,1.0,12,0.135,1.125,13,0
IWM191004P142,2019-10-02,2019-10-02 09:34:56,0.14,1.1666,20,0.13,1.0833,833,0.12,1.0,12,0.135,1.125,13,0
IWM191004P142,2019-10-02,2019-10-02 09:34:57,0.14,1.1666,20,0.13,1.0833,753,0.12,1.0,12,0.135,1.125,13,0
IWM191004P142,2019-10-02,2019-10-02 09:34:58,0.14,1.1666,20,0.13,1.0833,753,0.12,1.0,12,0.135,1.125,13,0
IWM191004P142,2019-10-02,2019-10-02 09:34:58,0.14,1.1666,20,0.13,1.0833,813,0.12,1.0,12,0.135,1.125,13,0
IWM191004P142,2019-10-02,2019-10-02 09:34:59,0.14,1.1666,20,0.13,1.0833,813,0.12,1.0,12,0.135,1.125,13,0
IWM191004P142,2019-10-02,2019-10-02 09:34:59,0.14,1.1666,20,0.13,1.0833,756,0.12,1.0,12,0.135,1.125,13,0
IWM191004P142,2019-10-02,2019-10-02 09:35:00,0.15,1.25,1482,0.13,1.0833,363,0.12,1.0,12,0.14,1.1666,13,0
IWM191004P142,2019-10-02,2019-10-02 09:35:00,0.15,1.25,1154,0.13,1.0833,363,0.12,1.0,12,0.14,1.1666,13,0
IWM191004P142,2019-10-02,2019-10-02 09:35:01,0.15,1.25,1178,0.13,1.0833,626,0.12,1.0,12,0.14,1.1666,13,0
IWM191004P142,2019-10-02,2019-10-02 09:35:01,0.14,1.1666,102,0.13,1.0833,488,0.12,1.0,12,0.135,1.125,13,0
IWM191004P142,2019-10-02,2019-10-02 09:35:02,0.14,1.1666,20,0.13,1.0833,313,0.12,1.0,12,0.135,1.125,13,0
IWM191004P142,2019-10-02,2019-10-02 09:35:02,0.14,1.1666,20,0.13,1.0833,736,0.12,1.0,12,0.135,1.125,13,0
IWM191004P142,2019-10-02,2019-10-02 09:35:03,0.14,1.1666,20,0.13,1.0833,612,0.12,1.0,12,0.135,1.125,13,0
IWM191004P142,2019-10-02,2019-10-02 09:35:03,0.14,1.1666,20,0.13,1.0833,788,0.12,1.0,12,0.135,1.125,13,0
IWM191004P142,2019-10-02,2019-10-02 09:35:04,0.15,1.25,380,0.13,1.0833,668,0.12,1.0,12,0.14,1.1666,13,0
IWM191004P142,2019-10-02,2019-10-02 09:35:04,0.15,1.25,450,0.13,1.0833,423,0.12,1.0,12,0.14,1.1666,13,0
IWM191004P142,2019-10-02,2019-10-02 09:35:05,0.15,1.25,881,0.13,1.0833,668,0.12,1.0,12,0.14,1.1666,13,0
IWM191004P142,2019-10-02,2019-10-02 09:35:05,0.15,1.25,380,0.13,1.0833,668,0.12,1.0,12,0.14,1.1666,13,0
IWM191004P142,2019-10-02,2019-10-02 09:35:06,0.15,1.25,679,0.13,1.0833,692,0.12,1.0,12,0.14,1.1666,13,0
IWM191004P142,2019-10-02,2019-10-02 09:35:06,0.15,1.25,1055,0.13,1.0833,668,0.12,1.0,12,0.14,1.1666,13,0
IWM191004P142,2019-10-02,2019-10-02 09:35:07,0.15,1.25,640,0.13,1.0833,663,0.12,1.0,12,0.14,1.1666,13,0
IWM191004P142,2019-10-02,2019-10-02 09:35:08,0.15,1.25,180,0.13,1.0833,1259,0.12,1.0,12,0.14,1.1666,13,0
IWM191004P142,2019-10-02,2019-10-02 09:35:09,0.15,1.25,242,0.13,1.0833,1233,0.12,1.0,12,0.14,1.1666,13,0
IWM191004P142,2019-10-02,2019-10-02 09:35:09,0.15,1.25,200,0.13,1.0833,1259,0.12,1.0,12,0.14,1.1666,13,0
IWM191004P142,2019-10-02,2019-10-02 09:35:10,0.15,1.25,20,0.14,1.1666,38,0.12,1.0,12,0.145,1.2083,13,0
IWM191004P142,2019-10-02,2019-10-02 09:35:10,0.15,1.25,242,0.13,1.0833,1167,0.12,1.0,12,0.14,1.1666,13,0
IWM191004P142,2019-10-02,2019-10-02 09:35:11,0.15,1.25,27,0.14,1.1666,81,0.12,1.0,12,0.145,1.2083,13,0
IWM191004P142,2019-10-02,2019-10-02 09:35:11,0.15,1.25,42,0.14,1.1666,81,0.12,1.0,12,0.145,1.2083,13,0
IWM191004P142,2019-10-02,2019-10-02 09:35:12,0.15,1.25,315,0.14,1.1666,66,0.12,1.0,12,0.145,1.2083,13,0
IWM191004P142,2019-10-02,2019-10-02 09:35:12,0.15,1.25,685,0.13,1.0833,323,0.12,1.0,12,0.14,1.1666,13,0
IWM191004P142,2019-10-02,2019-10-02 09:35:13,0.15,1.25,685,0.13,1.0833,485,0.12,1.0,12,0.14,1.1666,13,0
IWM191004P142,2019-10-02,2019-10-02 09:35:13,0.15,1.25,745,0.13,1.0833,776,0.12,1.0,12,0.14,1.1666,13,0
IWM191004P142,2019-10-02,2019-10-02 09:35:14,0.15,1.25,1265,0.13,1.0833,776,0.12,1.0,12,0.14,1.1666,13,0
IWM191004P142,2019-10-02,2019-10-02 09:35:14,0.15,1.25,1006,0.13,1.0833,776,0.12,1.0,12,0.14,1.1666,13,0
IWM191004P142,2019-10-02,2019-10-02 09:35:15,0.14,1.1666,20,0.13,1.0833,776,0.12,1.0,12,0.135,1.125,13,0
IWM191004P142,2019-10-02,2019-10-02 09:35:16,0.14,1.1666,20,0.13,1.0833,627,0.12,1.0,12,0.135,1.125,13,0
IWM191004P142,2019-10-02,2019-10-02 09:35:16,0.14,1.1666,20,0.13,1.0833,394,0.12,1.0,12,0.135,1.125,13,0
IWM191004P142,2019-10-02,2019-10-02 09:35:17,0.14,1.1666,20,0.13,1.0833,394,0.12,1.0,12,0.135,1.125,13,0
IWM191004P142,2019-10-02,2019-10-02 09:35:18,0.14,1.1666,20,0.13,1.0833,292,0.12,1.0,12,0.135,1.125,13,0
IWM191004P142,2019-10-02,2019-10-02 09:35:19,0.14,1.1666,20,0.13,1.0833,292,0.12,1.0,12,0.135,1.125,13,0
IWM191004P142,2019-10-02,2019-10-02 09:35:20,0.14,1.1666,20,0.13,1.0833,142,0.12,1.0,12,0.135,1.125,13,0
IWM191004P142,2019-10-02,2019-10-02 09:35:21,0.14,1.1666,20,0.13,1.0833,292,0.12,1.0,12,0.135,1.125,13,0
IWM191004P142,2019-10-02,2019-10-02 09:35:21,0.14,1.1666,20,0.13,1.0833,371,0.12,1.0,12,0.135,1.125,13,0
IWM191004P142,2019-10-02,2019-10-02 09:35:22,0.14,1.1666,20,0.13,1.0833,371,0.12,1.0,12,0.135,1.125,13,0
IWM191004P142,2019-10-02,2019-10-02 09:35:23,0.15,1.25,239,0.13,1.0833,643,0.12,1.0,12,0.14,1.1666,13,0
IWM191004P142,2019-10-02,2019-10-02 09:35:23,0.14,1.1666,20,0.13,1.0833,764,0.12,1.0,12,0.135,1.125,13,0
IWM191004P142,2019-10-02,2019-10-02 09:35:24,0.15,1.25,239,0.13,1.0833,643,0.12,1.0,12,0.14,1.1666,13,0
IWM191004P142,2019-10-02,2019-10-02 09:35:24,0.15,1.25,239,0.13,1.0833,443,0.12,1.0,12,0.14,1.1666,13,0
IWM191004P142,2019-10-02,2019-10-02 09:35:25,0.15,1.25,1240,0.13,1.0833,973,0.12,1.0,12,0.14,1.1666,13,0
IWM191004P142,2019-10-02,2019-10-02 09:35:26,0.15,1.25,940,0.13,1.0833,759,0.12,1.0,12,0.14,1.1666,13,0
IWM191004P142,2019-10-02,2019-10-02 09:35:27,0.15,1.25,239,0.13,1.0833,1015,0.12,1.0,12,0.14,1.1666,13,0
IWM191004P142,2019-10-02,2019-10-02 09:35:27,0.15,1.25,239,0.13,1.0833,470,0.12,1.0,12,0.14,1.1666,13,0
IWM191004P142,2019-10-02,2019-10-02 09:35:28,0.15,1.25,239,0.14,1.1666,48,0.12,1.0,12,0.145,1.2083,13,0
IWM191004P142,2019-10-02,2019-10-02 09:35:28,0.15,1.25,54,0.14,1.1666,534,0.12,1.0,12,0.145,1.2083,13,0
IWM191004P142,2019-10-02,2019-10-02 09:35:29,0.15,1.25,20,0.14,1.1666,534,0.12,1.0,12,0.145,1.2083,13,0
IWM191004P142,2019-10-02,2019-10-02 09:35:30,0.15,1.25,20,0.14,1.1666,534,0.12,1.0,12,0.145,1.2083,13,0
IWM191004P142,2019-10-02,2019-10-02 09:35:30,0.16,1.3333,596,0.14,1.1666,534,0.12,1.0,12,0.15,1.25,13,0
IWM191004P142,2019-10-02,2019-10-02 09:35:31,0.16,1.3333,698,0.14,1.1666,555,0.12,1.0,12,0.15,1.25,13,0
IWM191004P142,2019-10-02,2019-10-02 09:35:31,0.16,1.3333,1720,0.14,1.1666,555,0.12,1.0,12,0.15,1.25,13,0
IWM191004P142,2019-10-02,2019-10-02 09:35:32,0.15,1.25,20,0.14,1.1666,633,0.12,1.0,12,0.145,1.2083,13,0
IWM191004P142,2019-10-02,2019-10-02 09:35:32,0.16,1.3333,1720,0.14,1.1666,555,0.12,1.0,12,0.15,1.25,13,0
IWM191004P142,2019-10-02,2019-10-02 09:35:33,0.15,1.25,20,0.14,1.1666,633,0.12,1.0,12,0.145,1.2083,13,0
IWM191004P142,2019-10-02,2019-10-02 09:35:34,0.15,1.25,20,0.14,1.1666,712,0.12,1.0,12,0.145,1.2083,13,0
IWM191004P142,2019-10-02,2019-10-02 09:35:35,0.15,1.25,20,0.14,1.1666,748,0.12,1.0,12,0.145,1.2083,13,0
IWM191004P142,2019-10-02,2019-10-02 09:35:36,0.15,1.25,20,0.14,1.1666,701,0.12,1.0,12,0.145,1.2083,13,0
IWM191004P142,2019-10-02,2019-10-02 09:35:36,0.16,1.3333,569,0.14,1.1666,1083,0.12,1.0,12,0.15,1.25,13,0
IWM191004P142,2019-10-02,2019-10-02 09:35:37,0.16,1.3333,737,0.14,1.1666,882,0.12,1.0,12,0.15,1.25,13,0
IWM191004P142,2019-10-02,2019-10-02 09:35:37,0.16,1.3333,569,0.14,1.1666,882,0.12,1.0,12,0.15,1.25,13,0
IWM191004P142,2019-10-02,2019-10-02 09:35:38,0.16,1.3333,737,0.14,1.1666,882,0.12,1.0,12,0.15,1.25,13,0
IWM191004P142,2019-10-02,2019-10-02 09:35:38,0.16,1.3333,737,0.14,1.1666,712,0.12,1.0,12,0.15,1.25,13,0
IWM191004P142,2019-10-02,2019-10-02 09:35:39,0.16,1.3333,330,0.14,1.1666,711,0.12,1.0,12,0.15,1.25,13,0
IWM191004P142,2019-10-02,2019-10-02 09:35:39,0.16,1.3333,22,0.14,1.1666,948,0.12,1.0,12,0.15,1.25,13,0
IWM191004P142,2019-10-02,2019-10-02 09:35:40,0.16,1.3333,345,0.14,1.1666,711,0.12,1.0,12,0.15,1.25,13,0
IWM191004P142,2019-10-02,2019-10-02 09:35:40,0.15,1.25,20,0.14,1.1666,409,0.12,1.0,12,0.145,1.2083,13,0
IWM191004P142,2019-10-02,2019-10-02 09:35:41,0.16,1.3333,662,0.14,1.1666,699,0.12,1.0,12,0.15,1.25,13,0
IWM191004P142,2019-10-02,2019-10-02 09:35:41,0.16,1.3333,1059,0.14,1.1666,805,0.12,1.0,12,0.15,1.25,13,0
IWM191004P142,2019-10-02,2019-10-02 09:35:42,0.16,1.3333,1059,0.14,1.1666,805,0.12,1.0,12,0.15,1.25,13,0
IWM191004P142,2019-10-02,2019-10-02 09:35:43,0.16,1.3333,1113,0.14,1.1666,805,0.12,1.0,12,0.15,1.25,13,0
IWM191004P142,2019-10-02,2019-10-02 09:35:43,0.16,1.3333,969,0.14,1.1666,832,0.12,1.0,12,0.15,1.25,13,0
IWM191004P142,2019-10-02,2019-10-02 09:35:44,0.16,1.3333,1256,0.14,1.1666,701,0.12,1.0,12,0.15,1.25,13,0
IWM191004P142,2019-10-02,2019-10-02 09:35:44,0.16,1.3333,969,0.14,1.1666,832,0.12,1.0,12,0.15,1.25,13,0
IWM191004P142,2019-10-02,2019-10-02 09:35:45,0.16,1.3333,1179,0.14,1.1666,691,0.12,1.0,12,0.15,1.25,13,0
IWM191004P142,2019-10-02,2019-10-02 09:35:46,0.16,1.3333,1191,0.14,1.1666,697,0.12,1.0,12,0.15,1.25,13,0
IWM191004P142,2019-10-02,2019-10-02 09:35:47,0.16,1.3333,1161,0.14,1.1666,932,0.12,1.0,12,0.15,1.25,13,0
IWM191004P142,2019-10-02,2019-10-02 09:35:47,0.16,1.3333,1161,0.14,1.1666,831,0.12,1.0,12,0.15,1.25,13,0
IWM191004P142,2019-10-02,2019-10-02 09:35:48,0.16,1.3333,1161,0.14,1.1666,821,0.12,1.0,12,0.15,1.25,13,0
IWM191004P142,2019-10-02,2019-10-02 09:35:48,0.16,1.3333,1161,0.14,1.1666,831,0.12,1.0,12,0.15,1.25,13,0
IWM191004P142,2019-10-02,2019-10-02 09:35:49,0.16,1.3333,701,0.14,1.1666,786,0.12,1.0,12,0.15,1.25,13,0
IWM191004P142,2019-10-02,2019-10-02 09:35:49,0.16,1.3333,805,0.14,1.1666,838,0.12,1.0,12,0.15,1.25,13,0
IWM191004P142,2019-10-02,2019-10-02 09:35:50,0.16,1.3333,584,0.14,1.1666,305,0.12,1.0,12,0.15,1.25,13,0
IWM191004P142,2019-10-02,2019-10-02 09:35:50,0.16,1.3333,584,0.14,1.1666,562,0.12,1.0,12,0.15,1.25,13,0
IWM191004P142,2019-10-02,2019-10-02 09:35:51,0.16,1.3333,584,0.14,1.1666,627,0.12,1.0,12,0.15,1.25,13,0
IWM191004P142,2019-10-02,2019-10-02 09:35:52,0.15,1.25,20,0.14,1.1666,639,0.12,1.0,12,0.145,1.2083,13,0
IWM191004P142,2019-10-02,2019-10-02 09:35:52,0.15,1.25,20,0.14,1.1666,627,0.12,1.0,12,0.145,1.2083,13,0
IWM191004P142,2019-10-02,2019-10-02 09:35:53,0.15,1.25,20,0.14,1.1666,578,0.12,1.0,12,0.145,1.2083,13,0
IWM191004P142,2019-10-02,2019-10-02 09:35:54,0.15,1.25,180,0.13,1.0833,420,0.12,1.0,12,0.14,1.1666,13,0
IWM191004P142,2019-10-02,2019-10-02 09:35:54,0.15,1.25,432,0.13,1.0833,1083,0.12,1.0,12,0.14,1.1666,13,0
IWM191004P142,2019-10-02,2019-10-02 09:35:55,0.15,1.25,977,0.13,1.0833,1266,0.12,1.0,12,0.14,1.1666,13,0
IWM191004P142,2019-10-02,2019-10-02 09:35:55,0.15,1.25,977,0.13,1.0833,1206,0.12,1.0,12,0.14,1.1666,13,0
IWM191004P142,2019-10-02,2019-10-02 09:35:56,0.15,1.25,1037,0.13,1.0833,1266,0.12,1.0,12,0.14,1.1666,13,0
IWM191004P142,2019-10-02,2019-10-02 09:35:56,0.14,1.1666,20,0.13,1.0833,931,0.12,1.0,12,0.135,1.125,13,0
IWM191004P142,2019-10-02,2019-10-02 09:35:57,0.14,1.1666,20,0.13,1.0833,489,0.12,1.0,12,0.135,1.125,13,0
IWM191004P142,2019-10-02,2019-10-02 09:35:57,0.14,1.1666,20,0.13,1.0833,660,0.12,1.0,12,0.135,1.125,13,0
IWM191004P142,2019-10-02,2019-10-02 09:35:58,0.14,1.1666,23,0.13,1.0833,544,0.12,1.0,12,0.135,1.125,13,0
IWM191004P142,2019-10-02,2019-10-02 09:35:58,0.14,1.1666,20,0.13,1.0833,330,0.12,1.0,12,0.135,1.125,13,0
IWM191004P142,2019-10-02,2019-10-02 09:35:59,0.14,1.1666,1,0.13,1.0833,330,0.12,1.0,12,0.135,1.125,13,0
IWM191004P142,2019-10-02,2019-10-02 09:35:59,0.14,1.1666,20,0.13,1.0833,549,0.12,1.0,12,0.135,1.125,13,0
IWM191004P142,2019-10-02,2019-10-02 09:36:00,0.14,1.1666,20,0.13,1.0833,111,0.12,1.0,12,0.135,1.125,13,0
IWM191004P142,2019-10-02,2019-10-02 09:36:01,0.15,1.25,1395,0.13,1.0833,769,0.12,1.0,12,0.14,1.1666,13,0
IWM191004P142,2019-10-02,2019-10-02 09:36:01,0.14,1.1666,20,0.13,1.0833,577,0.12,1.0,12,0.135,1.125,13,0
IWM191004P142,2019-10-02,2019-10-02 09:36:02,0.15,1.25,1144,0.13,1.0833,769,0.12,1.0,12,0.14,1.1666,13,0
IWM191004P142,2019-10-02,2019-10-02 09:36:02,0.15,1.25,1474,0.13,1.0833,769,0.12,1.0,12,0.14,1.1666,13,0
IWM191004P142,2019-10-02,2019-10-02 09:36:03,0.15,1.25,1592,0.13,1.0833,862,0.12,1.0,12,0.14,1.1666,13,0
IWM191004P142,2019-10-02,2019-10-02 09:36:03,0.15,1.25,1592,0.13,1.0833,857,0.12,1.0,12,0.14,1.1666,13,0
IWM191004P142,2019-10-02,2019-10-02 09:36:04,0.14,1.1666,31,0.13,1.0833,862,0.12,1.0,12,0.135,1.125,13,0
IWM191004P142,2019-10-02,2019-10-02 09:36:04,0.14,1.1666,31,0.13,1.0833,541,0.12,1.0,12,0.135,1.125,13,0
IWM191004P142,2019-10-02,2019-10-02 09:36:05,0.13,1.0833,20,0.12,1.0,1381,0.12,1.0,12,0.125,1.0416,13,0
IWM191004P142,2019-10-02,2019-10-02 09:36:05,0.14,1.1666,141,0.13,1.0833,362,0.12,1.0,12,0.135,1.125,13,0
IWM191004P142,2019-10-02,2019-10-02 09:36:06,0.14,1.1666,1450,0.12,1.0,628,0.12,1.0,12,0.13,1.0833,13,0
IWM191004P142,2019-10-02,2019-10-02 09:36:06,0.14,1.1666,956,0.12,1.0,645,0.12,1.0,12,0.13,1.0833,13,0
IWM191004P142,2019-10-02,2019-10-02 09:36:07,0.14,1.1666,1319,0.12,1.0,338,0.12,1.0,12,0.13,1.0833,13,0
IWM191004P142,2019-10-02,2019-10-02 09:36:07,0.14,1.1666,225,0.13,1.0833,87,0.12,1.0,12,0.135,1.125,13,0
IWM191004P142,2019-10-02,2019-10-02 09:36:08,0.14,1.1666,240,0.13,1.0833,393,0.12,1.0,12,0.135,1.125,13,0
IWM191004P142,2019-10-02,2019-10-02 09:36:08,0.14,1.1666,658,0.13,1.0833,393,0.12,1.0,12,0.135,1.125,13,0
IWM191004P142,2019-10-02,2019-10-02 09:36:09,0.15,1.25,1371,0.13,1.0833,402,0.12,1.0,12,0.14,1.1666,13,0
IWM191004P142,2019-10-02,2019-10-02 09:36:09,0.14,1.1666,211,0.13,1.0833,402,0.12,1.0,12,0.135,1.125,13,0
IWM191004P142,2019-10-02,2019-10-02 09:36:10,0.15,1.25,572,0.13,1.0833,584,0.12,1.0,12,0.14,1.1666,13,0
IWM191004P142,2019-10-02,2019-10-02 09:36:10,0.15,1.25,1020,0.13,1.0833,403,0.12,1.0,12,0.14,1.1666,13,0
IWM191004P142,2019-10-02,2019-10-02 09:36:11,0.15,1.25,1200,0.13,1.0833,365,0.12,1.0,12,0.14,1.1666,13,0
IWM191004P142,2019-10-02,2019-10-02 09:36:11,0.15,1.25,549,0.13,1.0833,240,0.12,1.0,12,0.14,1.1666,13,0
IWM191004P142,2019-10-02,2019-10-02 09:36:12,0.15,1.25,1257,0.13,1.0833,342,0.12,1.0,12,0.14,1.1666,13,0
IWM191004P142,2019-10-02,2019-10-02 09:36:12,0.15,1.25,788,0.13,1.0833,291,0.12,1.0,12,0.14,1.1666,13,0
IWM191004P142,2019-10-02,2019-10-02 09:36:13,0.15,1.25,788,0.13,1.0833,658,0.12,1.0,12,0.14,1.1666,13,0
IWM191004P142,2019-10-02,2019-10-02 09:36:13,0.15,1.25,762,0.13,1.0833,658,0.12,1.0,12,0.14,1.1666,13,0
IWM191004P142,2019-10-02,2019-10-02 09:36:14,0.15,1.25,812,0.13,1.0833,658,0.12,1.0,12,0.14,1.1666,13,0
IWM191004P142,2019-10-02,2019-10-02 09:36:14,0.15,1.25,1588,0.13,1.0833,136,0.12,1.0,12,0.14,1.1666,13,0
IWM191004P142,2019-10-02,2019-10-02 09:36:15,0.15,1.25,812,0.13,1.0833,608,0.12,1.0,12,0.14,1.1666,13,0
IWM191004P142,2019-10-02,2019-10-02 09:36:16,0.15,1.25,1144,0.13,1.0833,608,0.12,1.0,12,0.14,1.1666,13,0
IWM191004P142,2019-10-02,2019-10-02 09:36:16,0.15,1.25,812,0.13,1.0833,608,0.12,1.0,12,0.14,1.1666,13,0
IWM191004P142,2019-10-02,2019-10-02 09:36:17,0.15,1.25,1130,0.13,1.0833,853,0.12,1.0,12,0.14,1.1666,13,0
IWM191004P142,2019-10-02,2019-10-02 09:36:17,0.15,1.25,752,0.13,1.0833,646,0.12,1.0,12,0.14,1.1666,13,0
IWM191004P142,2019-10-02,2019-10-02 09:36:18,0.15,1.25,314,0.13,1.0833,660,0.12,1.0,12,0.14,1.1666,13,0
IWM191004P142,2019-10-02,2019-10-02 09:36:18,0.15,1.25,1130,0.13,1.0833,670,0.12,1.0,12,0.14,1.1666,13,0
IWM191004P142,2019-10-02,2019-10-02 09:36:19,0.15,1.25,531,0.13,1.0833,681,0.12,1.0,12,0.14,1.1666,13,0
IWM191004P142,2019-10-02,2019-10-02 09:36:19,0.15,1.25,664,0.13,1.0833,542,0.12,1.0,12,0.14,1.1666,13,0
IWM191004P142,2019-10-02,2019-10-02 09:36:20,0.15,1.25,1077,0.13,1.0833,458,0.12,1.0,12,0.14,1.1666,13,0
IWM191004P142,2019-10-02,2019-10-02 09:36:20,0.15,1.25,1310,0.13,1.0833,356,0.12,1.0,12,0.14,1.1666,13,0
IWM191004P142,2019-10-02,2019-10-02 09:36:21,0.15,1.25,1208,0.13,1.0833,652,0.12,1.0,12,0.14,1.1666,13,0
IWM191004P142,2019-10-02,2019-10-02 09:36:22,0.15,1.25,1208,0.13,1.0833,652,0.12,1.0,12,0.14,1.1666,13,0
IWM191004P142,2019-10-02,2019-10-02 09:36:22,0.15,1.25,1125,0.13,1.0833,325,0.12,1.0,12,0.14,1.1666,13,0
IWM191004P142,2019-10-02,2019-10-02 09:36:23,0.15,1.25,1374,0.13,1.0833,633,0.12,1.0,12,0.14,1.1666,13,0
IWM191004P142,2019-10-02,2019-10-02 09:36:23,0.15,1.25,742,0.13,1.0833,633,0.12,1.0,12,0.14,1.1666,13,0
IWM191004P142,2019-10-02,2019-10-02 09:36:24,0.15,1.25,1374,0.13,1.0833,633,0.12,1.0,12,0.14,1.1666,13,0
IWM191004P142,2019-10-02,2019-10-02 09:36:24,0.15,1.25,705,0.13,1.0833,636,0.12,1.0,12,0.14,1.1666,13,0
IWM191004P142,2019-10-02,2019-10-02 09:36:25,0.14,1.1666,402,0.13,1.0833,543,0.12,1.0,12,0.135,1.125,13,0
IWM191004P142,2019-10-02,2019-10-02 09:36:25,0.14,1.1666,180,0.13,1.0833,543,0.12,1.0,12,0.135,1.125,13,0
IWM191004P142,2019-10-02,2019-10-02 09:36:26,0.14,1.1666,628,0.13,1.0833,546,0.12,1.0,12,0.135,1.125,13,0
IWM191004P142,2019-10-02,2019-10-02 09:36:26,0.14,1.1666,628,0.13,1.0833,544,0.12,1.0,12,0.135,1.125,13,0
IWM191004P142,2019-10-02,2019-10-02 09:36:27,0.14,1.1666,180,0.13,1.0833,544,0.12,1.0,12,0.135,1.125,13,0
IWM191004P142,2019-10-02,2019-10-02 09:36:27,0.14,1.1666,628,0.13,1.0833,544,0.12,1.0,12,0.135,1.125,13,0
IWM191004P142,2019-10-02,2019-10-02 09:36:28,0.14,1.1666,20,0.13,1.0833,561,0.12,1.0,12,0.135,1.125,13,0
IWM191004P142,2019-10-02,2019-10-02 09:36:28,0.14,1.1666,180,0.13,1.0833,544,0.12,1.0,12,0.135,1.125,13,0
IWM191004P142,2019-10-02,2019-10-02 09:36:29,0.14,1.1666,20,0.13,1.0833,561,0.12,1.0,12,0.135,1.125,13,0
IWM191004P142,2019-10-02,2019-10-02 09:36:29,0.14,1.1666,20,0.13,1.0833,536,0.12,1.0,12,0.135,1.125,13,0
IWM191004P142,2019-10-02,2019-10-02 09:36:30,0.14,1.1666,297,0.13,1.0833,533,0.12,1.0,12,0.135,1.125,13,0
IWM191004P142,2019-10-02,2019-10-02 09:36:31,0.14,1.1666,502,0.13,1.0833,336,0.12,1.0,12,0.135,1.125,13,0
IWM191004P142,2019-10-02,2019-10-02 09:36:31,0.14,1.1666,813,0.12,1.0,1202,0.12,1.0,12,0.13,1.0833,13,0
IWM191004P142,2019-10-02,2019-10-02 09:36:32,0.14,1.1666,534,0.13,1.0833,350,0.12,1.0,12,0.135,1.125,13,0
IWM191004P142,2019-10-02,2019-10-02 09:36:32,0.14,1.1666,1109,0.12,1.0,1346,0.12,1.0,12,0.13,1.0833,13,0
IWM191004P142,2019-10-02,2019-10-02 09:36:33,0.14,1.1666,858,0.13,1.0833,350,0.12,1.0,12,0.135,1.125,13,0
IWM191004P142,2019-10-02,2019-10-02 09:36:33,0.14,1.1666,1035,0.12,1.0,828,0.12,1.0,12,0.13,1.0833,13,0
IWM191004P142,2019-10-02,2019-10-02 09:36:34,0.14,1.1666,866,0.13,1.0833,512,0.12,1.0,12,0.135,1.125,13,0
IWM191004P142,2019-10-02,2019-10-02 09:36:35,0.14,1.1666,1150,0.13,1.0833,512,0.12,1.0,12,0.135,1.125,13,0
IWM191004P142,2019-10-02,2019-10-02 09:36:35,0.14,1.1666,372,0.13,1.0833,512,0.12,1.0,12,0.135,1.125,13,0
IWM191004P142,2019-10-02,2019-10-02 09:36:36,0.14,1.1666,1016,0.12,1.0,1763,0.12,1.0,12,0.13,1.0833,13,0
IWM191004P142,2019-10-02,2019-10-02 09:36:36,0.14,1.1666,1105,0.12,1.0,1627,0.12,1.0,12,0.13,1.0833,13,0
IWM191004P142,2019-10-02,2019-10-02 09:36:37,0.14,1.1666,1334,0.12,1.0,1627,0.12,1.0,12,0.13,1.0833,13,0
IWM191004P142,2019-10-02,2019-10-02 09:36:37,0.14,1.1666,1381,0.12,1.0,1294,0.12,1.0,12,0.13,1.0833,13,0
IWM191004P142,2019-10-02,2019-10-02 09:36:38,0.13,1.0833,20,0.12,1.0,991,0.12,1.0,12,0.125,1.0416,13,0
IWM191004P142,2019-10-02,2019-10-02 09:36:39,0.13,1.0833,20,0.12,1.0,916,0.12,1.0,12,0.125,1.0416,13,0
IWM191004P142,2019-10-02,2019-10-02 09:36:40,0.13,1.0833,20,0.12,1.0,680,0.12,1.0,12,0.125,1.0416,13,0
IWM191004P142,2019-10-02,2019-10-02 09:36:40,0.13,1.0833,20,0.12,1.0,553,0.12,1.0,12,0.125,1.0416,13,0
IWM191004P142,2019-10-02,2019-10-02 09:36:41,0.13,1.0833,20,0.12,1.0,693,0.12,1.0,12,0.125,1.0416,13,0
IWM191004P142,2019-10-02,2019-10-02 09:36:41,0.13,1.0833,20,0.12,1.0,680,0.12,1.0,12,0.125,1.0416,13,0
IWM191004P142,2019-10-02,2019-10-02 09:36:42,0.13,1.0833,20,0.12,1.0,693,0.12,1.0,12,0.125,1.0416,13,0
IWM191004P142,2019-10-02,2019-10-02 09:36:42,0.13,1.0833,20,0.12,1.0,674,0.12,1.0,12,0.125,1.0416,13,0
IWM191004P142,2019-10-02,2019-10-02 09:36:43,0.13,1.0833,20,0.12,1.0,709,0.12,1.0,12,0.125,1.0416,13,0
IWM191004P142,2019-10-02,2019-10-02 09:36:44,0.14,1.1666,1053,0.12,1.0,801,0.12,1.0,12,0.13,1.0833,13,0
IWM191004P142,2019-10-02,2019-10-02 09:36:44,0.13,1.0833,20,0.12,1.0,709,0.12,1.0,12,0.125,1.0416,13,0
IWM191004P142,2019-10-02,2019-10-02 09:36:45,0.14,1.1666,1053,0.12,1.0,801,0.12,1.0,12,0.13,1.0833,13,0
IWM191004P142,2019-10-02,2019-10-02 09:36:46,0.14,1.1666,1247,0.12,1.0,801,0.12,1.0,12,0.13,1.0833,13,0
IWM191004P142,2019-10-02,2019-10-02 09:36:46,0.13,1.0833,20,0.12,1.0,801,0.12,1.0,12,0.125,1.0416,13,0
IWM191004P142,2019-10-02,2019-10-02 09:36:47,0.14,1.1666,1247,0.12,1.0,801,0.12,1.0,12,0.13,1.0833,13,0
IWM191004P142,2019-10-02,2019-10-02 09:36:47,0.14,1.1666,1327,0.12,1.0,1123,0.12,1.0,12,0.13,1.0833,13,0
IWM191004P142,2019-10-02,2019-10-02 09:36:48,0.14,1.1666,1027,0.12,1.0,823,0.12,1.0,12,0.13,1.0833,13,0
IWM191004P142,2019-10-02,2019-10-02 09:36:48,0.14,1.1666,1327,0.12,1.0,1123,0.12,1.0,12,0.13,1.0833,13,0
IWM191004P142,2019-10-02,2019-10-02 09:36:49,0.14,1.1666,258,0.12,1.0,709,0.12,1.0,12,0.13,1.0833,13,0
IWM191004P142,2019-10-02,2019-10-02 09:36:49,0.14,1.1666,526,0.12,1.0,684,0.12,1.0,12,0.13,1.0833,13,0
IWM191004P142,2019-10-02,2019-10-02 09:36:50,0.14,1.1666,654,0.12,1.0,1009,0.12,1.0,12,0.13,1.0833,13,0
IWM191004P142,2019-10-02,2019-10-02 09:36:50,0.14,1.1666,697,0.12,1.0,709,0.12,1.0,12,0.13,1.0833,13,0
IWM191004P142,2019-10-02,2019-10-02 09:36:51,0.13,1.0833,20,0.12,1.0,649,0.12,1.0,12,0.125,1.0416,13,0
IWM191004P142,2019-10-02,2019-10-02 09:36:51,0.13,1.0833,20,0.12,1.0,674,0.12,1.0,12,0.125,1.0416,13,0
IWM191004P142,2019-10-02,2019-10-02 09:36:52,0.14,1.1666,396,0.12,1.0,582,0.12,1.0,12,0.13,1.0833,13,0
IWM191004P142,2019-10-02,2019-10-02 09:36:52,0.14,1.1666,1243,0.12,1.0,686,0.12,1.0,12,0.13,1.0833,13,0
IWM191004P142,2019-10-02,2019-10-02 09:36:53,0.14,1.1666,1114,0.12,1.0,942,0.12,1.0,12,0.13,1.0833,13,0
IWM191004P142,2019-10-02,2019-10-02 09:36:54,0.14,1.1666,814,0.12,1.0,942,0.12,1.0,12,0.13,1.0833,13,0
IWM191004P142,2019-10-02,2019-10-02 09:36:54,0.14,1.1666,1151,0.12,1.0,1033,0.12,1.0,12,0.13,1.0833,13,0
IWM191004P142,2019-10-02,2019-10-02 09:36:55,0.14,1.1666,1151,0.12,1.0,814,0.12,1.0,12,0.13,1.0833,13,0
IWM191004P142,2019-10-02,2019-10-02 09:36:55,0.13,1.0833,20,0.12,1.0,804,0.12,1.0,12,0.125,1.0416,13,0
IWM191004P142,2019-10-02,2019-10-02 09:36:56,0.13,1.0833,20,0.12,1.0,804,0.12,1.0,12,0.125,1.0416,13,0
IWM191004P142,2019-10-02,2019-10-02 09:36:56,0.13,1.0833,20,0.12,1.0,717,0.12,1.0,12,0.125,1.0416,13,0
IWM191004P142,2019-10-02,2019-10-02 09:36:57,0.13,1.0833,20,0.12,1.0,369,0.12,1.0,12,0.125,1.0416,13,0
IWM191004P142,2019-10-02,2019-10-02 09:36:57,0.13,1.0833,20,0.12,1.0,605,0.12,1.0,12,0.125,1.0416,13,0
IWM191004P142,2019-10-02,2019-10-02 09:36:58,0.13,1.0833,20,0.12,1.0,632,0.12,1.0,12,0.125,1.0416,13,0
IWM191004P142,2019-10-02,2019-10-02 09:36:58,0.13,1.0833,20,0.12,1.0,605,0.12,1.0,12,0.125,1.0416,13,0
IWM191004P142,2019-10-02,2019-10-02 09:36:59,0.13,1.0833,20,0.12,1.0,847,0.12,1.0,12,0.125,1.0416,13,0
IWM191004P142,2019-10-02,2019-10-02 09:36:59,0.13,1.0833,20,0.12,1.0,632,0.12,1.0,12,0.125,1.0416,13,0
IWM191004P142,2019-10-02,2019-10-02 09:37:00,0.14,1.1666,666,0.12,1.0,1306,0.12,1.0,12,0.13,1.0833,13,0
IWM191004P142,2019-10-02,2019-10-02 09:37:00,0.14,1.1666,575,0.12,1.0,638,0.12,1.0,12,0.13,1.0833,13,0
IWM191004P142,2019-10-02,2019-10-02 09:37:01,0.14,1.1666,342,0.13,1.0833,111,0.12,1.0,12,0.135,1.125,13,0
IWM191004P142,2019-10-02,2019-10-02 09:37:01,0.14,1.1666,724,0.13,1.0833,150,0.12,1.0,12,0.135,1.125,13,0
IWM191004P142,2019-10-02,2019-10-02 09:37:02,0.14,1.1666,713,0.12,1.0,456,0.12,1.0,12,0.13,1.0833,13,0
IWM191004P142,2019-10-02,2019-10-02 09:37:02,0.14,1.1666,631,0.12,1.0,658,0.12,1.0,12,0.13,1.0833,13,0
IWM191004P142,2019-10-02,2019-10-02 09:37:03,0.14,1.1666,566,0.12,1.0,997,0.12,1.0,12,0.13,1.0833,13,0
IWM191004P142,2019-10-02,2019-10-02 09:37:03,0.14,1.1666,450,0.12,1.0,819,0.12,1.0,12,0.13,1.0833,13,0
IWM191004P142,2019-10-02,2019-10-02 09:37:04,0.14,1.1666,566,0.12,1.0,1047,0.12,1.0,12,0.13,1.0833,13,0
IWM191004P142,2019-10-02,2019-10-02 09:37:04,0.14,1.1666,650,0.12,1.0,1247,0.12,1.0,12,0.13,1.0833,13,0
IWM191004P142,2019-10-02,2019-10-02 09:37:05,0.14,1.1666,279,0.13,1.0833,355,0.12,1.0,12,0.135,1.125,13,0
IWM191004P142,2019-10-02,2019-10-02 09:37:05,0.14,1.1666,802,0.12,1.0,1307,0.12,1.0,12,0.13,1.0833,13,0
IWM191004P142,2019-10-02,2019-10-02 09:37:06,0.14,1.1666,20,0.13,1.0833,226,0.12,1.0,12,0.135,1.125,13,0
IWM191004P142,2019-10-02,2019-10-02 09:37:06,0.14,1.1666,36,0.13,1.0833,355,0.12,1.0,12,0.135,1.125,13,0
IWM191004P142,2019-10-02,2019-10-02 09:37:07,0.15,1.25,873,0.13,1.0833,628,0.12,1.0,12,0.14,1.1666,13,0
IWM191004P142,2019-10-02,2019-10-02 09:37:08,0.15,1.25,1097,0.13,1.0833,624,0.12,1.0,12,0.14,1.1666,13,0
IWM191004P142,2019-10-02,2019-10-02 09:37:08,0.15,1.25,1147,0.13,1.0833,264,0.12,1.0,12,0.14,1.1666,13,0
IWM191004P142,2019-10-02,2019-10-02 09:37:09,0.14,1.1666,20,0.13,1.0833,642,0.12,1.0,12,0.135,1.125,13,0
IWM191004P142,2019-10-02,2019-10-02 09:37:09,0.15,1.25,719,0.13,1.0833,642,0.12,1.0,12,0.14,1.1666,13,0
IWM191004P142,2019-10-02,2019-10-02 09:37:10,0.15,1.25,1303,0.13,1.0833,575,0.12,1.0,12,0.14,1.1666,13,0
IWM191004P142,2019-10-02,2019-10-02 09:37:10,0.15,1.25,993,0.13,1.0833,536,0.12,1.0,12,0.14,1.1666,13,0
IWM191004P142,2019-10-02,2019-10-02 09:37:11,0.15,1.25,1332,0.13,1.0833,694,0.12,1.0,12,0.14,1.1666,13,0
IWM191004P142,2019-10-02,2019-10-02 09:37:11,0.15,1.25,1392,0.13,1.0833,670,0.12,1.0,12,0.14,1.1666,13,0
IWM191004P142,2019-10-02,2019-10-02 09:37:12,0.14,1.1666,10,0.13,1.0833,670,0.12,1.0,12,0.135,1.125,13,0
IWM191004P142,2019-10-02,2019-10-02 09:37:12,0.15,1.25,920,0.13,1.0833,536,0.12,1.0,12,0.14,1.1666,13,0
IWM191004P142,2019-10-02,2019-10-02 09:37:13,0.15,1.25,429,0.13,1.0833,688,0.12,1.0,12,0.14,1.1666,13,0
IWM191004P142,2019-10-02,2019-10-02 09:37:13,0.15,1.25,691,0.13,1.0833,898,0.12,1.0,12,0.14,1.1666,13,0
IWM191004P142,2019-10-02,2019-10-02 09:37:14,0.15,1.25,560,0.13,1.0833,688,0.12,1.0,12,0.14,1.1666,13,0
IWM191004P142,2019-10-02,2019-10-02 09:37:14,0.15,1.25,372,0.13,1.0833,769,0.12,1.0,12,0.14,1.1666,13,0
IWM191004P142,2019-10-02,2019-10-02 09:37:15,0.15,1.25,763,0.13,1.0833,494,0.12,1.0,12,0.14,1.1666,13,0
IWM191004P142,2019-10-02,2019-10-02 09:37:15,0.15,1.25,918,0.13,1.0833,794,0.12,1.0,12,0.14,1.1666,13,0
IWM191004P142,2019-10-02,2019-10-02 09:37:16,0.15,1.25,706,0.13,1.0833,798,0.12,1.0,12,0.14,1.1666,13,0
IWM191004P142,2019-10-02,2019-10-02 09:37:16,0.15,1.25,1042,0.13,1.0833,1278,0.12,1.0,12,0.14,1.1666,13,0
IWM191004P142,2019-10-02,2019-10-02 09:37:17,0.15,1.25,706,0.13,1.0833,1103,0.12,1.0,12,0.14,1.1666,13,0
IWM191004P142,2019-10-02,2019-10-02 09:37:17,0.15,1.25,723,0.13,1.0833,1373,0.12,1.0,12,0.14,1.1666,13,0
IWM191004P142,2019-10-02,2019-10-02 09:37:18,0.15,1.25,1008,0.13,1.0833,1032,0.12,1.0,12,0.14,1.1666,13,0
IWM191004P142,2019-10-02,2019-10-02 09:37:18,0.15,1.25,1443,0.13,1.0833,1179,0.12,1.0,12,0.14,1.1666,13,0
IWM191004P142,2019-10-02,2019-10-02 09:37:19,0.15,1.25,1071,0.13,1.0833,680,0.12,1.0,12,0.14,1.1666,13,0
IWM191004P142,2019-10-02,2019-10-02 09:37:19,0.15,1.25,473,0.13,1.0833,879,0.12,1.0,12,0.14,1.1666,13,0
IWM191004P142,2019-10-02,2019-10-02 09:37:20,0.15,1.25,650,0.13,1.0833,505,0.12,1.0,12,0.14,1.1666,13,0
IWM191004P142,2019-10-02,2019-10-02 09:37:20,0.15,1.25,650,0.13,1.0833,584,0.12,1.0,12,0.14,1.1666,13,0
IWM191004P142,2019-10-02,2019-10-02 09:37:21,0.15,1.25,650,0.13,1.0833,666,0.12,1.0,12,0.14,1.1666,13,0
IWM191004P142,2019-10-02,2019-10-02 09:37:21,0.15,1.25,1076,0.13,1.0833,666,0.12,1.0,12,0.14,1.1666,13,0
IWM191004P142,2019-10-02,2019-10-02 09:37:22,0.15,1.25,1200,0.13,1.0833,732,0.12,1.0,12,0.14,1.1666,13,0
IWM191004P142,2019-10-02,2019-10-02 09:37:23,0.15,1.25,790,0.13,1.0833,740,0.12,1.0,12,0.14,1.1666,13,0
IWM191004P142,2019-10-02,2019-10-02 09:37:23,0.15,1.25,1087,0.13,1.0833,1018,0.12,1.0,12,0.14,1.1666,13,0
IWM191004P142,2019-10-02,2019-10-02 09:37:24,0.15,1.25,790,0.13,1.0833,780,0.12,1.0,12,0.14,1.1666,13,0
IWM191004P142,2019-10-02,2019-10-02 09:37:24,0.15,1.25,1240,0.13,1.0833,1025,0.12,1.0,12,0.14,1.1666,13,0
IWM191004P142,2019-10-02,2019-10-02 09:37:25,0.15,1.25,1082,0.13,1.0833,737,0.12,1.0,12,0.14,1.1666,13,0
IWM191004P142,2019-10-02,2019-10-02 09:37:25,0.15,1.25,912,0.13,1.0833,737,0.12,1.0,12,0.14,1.1666,13,0
IWM191004P142,2019-10-02,2019-10-02 09:37:26,0.15,1.25,1383,0.13,1.0833,469,0.12,1.0,12,0.14,1.1666,13,0
IWM191004P142,2019-10-02,2019-10-02 09:37:26,0.15,1.25,968,0.13,1.0833,789,0.12,1.0,12,0.14,1.1666,13,0
IWM191004P142,2019-10-02,2019-10-02 09:37:27,0.15,1.25,1028,0.13,1.0833,789,0.12,1.0,12,0.14,1.1666,13,0
IWM191004P142,2019-10-02,2019-10-02 09:37:28,0.15,1.25,968,0.13,1.0833,759,0.12,1.0,12,0.14,1.1666,13,0
IWM191004P142,2019-10-02,2019-10-02 09:37:29,0.15,1.25,899,0.13,1.0833,723,0.12,1.0,12,0.14,1.1666,13,0
IWM191004P142,2019-10-02,2019-10-02 09:37:29,0.15,1.25,899,0.13,1.0833,810,0.12,1.0,12,0.14,1.1666,13,0
IWM191004P142,2019-10-02,2019-10-02 09:37:30,0.15,1.25,899,0.13,1.0833,784,0.12,1.0,12,0.14,1.1666,13,0
IWM191004P142,2019-10-02,2019-10-02 09:37:30,0.14,1.1666,20,0.13,1.0833,795,0.12,1.0,12,0.135,1.125,13,0
IWM191004P142,2019-10-02,2019-10-02 09:37:31,0.15,1.25,413,0.13,1.0833,870,0.12,1.0,12,0.14,1.1666,13,0
IWM191004P142,2019-10-02,2019-10-02 09:37:31,0.15,1.25,384,0.13,1.0833,517,0.12,1.0,12,0.14,1.1666,13,0
IWM191004P142,2019-10-02,2019-10-02 09:37:32,0.15,1.25,386,0.13,1.0833,583,0.12,1.0,12,0.14,1.1666,13,0
IWM191004P142,2019-10-02,2019-10-02 09:37:32,0.15,1.25,498,0.13,1.0833,930,0.12,1.0,12,0.14,1.1666,13,0
IWM191004P142,2019-10-02,2019-10-02 09:37:33,0.15,1.25,1148,0.13,1.0833,778,0.12,1.0,12,0.14,1.1666,13,0
IWM191004P142,2019-10-02,2019-10-02 09:37:33,0.15,1.25,416,0.13,1.0833,442,0.12,1.0,12,0.14,1.1666,13,0
IWM191004P142,2019-10-02,2019-10-02 09:37:34,0.15,1.25,1410,0.13,1.0833,848,0.12,1.0,12,0.14,1.1666,13,0
IWM191004P142,2019-10-02,2019-10-02 09:37:34,0.15,1.25,901,0.13,1.0833,874,0.12,1.0,12,0.14,1.1666,13,0
IWM191004P142,2019-10-02,2019-10-02 09:37:35,0.14,1.1666,20,0.13,1.0833,561,0.12,1.0,12,0.135,1.125,13,0
IWM191004P142,2019-10-02,2019-10-02 09:37:35,0.15,1.25,621,0.13,1.0833,590,0.12,1.0,12,0.14,1.1666,13,0
IWM191004P142,2019-10-02,2019-10-02 09:37:36,0.15,1.25,621,0.13,1.0833,569,0.12,1.0,12,0.14,1.1666,13,0
IWM191004P142,2019-10-02,2019-10-02 09:37:37,0.15,1.25,390,0.13,1.0833,569,0.12,1.0,12,0.14,1.1666,13,0
IWM191004P142,2019-10-02,2019-10-02 09:37:37,0.15,1.25,305,0.13,1.0833,569,0.12,1.0,12,0.14,1.1666,13,0
IWM191004P142,2019-10-02,2019-10-02 09:37:38,0.15,1.25,305,0.13,1.0833,569,0.12,1.0,12,0.14,1.1666,13,0
IWM191004P142,2019-10-02,2019-10-02 09:37:38,0.15,1.25,63,0.14,1.1666,272,0.12,1.0,12,0.145,1.2083,13,0
IWM191004P142,2019-10-02,2019-10-02 09:37:39,0.15,1.25,30,0.14,1.1666,386,0.12,1.0,12,0.145,1.2083,13,0
IWM191004P142,2019-10-02,2019-10-02 09:37:40,0.15,1.25,30,0.14,1.1666,386,0.12,1.0,12,0.145,1.2083,13,0
IWM191004P142,2019-10-02,2019-10-02 09:37:41,0.15,1.25,30,0.14,1.1666,386,0.12,1.0,12,0.145,1.2083,13,0
IWM191004P142,2019-10-02,2019-10-02 09:37:42,0.15,1.25,245,0.14,1.1666,159,0.12,1.0,12,0.145,1.2083,13,0
IWM191004P142,2019-10-02,2019-10-02 09:37:42,0.15,1.25,30,0.14,1.1666,386,0.12,1.0,12,0.145,1.2083,13,0
IWM191004P142,2019-10-02,2019-10-02 09:37:43,0.15,1.25,517,0.14,1.1666,333,0.12,1.0,12,0.145,1.2083,13,0
IWM191004P142,2019-10-02,2019-10-02 09:37:43,0.15,1.25,356,0.14,1.1666,159,0.12,1.0,12,0.145,1.2083,13,0
IWM191004P142,2019-10-02,2019-10-02 09:37:44,0.15,1.25,365,0.14,1.1666,102,0.12,1.0,12,0.145,1.2083,13,0
IWM191004P142,2019-10-02,2019-10-02 09:37:44,0.15,1.25,365,0.14,1.1666,333,0.12,1.0,12,0.145,1.2083,13,0
IWM191004P142,2019-10-02,2019-10-02 09:37:45,0.15,1.25,365,0.14,1.1666,92,0.12,1.0,12,0.145,1.2083,13,0
IWM191004P142,2019-10-02,2019-10-02 09:37:45,0.15,1.25,965,0.14,1.1666,92,0.12,1.0,12,0.145,1.2083,13,0
IWM191004P142,2019-10-02,2019-10-02 09:37:46,0.15,1.25,905,0.14,1.1666,92,0.12,1.0,12,0.145,1.2083,13,0
IWM191004P142,2019-10-02,2019-10-02 09:37:46,0.15,1.25,965,0.14,1.1666,92,0.12,1.0,12,0.145,1.2083,13,0
IWM191004P142,2019-10-02,2019-10-02 09:37:47,0.15,1.25,312,0.14,1.1666,326,0.12,1.0,12,0.145,1.2083,13,0
IWM191004P142,2019-10-02,2019-10-02 09:37:47,0.15,1.25,843,0.14,1.1666,130,0.12,1.0,12,0.145,1.2083,13,0
IWM191004P142,2019-10-02,2019-10-02 09:37:48,0.15,1.25,370,0.14,1.1666,345,0.12,1.0,12,0.145,1.2083,13,0
IWM191004P142,2019-10-02,2019-10-02 09:37:48,0.15,1.25,252,0.14,1.1666,345,0.12,1.0,12,0.145,1.2083,13,0
IWM191004P142,2019-10-02,2019-10-02 09:37:49,0.15,1.25,20,0.14,1.1666,350,0.12,1.0,12,0.145,1.2083,13,0
IWM191004P142,2019-10-02,2019-10-02 09:37:49,0.15,1.25,341,0.14,1.1666,316,0.12,1.0,12,0.145,1.2083,13,0
IWM191004P142,2019-10-02,2019-10-02 09:37:50,0.15,1.25,20,0.14,1.1666,455,0.12,1.0,12,0.145,1.2083,13,0
IWM191004P142,2019-10-02,2019-10-02 09:37:50,0.15,1.25,30,0.14,1.1666,455,0.12,1.0,12,0.145,1.2083,13,0
IWM191004P142,2019-10-02,2019-10-02 09:37:51,0.15,1.25,20,0.14,1.1666,455,0.12,1.0,12,0.145,1.2083,13,0
IWM191004P142,2019-10-02,2019-10-02 09:37:52,0.15,1.25,30,0.14,1.1666,413,0.12,1.0,12,0.145,1.2083,13,0
IWM191004P142,2019-10-02,2019-10-02 09:37:53,0.15,1.25,30,0.14,1.1666,413,0.12,1.0,12,0.145,1.2083,13,0
IWM191004P142,2019-10-02,2019-10-02 09:37:53,0.15,1.25,30,0.14,1.1666,280,0.12,1.0,12,0.145,1.2083,13,0
IWM191004P142,2019-10-02,2019-10-02 09:37:54,0.15,1.25,30,0.14,1.1666,280,0.12,1.0,12,0.145,1.2083,13,0
IWM191004P142,2019-10-02,2019-10-02 09:37:54,0.15,1.25,20,0.14,1.1666,375,0.12,1.0,12,0.145,1.2083,13,0
IWM191004P142,2019-10-02,2019-10-02 09:37:55,0.15,1.25,20,0.14,1.1666,435,0.12,1.0,12,0.145,1.2083,13,0
IWM191004P142,2019-10-02,2019-10-02 09:37:55,0.15,1.25,20,0.14,1.1666,375,0.12,1.0,12,0.145,1.2083,13,0
IWM191004P142,2019-10-02,2019-10-02 09:37:56,0.15,1.25,20,0.14,1.1666,450,0.12,1.0,12,0.145,1.2083,13,0
IWM191004P142,2019-10-02,2019-10-02 09:37:57,0.15,1.25,20,0.14,1.1666,450,0.12,1.0,12,0.145,1.2083,13,0
IWM191004P142,2019-10-02,2019-10-02 09:37:58,0.15,1.25,20,0.14,1.1666,375,0.12,1.0,12,0.145,1.2083,13,0
IWM191004P142,2019-10-02,2019-10-02 09:37:59,0.15,1.25,30,0.14,1.1666,375,0.12,1.0,12,0.145,1.2083,13,0
IWM191004P142,2019-10-02,2019-10-02 09:38:00,0.15,1.25,30,0.14,1.1666,375,0.12,1.0,12,0.145,1.2083,13,0
IWM191004P142,2019-10-02,2019-10-02 09:38:00,0.15,1.25,30,0.14,1.1666,568,0.12,1.0,12,0.145,1.2083,13,0
IWM191004P142,2019-10-02,2019-10-02 09:38:01,0.15,1.25,30,0.14,1.1666,568,0.12,1.0,12,0.145,1.2083,13,0
IWM191004P142,2019-10-02,2019-10-02 09:38:01,0.15,1.25,30,0.14,1.1666,508,0.12,1.0,12,0.145,1.2083,13,0
IWM191004P142,2019-10-02,2019-10-02 09:38:02,0.15,1.25,30,0.14,1.1666,568,0.12,1.0,12,0.145,1.2083,13,0
IWM191004P142,2019-10-02,2019-10-02 09:38:03,0.15,1.25,30,0.14,1.1666,508,0.12,1.0,12,0.145,1.2083,13,0
IWM191004P142,2019-10-02,2019-10-02 09:38:04,0.15,1.25,30,0.14,1.1666,508,0.12,1.0,12,0.145,1.2083,13,0
IWM191004P142,2019-10-02,2019-10-02 09:38:05,0.15,1.25,20,0.14,1.1666,592,0.12,1.0,12,0.145,1.2083,13,0
IWM191004P142,2019-10-02,2019-10-02 09:38:06,0.15,1.25,20,0.14,1.1666,592,0.12,1.0,12,0.145,1.2083,13,0
IWM191004P142,2019-10-02,2019-10-02 09:38:06,0.15,1.25,30,0.14,1.1666,592,0.12,1.0,12,0.145,1.2083,13,0
IWM191004P142,2019-10-02,2019-10-02 09:38:07,0.15,1.25,30,0.14,1.1666,508,0.12,1.0,12,0.145,1.2083,13,0
IWM191004P142,2019-10-02,2019-10-02 09:38:07,0.15,1.25,30,0.14,1.1666,568,0.12,1.0,12,0.145,1.2083,13,0
IWM191004P142,2019-10-02,2019-10-02 09:38:08,0.16,1.3333,390,0.14,1.1666,508,0.12,1.0,12,0.15,1.25,13,0
IWM191004P142,2019-10-02,2019-10-02 09:38:08,0.15,1.25,30,0.14,1.1666,508,0.12,1.0,12,0.145,1.2083,13,0
IWM191004P142,2019-10-02,2019-10-02 09:38:09,0.15,1.25,20,0.14,1.1666,438,0.12,1.0,12,0.145,1.2083,13,0
IWM191004P142,2019-10-02,2019-10-02 09:38:09,0.15,1.25,20,0.14,1.1666,656,0.12,1.0,12,0.145,1.2083,13,0
IWM191004P142,2019-10-02,2019-10-02 09:38:10,0.15,1.25,20,0.14,1.1666,596,0.12,1.0,12,0.145,1.2083,13,0
IWM191004P142,2019-10-02,2019-10-02 09:38:10,0.15,1.25,30,0.14,1.1666,596,0.12,1.0,12,0.145,1.2083,13,0
IWM191004P142,2019-10-02,2019-10-02 09:38:11,0.15,1.25,20,0.14,1.1666,596,0.12,1.0,12,0.145,1.2083,13,0
IWM191004P142,2019-10-02,2019-10-02 09:38:11,0.15,1.25,30,0.14,1.1666,596,0.12,1.0,12,0.145,1.2083,13,0
IWM191004P142,2019-10-02,2019-10-02 09:38:12,0.15,1.25,20,0.14,1.1666,656,0.12,1.0,12,0.145,1.2083,13,0
IWM191004P142,2019-10-02,2019-10-02 09:38:13,0.15,1.25,20,0.14,1.1666,656,0.12,1.0,12,0.145,1.2083,13,0
IWM191004P142,2019-10-02,2019-10-02 09:38:14,0.15,1.25,30,0.14,1.1666,656,0.12,1.0,12,0.145,1.2083,13,0
IWM191004P142,2019-10-02,2019-10-02 09:38:14,0.15,1.25,20,0.14,1.1666,596,0.12,1.0,12,0.145,1.2083,13,0
IWM191004P142,2019-10-02,2019-10-02 09:38:15,0.15,1.25,20,0.14,1.1666,656,0.12,1.0,12,0.145,1.2083,13,0
IWM191004P142,2019-10-02,2019-10-02 09:38:16,0.15,1.25,20,0.14,1.1666,656,0.12,1.0,12,0.145,1.2083,13,0
IWM191004P142,2019-10-02,2019-10-02 09:38:17,0.15,1.25,20,0.14,1.1666,656,0.12,1.0,12,0.145,1.2083,13,0
IWM191004P142,2019-10-02,2019-10-02 09:38:18,0.15,1.25,20,0.14,1.1666,656,0.12,1.0,12,0.145,1.2083,13,0
IWM191004P142,2019-10-02,2019-10-02 09:38:19,0.15,1.25,20,0.14,1.1666,656,0.12,1.0,12,0.145,1.2083,13,0
IWM191004P142,2019-10-02,2019-10-02 09:38:19,0.16,1.3333,689,0.14,1.1666,596,0.12,1.0,12,0.15,1.25,13,0
IWM191004P142,2019-10-02,2019-10-02 09:38:20,0.15,1.25,20,0.14,1.1666,656,0.12,1.0,12,0.145,1.2083,13,0
IWM191004P142,2019-10-02,2019-10-02 09:38:21,0.15,1.25,20,0.14,1.1666,656,0.12,1.0,12,0.145,1.2083,13,0
IWM191004P142,2019-10-02,2019-10-02 09:38:21,0.16,1.3333,440,0.14,1.1666,596,0.12,1.0,12,0.15,1.25,13,0
IWM191004P142,2019-10-02,2019-10-02 09:38:22,0.16,1.3333,440,0.14,1.1666,656,0.12,1.0,12,0.15,1.25,13,0
IWM191004P142,2019-10-02,2019-10-02 09:38:23,0.15,1.25,30,0.14,1.1666,656,0.12,1.0,12,0.145,1.2083,13,0
IWM191004P142,2019-10-02,2019-10-02 09:38:23,0.15,1.25,30,0.14,1.1666,596,0.12,1.0,12,0.145,1.2083,13,0
IWM191004P142,2019-10-02,2019-10-02 09:38:24,0.15,1.25,30,0.14,1.1666,596,0.12,1.0,12,0.145,1.2083,13,0
IWM191004P142,2019-10-02,2019-10-02 09:38:24,0.16,1.3333,500,0.14,1.1666,656,0.12,1.0,12,0.15,1.25,13,0
IWM191004P142,2019-10-02,2019-10-02 09:38:25,0.15,1.25,20,0.14,1.1666,656,0.12,1.0,12,0.145,1.2083,13,0
IWM191004P142,2019-10-02,2019-10-02 09:38:26,0.15,1.25,20,0.14,1.1666,656,0.12,1.0,12,0.145,1.2083,13,0
IWM191004P142,2019-10-02,2019-10-02 09:38:26,0.15,1.25,20,0.14,1.1666,565,0.12,1.0,12,0.145,1.2083,13,0
IWM191004P142,2019-10-02,2019-10-02 09:38:27,0.16,1.3333,535,0.14,1.1666,642,0.12,1.0,12,0.15,1.25,13,0
IWM191004P142,2019-10-02,2019-10-02 09:38:27,0.16,1.3333,535,0.14,1.1666,622,0.12,1.0,12,0.15,1.25,13,0
IWM191004P142,2019-10-02,2019-10-02 09:38:28,0.16,1.3333,535,0.14,1.1666,622,0.12,1.0,12,0.15,1.25,13,0
IWM191004P142,2019-10-02,2019-10-02 09:38:28,0.16,1.3333,535,0.14,1.1666,642,0.12,1.0,12,0.15,1.25,13,0
IWM191004P142,2019-10-02,2019-10-02 09:38:29,0.16,1.3333,100,0.14,1.1666,907,0.12,1.0,12,0.15,1.25,13,0
IWM191004P142,2019-10-02,2019-10-02 09:38:29,0.16,1.3333,535,0.14,1.1666,847,0.12,1.0,12,0.15,1.25,13,0
IWM191004P142,2019-10-02,2019-10-02 09:38:30,0.16,1.3333,86,0.14,1.1666,1207,0.12,1.0,12,0.15,1.25,13,0
IWM191004P142,2019-10-02,2019-10-02 09:38:30,0.16,1.3333,150,0.14,1.1666,907,0.12,1.0,12,0.15,1.25,13,0
IWM191004P142,2019-10-02,2019-10-02 09:38:31,0.16,1.3333,73,0.14,1.1666,907,0.12,1.0,12,0.15,1.25,13,0
IWM191004P142,2019-10-02,2019-10-02 09:38:31,0.16,1.3333,150,0.14,1.1666,907,0.12,1.0,12,0.15,1.25,13,0
IWM191004P142,2019-10-02,2019-10-02 09:38:32,0.16,1.3333,73,0.14,1.1666,304,0.12,1.0,12,0.15,1.25,13,0
IWM191004P142,2019-10-02,2019-10-02 09:38:32,0.17,1.4166,272,0.15,1.25,458,0.12,1.0,12,0.16,1.3333,13,0
IWM191004P142,2019-10-02,2019-10-02 09:38:33,0.17,1.4166,272,0.15,1.25,458,0.12,1.0,12,0.16,1.3333,13,0
IWM191004P142,2019-10-02,2019-10-02 09:38:34,0.16,1.3333,20,0.15,1.25,517,0.12,1.0,12,0.155,1.2916,13,0
IWM191004P142,2019-10-02,2019-10-02 09:38:35,0.17,1.4166,212,0.15,1.25,570,0.12,1.0,12,0.16,1.3333,13,0
IWM191004P142,2019-10-02,2019-10-02 09:38:35,0.17,1.4166,91,0.15,1.25,570,0.12,1.0,12,0.16,1.3333,13,0
IWM191004P142,2019-10-02,2019-10-02 09:38:36,0.17,1.4166,416,0.15,1.25,628,0.12,1.0,12,0.16,1.3333,13,0
IWM191004P142,2019-10-02,2019-10-02 09:38:36,0.17,1.4166,356,0.15,1.25,584,0.12,1.0,12,0.16,1.3333,13,0
IWM191004P142,2019-10-02,2019-10-02 09:38:37,0.16,1.3333,30,0.15,1.25,689,0.12,1.0,12,0.155,1.2916,13,0
IWM191004P142,2019-10-02,2019-10-02 09:38:37,0.17,1.4166,356,0.15,1.25,689,0.12,1.0,12,0.16,1.3333,13,0
IWM191004P142,2019-10-02,2019-10-02 09:38:38,0.16,1.3333,30,0.15,1.25,629,0.12,1.0,12,0.155,1.2916,13,0
IWM191004P142,2019-10-02,2019-10-02 09:38:39,0.16,1.3333,30,0.15,1.25,379,0.12,1.0,12,0.155,1.2916,13,0
IWM191004P142,2019-10-02,2019-10-02 09:38:39,0.16,1.3333,99,0.15,1.25,283,0.12,1.0,12,0.155,1.2916,13,0
IWM191004P142,2019-10-02,2019-10-02 09:38:40,0.16,1.3333,99,0.15,1.25,389,0.12,1.0,12,0.155,1.2916,13,0
IWM191004P142,2019-10-02,2019-10-02 09:38:40,0.16,1.3333,30,0.15,1.25,342,0.12,1.0,12,0.155,1.2916,13,0
IWM191004P142,2019-10-02,2019-10-02 09:38:41,0.16,1.3333,88,0.15,1.25,237,0.12,1.0,12,0.155,1.2916,13,0
IWM191004P142,2019-10-02,2019-10-02 09:38:41,0.16,1.3333,226,0.15,1.25,311,0.12,1.0,12,0.155,1.2916,13,0
IWM191004P142,2019-10-02,2019-10-02 09:38:42,0.16,1.3333,44,0.15,1.25,311,0.12,1.0,12,0.155,1.2916,13,0
IWM191004P142,2019-10-02,2019-10-02 09:38:42,0.16,1.3333,160,0.15,1.25,103,0.12,1.0,12,0.155,1.2916,13,0
IWM191004P142,2019-10-02,2019-10-02 09:38:43,0.16,1.3333,32,0.15,1.25,389,0.12,1.0,12,0.155,1.2916,13,0
IWM191004P142,2019-10-02,2019-10-02 09:38:43,0.16,1.3333,38,0.15,1.25,389,0.12,1.0,12,0.155,1.2916,13,0
IWM191004P142,2019-10-02,2019-10-02 09:38:44,0.16,1.3333,70,0.15,1.25,389,0.12,1.0,12,0.155,1.2916,13,0
IWM191004P142,2019-10-02,2019-10-02 09:38:44,0.16,1.3333,62,0.15,1.25,389,0.12,1.0,12,0.155,1.2916,13,0
IWM191004P142,2019-10-02,2019-10-02 09:38:45,0.16,1.3333,62,0.15,1.25,389,0.12,1.0,12,0.155,1.2916,13,0
IWM191004P142,2019-10-02,2019-10-02 09:38:45,0.16,1.3333,30,0.15,1.25,389,0.12,1.0,12,0.155,1.2916,13,0
IWM191004P142,2019-10-02,2019-10-02 09:38:46,0.16,1.3333,30,0.15,1.25,389,0.12,1.0,12,0.155,1.2916,13,0
IWM191004P142,2019-10-02,2019-10-02 09:38:46,0.16,1.3333,10,0.15,1.25,355,0.12,1.0,12,0.155,1.2916,13,0
IWM191004P142,2019-10-02,2019-10-02 09:38:47,0.17,1.4166,745,0.15,1.25,328,0.12,1.0,12,0.16,1.3333,13,0
IWM191004P142,2019-10-02,2019-10-02 09:38:47,0.17,1.4166,862,0.15,1.25,384,0.12,1.0,12,0.16,1.3333,13,0
IWM191004P142,2019-10-02,2019-10-02 09:38:48,0.17,1.4166,800,0.15,1.25,468,0.12,1.0,12,0.16,1.3333,13,0
IWM191004P142,2019-10-02,2019-10-02 09:38:48,0.17,1.4166,850,0.15,1.25,389,0.12,1.0,12,0.16,1.3333,13,0
IWM191004P142,2019-10-02,2019-10-02 09:38:49,0.16,1.3333,20,0.15,1.25,395,0.12,1.0,12,0.155,1.2916,13,0
IWM191004P142,2019-10-02,2019-10-02 09:38:49,0.17,1.4166,913,0.15,1.25,449,0.12,1.0,12,0.16,1.3333,13,0
IWM191004P142,2019-10-02,2019-10-02 09:38:50,0.16,1.3333,94,0.15,1.25,389,0.12,1.0,12,0.155,1.2916,13,0
IWM191004P142,2019-10-02,2019-10-02 09:38:51,0.16,1.3333,30,0.15,1.25,473,0.12,1.0,12,0.155,1.2916,13,0
IWM191004P142,2019-10-02,2019-10-02 09:38:51,0.16,1.3333,40,0.15,1.25,389,0.12,1.0,12,0.155,1.2916,13,0
IWM191004P142,2019-10-02,2019-10-02 09:38:52,0.17,1.4166,355,0.15,1.25,401,0.12,1.0,12,0.16,1.3333,13,0
IWM191004P142,2019-10-02,2019-10-02 09:38:52,0.17,1.4166,355,0.15,1.25,358,0.12,1.0,12,0.16,1.3333,13,0
IWM191004P142,2019-10-02,2019-10-02 09:38:53,0.16,1.3333,20,0.15,1.25,550,0.12,1.0,12,0.155,1.2916,13,0
IWM191004P142,2019-10-02,2019-10-02 09:38:53,0.17,1.4166,440,0.15,1.25,353,0.12,1.0,12,0.16,1.3333,13,0
IWM191004P142,2019-10-02,2019-10-02 09:38:54,0.16,1.3333,30,0.15,1.25,490,0.12,1.0,12,0.155,1.2916,13,0
IWM191004P142,2019-10-02,2019-10-02 09:38:55,0.16,1.3333,30,0.15,1.25,550,0.12,1.0,12,0.155,1.2916,13,0
IWM191004P142,2019-10-02,2019-10-02 09:38:56,0.16,1.3333,77,0.15,1.25,490,0.12,1.0,12,0.155,1.2916,13,0
IWM191004P142,2019-10-02,2019-10-02 09:38:56,0.16,1.3333,30,0.15,1.25,490,0.12,1.0,12,0.155,1.2916,13,0
IWM191004P142,2019-10-02,2019-10-02 09:38:57,0.16,1.3333,110,0.15,1.25,372,0.12,1.0,12,0.155,1.2916,13,0
IWM191004P142,2019-10-02,2019-10-02 09:38:57,0.16,1.3333,47,0.15,1.25,353,0.12,1.0,12,0.155,1.2916,13,0
IWM191004P142,2019-10-02,2019-10-02 09:38:58,0.16,1.3333,47,0.15,1.25,353,0.12,1.0,12,0.155,1.2916,13,0
IWM191004P142,2019-10-02,2019-10-02 09:38:58,0.16,1.3333,42,0.15,1.25,372,0.12,1.0,12,0.155,1.2916,13,0
IWM191004P142,2019-10-02,2019-10-02 09:38:59,0.16,1.3333,20,0.15,1.25,424,0.12,1.0,12,0.155,1.2916,13,0
IWM191004P142,2019-10-02,2019-10-02 09:39:00,0.16,1.3333,91,0.15,1.25,424,0.12,1.0,12,0.155,1.2916,13,0
IWM191004P142,2019-10-02,2019-10-02 09:39:00,0.16,1.3333,20,0.15,1.25,424,0.12,1.0,12,0.155,1.2916,13,0
IWM191004P142,2019-10-02,2019-10-02 09:39:01,0.17,1.4166,1006,0.15,1.25,424,0.12,1.0,12,0.16,1.3333,13,0
IWM191004P142,2019-10-02,2019-10-02 09:39:02,0.17,1.4166,1006,0.15,1.25,424,0.12,1.0,12,0.16,1.3333,13,0
IWM191004P142,2019-10-02,2019-10-02 09:39:02,0.17,1.4166,1153,0.15,1.25,441,0.12,1.0,12,0.16,1.3333,13,0
IWM191004P142,2019-10-02,2019-10-02 09:39:03,0.16,1.3333,51,0.15,1.25,449,0.12,1.0,12,0.155,1.2916,13,0
IWM191004P142,2019-10-02,2019-10-02 09:39:03,0.16,1.3333,30,0.15,1.25,449,0.12,1.0,12,0.155,1.2916,13,0
IWM191004P142,2019-10-02,2019-10-02 09:39:04,0.16,1.3333,20,0.15,1.25,449,0.12,1.0,12,0.155,1.2916,13,0
IWM191004P142,2019-10-02,2019-10-02 09:39:04,0.16,1.3333,20,0.15,1.25,531,0.12,1.0,12,0.155,1.2916,13,0
IWM191004P142,2019-10-02,2019-10-02 09:39:05,0.16,1.3333,20,0.15,1.25,531,0.12,1.0,12,0.155,1.2916,13,0
IWM191004P142,2019-10-02,2019-10-02 09:39:05,0.16,1.3333,20,0.15,1.25,471,0.12,1.0,12,0.155,1.2916,13,0
IWM191004P142,2019-10-02,2019-10-02 09:39:06,0.17,1.4166,1028,0.15,1.25,624,0.12,1.0,12,0.16,1.3333,13,0
IWM191004P142,2019-10-02,2019-10-02 09:39:06,0.17,1.4166,1028,0.15,1.25,598,0.12,1.0,12,0.16,1.3333,13,0
IWM191004P142,2019-10-02,2019-10-02 09:39:07,0.17,1.4166,1028,0.15,1.25,624,0.12,1.0,12,0.16,1.3333,13,0
IWM191004P142,2019-10-02,2019-10-02 09:39:08,0.17,1.4166,627,0.15,1.25,1149,0.12,1.0,12,0.16,1.3333,13,0
IWM191004P142,2019-10-02,2019-10-02 09:39:08,0.17,1.4166,464,0.15,1.25,1189,0.12,1.0,12,0.16,1.3333,13,0
IWM191004P142,2019-10-02,2019-10-02 09:39:09,0.17,1.4166,511,0.15,1.25,1122,0.12,1.0,12,0.16,1.3333,13,0
IWM191004P142,2019-10-02,2019-10-02 09:39:09,0.17,1.4166,183,0.15,1.25,699,0.12,1.0,12,0.16,1.3333,13,0
IWM191004P142,2019-10-02,2019-10-02 09:39:10,0.16,1.3333,20,0.15,1.25,624,0.12,1.0,12,0.155,1.2916,13,0
IWM191004P142,2019-10-02,2019-10-02 09:39:11,0.17,1.4166,669,0.15,1.25,624,0.12,1.0,12,0.16,1.3333,13,0
IWM191004P142,2019-10-02,2019-10-02 09:39:12,0.16,1.3333,10,0.15,1.25,624,0.12,1.0,12,0.155,1.2916,13,0
IWM191004P142,2019-10-02,2019-10-02 09:39:12,0.17,1.4166,669,0.15,1.25,624,0.12,1.0,12,0.16,1.3333,13,0
IWM191004P142,2019-10-02,2019-10-02 09:39:13,0.16,1.3333,10,0.15,1.25,511,0.12,1.0,12,0.155,1.2916,13,0
IWM191004P142,2019-10-02,2019-10-02 09:39:13,0.16,1.3333,10,0.15,1.25,471,0.12,1.0,12,0.155,1.2916,13,0
IWM191004P142,2019-10-02,2019-10-02 09:39:14,0.16,1.3333,10,0.15,1.25,511,0.12,1.0,12,0.155,1.2916,13,0
