symbol,Date,quote_time,ask_price,norm_ask_price,ask_size,bid_price,norm_bid_price,bid_size,last_trade_price,norm_last_trade_price,last_trade_size,mark_price,norm_mark_price,volume,Volume
SPY190715C301,2019-07-12,2019-07-12 09:30:00,0.23,1.0,702,0.22,0.9565,285,0.25,1.0869,2,0.225,0.9782,14492,14492
SPY190715C301,2019-07-12,2019-07-12 09:30:05,0.29,1.2608,304,0.25,1.0869,271,0.25,1.0869,2,0.27,1.1739,0,-14492
SPY190715C301,2019-07-12,2019-07-12 09:30:06,0.3,1.3043,271,0.26,1.1304,300,0.25,1.0869,2,0.28,1.2173,0,0
SPY190715C301,2019-07-12,2019-07-12 09:30:07,0.28,1.2173,180,0.26,1.1304,300,0.25,1.0869,2,0.27,1.1739,0,0
SPY190715C301,2019-07-12,2019-07-12 09:30:07,0.28,1.2173,88,0.26,1.1304,300,0.25,1.0869,2,0.27,1.1739,0,0
SPY190715C301,2019-07-12,2019-07-12 09:30:08,0.28,1.2173,180,0.26,1.1304,300,0.25,1.0869,2,0.27,1.1739,0,0
SPY190715C301,2019-07-12,2019-07-12 09:30:09,0.28,1.2173,180,0.27,1.1739,5,0.25,1.0869,2,0.275,1.1956,0,0
SPY190715C301,2019-07-12,2019-07-12 09:30:09,0.28,1.2173,180,0.26,1.1304,300,0.25,1.0869,2,0.27,1.1739,0,0
SPY190715C301,2019-07-12,2019-07-12 09:30:10,0.28,1.2173,180,0.27,1.1739,5,0.25,1.0869,2,0.275,1.1956,0,0
SPY190715C301,2019-07-12,2019-07-12 09:30:11,0.28,1.2173,180,0.27,1.1739,5,0.25,1.0869,2,0.275,1.1956,0,0
SPY190715C301,2019-07-12,2019-07-12 09:30:12,0.27,1.1739,34,0.27,1.1739,5,0.27,1.1739,12,0.27,1.1739,21,21
SPY190715C301,2019-07-12,2019-07-12 09:30:12,0.28,1.2173,180,0.27,1.1739,5,0.25,1.0869,2,0.275,1.1956,0,0
SPY190715C301,2019-07-12,2019-07-12 09:30:13,0.27,1.1739,34,0.26,1.1304,283,0.27,1.1739,12,0.265,1.1521,21,0
SPY190715C301,2019-07-12,2019-07-12 09:30:14,0.27,1.1739,168,0.26,1.1304,453,0.27,1.1739,12,0.265,1.1521,21,0
SPY190715C301,2019-07-12,2019-07-12 09:30:15,0.27,1.1739,10,0.26,1.1304,75,0.27,1.1739,12,0.265,1.1521,21,0
SPY190715C301,2019-07-12,2019-07-12 09:30:15,0.27,1.1739,189,0.26,1.1304,125,0.27,1.1739,12,0.265,1.1521,21,0
SPY190715C301,2019-07-12,2019-07-12 09:30:16,0.27,1.1739,8,0.26,1.1304,1232,0.27,1.1739,12,0.265,1.1521,21,0
SPY190715C301,2019-07-12,2019-07-12 09:30:17,0.27,1.1739,7,0.26,1.1304,312,0.27,1.1739,12,0.265,1.1521,21,0
SPY190715C301,2019-07-12,2019-07-12 09:30:17,0.27,1.1739,8,0.26,1.1304,1132,0.27,1.1739,12,0.265,1.1521,21,0
SPY190715C301,2019-07-12,2019-07-12 09:30:18,0.27,1.1739,82,0.26,1.1304,312,0.27,1.1739,5,0.265,1.1521,46,25
SPY190715C301,2019-07-12,2019-07-12 09:30:18,0.27,1.1739,192,0.26,1.1304,478,0.27,1.1739,5,0.265,1.1521,46,0
SPY190715C301,2019-07-12,2019-07-12 09:30:19,0.27,1.1739,192,0.26,1.1304,841,0.27,1.1739,5,0.265,1.1521,46,0
SPY190715C301,2019-07-12,2019-07-12 09:30:20,0.27,1.1739,192,0.26,1.1304,841,0.27,1.1739,5,0.265,1.1521,46,0
SPY190715C301,2019-07-12,2019-07-12 09:30:20,0.27,1.1739,192,0.26,1.1304,989,0.27,1.1739,5,0.265,1.1521,46,0
SPY190715C301,2019-07-12,2019-07-12 09:30:21,0.27,1.1739,207,0.26,1.1304,889,0.27,1.1739,5,0.265,1.1521,46,0
SPY190715C301,2019-07-12,2019-07-12 09:30:21,0.27,1.1739,192,0.26,1.1304,989,0.27,1.1739,5,0.265,1.1521,46,0
SPY190715C301,2019-07-12,2019-07-12 09:30:22,0.27,1.1739,207,0.26,1.1304,714,0.27,1.1739,2,0.265,1.1521,48,2
SPY190715C301,2019-07-12,2019-07-12 09:30:22,0.27,1.1739,207,0.26,1.1304,1522,0.27,1.1739,2,0.265,1.1521,48,0
SPY190715C301,2019-07-12,2019-07-12 09:30:23,0.27,1.1739,207,0.26,1.1304,1522,0.27,1.1739,2,0.265,1.1521,48,0
SPY190715C301,2019-07-12,2019-07-12 09:30:24,0.27,1.1739,16,0.26,1.1304,1522,0.27,1.1739,2,0.265,1.1521,48,0
SPY190715C301,2019-07-12,2019-07-12 09:30:25,0.27,1.1739,10,0.26,1.1304,1522,0.27,1.1739,2,0.265,1.1521,48,0
SPY190715C301,2019-07-12,2019-07-12 09:30:26,0.27,1.1739,10,0.26,1.1304,1830,0.27,1.1739,2,0.265,1.1521,48,0
SPY190715C301,2019-07-12,2019-07-12 09:30:27,0.27,1.1739,10,0.26,1.1304,2221,0.27,1.1739,2,0.265,1.1521,48,0
SPY190715C301,2019-07-12,2019-07-12 09:30:28,0.27,1.1739,10,0.26,1.1304,2221,0.27,1.1739,2,0.265,1.1521,48,0
SPY190715C301,2019-07-12,2019-07-12 09:30:29,0.27,1.1739,3,0.26,1.1304,2221,0.27,1.1739,2,0.265,1.1521,48,0
SPY190715C301,2019-07-12,2019-07-12 09:30:29,0.27,1.1739,10,0.26,1.1304,2221,0.27,1.1739,2,0.265,1.1521,48,0
SPY190715C301,2019-07-12,2019-07-12 09:30:30,0.27,1.1739,3,0.26,1.1304,2221,0.27,1.1739,2,0.265,1.1521,48,0
SPY190715C301,2019-07-12,2019-07-12 09:30:31,0.27,1.1739,3,0.26,1.1304,1450,0.27,1.1739,2,0.265,1.1521,48,0
SPY190715C301,2019-07-12,2019-07-12 09:30:31,0.27,1.1739,3,0.26,1.1304,2221,0.27,1.1739,2,0.265,1.1521,48,0
SPY190715C301,2019-07-12,2019-07-12 09:30:32,0.27,1.1739,3,0.26,1.1304,1450,0.26,1.1304,6,0.265,1.1521,54,6
SPY190715C301,2019-07-12,2019-07-12 09:30:33,0.27,1.1739,3,0.26,1.1304,2246,0.26,1.1304,6,0.265,1.1521,54,0
SPY190715C301,2019-07-12,2019-07-12 09:30:33,0.27,1.1739,84,0.26,1.1304,2246,0.26,1.1304,6,0.265,1.1521,54,0
SPY190715C301,2019-07-12,2019-07-12 09:30:34,0.27,1.1739,34,0.26,1.1304,1423,0.26,1.1304,6,0.265,1.1521,54,0
SPY190715C301,2019-07-12,2019-07-12 09:30:34,0.27,1.1739,61,0.26,1.1304,2058,0.26,1.1304,6,0.265,1.1521,54,0
SPY190715C301,2019-07-12,2019-07-12 09:30:35,0.27,1.1739,61,0.26,1.1304,1315,0.26,1.1304,6,0.265,1.1521,54,0
SPY190715C301,2019-07-12,2019-07-12 09:30:35,0.27,1.1739,61,0.26,1.1304,1766,0.26,1.1304,6,0.265,1.1521,54,0
SPY190715C301,2019-07-12,2019-07-12 09:30:36,0.27,1.1739,34,0.26,1.1304,376,0.26,1.1304,6,0.265,1.1521,54,0
SPY190715C301,2019-07-12,2019-07-12 09:30:37,0.27,1.1739,84,0.26,1.1304,929,0.26,1.1304,6,0.265,1.1521,54,0
SPY190715C301,2019-07-12,2019-07-12 09:30:37,0.27,1.1739,34,0.26,1.1304,765,0.26,1.1304,6,0.265,1.1521,54,0
SPY190715C301,2019-07-12,2019-07-12 09:30:38,0.27,1.1739,84,0.26,1.1304,918,0.26,1.1304,16,0.265,1.1521,70,16
SPY190715C301,2019-07-12,2019-07-12 09:30:39,0.27,1.1739,201,0.26,1.1304,918,0.26,1.1304,16,0.265,1.1521,70,0
SPY190715C301,2019-07-12,2019-07-12 09:30:39,0.27,1.1739,390,0.26,1.1304,1,0.26,1.1304,16,0.265,1.1521,70,0
SPY190715C301,2019-07-12,2019-07-12 09:30:40,0.27,1.1739,277,0.26,1.1304,1,0.26,1.1304,16,0.265,1.1521,70,0
SPY190715C301,2019-07-12,2019-07-12 09:30:40,0.27,1.1739,252,0.26,1.1304,1,0.26,1.1304,16,0.265,1.1521,70,0
SPY190715C301,2019-07-12,2019-07-12 09:30:41,0.27,1.1739,852,0.26,1.1304,5,0.26,1.1304,16,0.265,1.1521,70,0
SPY190715C301,2019-07-12,2019-07-12 09:30:42,0.27,1.1739,1258,0.26,1.1304,5,0.26,1.1304,16,0.265,1.1521,70,0
SPY190715C301,2019-07-12,2019-07-12 09:30:43,0.27,1.1739,308,0.26,1.1304,230,0.26,1.1304,1,0.265,1.1521,71,1
SPY190715C301,2019-07-12,2019-07-12 09:30:43,0.27,1.1739,292,0.26,1.1304,84,0.26,1.1304,16,0.265,1.1521,70,0
SPY190715C301,2019-07-12,2019-07-12 09:30:44,0.27,1.1739,1471,0.26,1.1304,4,0.26,1.1304,1,0.265,1.1521,71,0
SPY190715C301,2019-07-12,2019-07-12 09:30:45,0.27,1.1739,1234,0.26,1.1304,4,0.26,1.1304,1,0.265,1.1521,71,0
SPY190715C301,2019-07-12,2019-07-12 09:30:46,0.27,1.1739,1412,0.26,1.1304,4,0.26,1.1304,1,0.265,1.1521,71,0
SPY190715C301,2019-07-12,2019-07-12 09:30:46,0.27,1.1739,1412,0.25,1.0869,1945,0.26,1.1304,4,0.26,1.1304,76,5
SPY190715C301,2019-07-12,2019-07-12 09:30:47,0.27,1.1739,1412,0.25,1.0869,1945,0.26,1.1304,4,0.26,1.1304,76,0
SPY190715C301,2019-07-12,2019-07-12 09:30:48,0.27,1.1739,1412,0.25,1.0869,1861,0.26,1.1304,4,0.26,1.1304,76,0
SPY190715C301,2019-07-12,2019-07-12 09:30:48,0.27,1.1739,1412,0.25,1.0869,1945,0.26,1.1304,4,0.26,1.1304,76,0
SPY190715C301,2019-07-12,2019-07-12 09:30:50,0.27,1.1739,1412,0.25,1.0869,1325,0.26,1.1304,4,0.26,1.1304,76,0
SPY190715C301,2019-07-12,2019-07-12 09:30:50,0.26,1.1304,60,0.25,1.0869,3350,0.26,1.1304,4,0.255,1.1086,76,0
SPY190715C301,2019-07-12,2019-07-12 09:30:51,0.26,1.1304,60,0.25,1.0869,3243,0.26,1.1304,4,0.255,1.1086,76,0
SPY190715C301,2019-07-12,2019-07-12 09:30:55,0.26,1.1304,60,0.25,1.0869,1679,0.26,1.1304,4,0.255,1.1086,76,0
SPY190715C301,2019-07-12,2019-07-12 09:30:56,0.26,1.1304,104,0.25,1.0869,1137,0.26,1.1304,4,0.255,1.1086,76,0
SPY190715C301,2019-07-12,2019-07-12 09:30:57,0.26,1.1304,104,0.25,1.0869,1635,0.26,1.1304,4,0.255,1.1086,76,0
SPY190715C301,2019-07-12,2019-07-12 09:30:58,0.26,1.1304,104,0.25,1.0869,1635,0.26,1.1304,4,0.255,1.1086,76,0
SPY190715C301,2019-07-12,2019-07-12 09:30:59,0.26,1.1304,144,0.25,1.0869,1635,0.26,1.1304,4,0.255,1.1086,76,0
SPY190715C301,2019-07-12,2019-07-12 09:31:00,0.26,1.1304,110,0.25,1.0869,1137,0.26,1.1304,4,0.255,1.1086,76,0
SPY190715C301,2019-07-12,2019-07-12 09:31:00,0.26,1.1304,160,0.25,1.0869,3863,0.25,1.0869,1,0.255,1.1086,77,1
SPY190715C301,2019-07-12,2019-07-12 09:31:01,0.26,1.1304,190,0.25,1.0869,3631,0.25,1.0869,1,0.255,1.1086,77,0
SPY190715C301,2019-07-12,2019-07-12 09:31:02,0.26,1.1304,190,0.25,1.0869,1427,0.25,1.0869,1,0.255,1.1086,77,0
SPY190715C301,2019-07-12,2019-07-12 09:31:03,0.26,1.1304,224,0.25,1.0869,2150,0.25,1.0869,1,0.255,1.1086,77,0
SPY190715C301,2019-07-12,2019-07-12 09:31:05,0.26,1.1304,224,0.25,1.0869,1068,0.25,1.0869,1,0.255,1.1086,78,1
SPY190715C301,2019-07-12,2019-07-12 09:31:06,0.26,1.1304,225,0.25,1.0869,1068,0.25,1.0869,1,0.255,1.1086,78,0
SPY190715C301,2019-07-12,2019-07-12 09:31:07,0.26,1.1304,225,0.25,1.0869,1068,0.25,1.0869,1,0.255,1.1086,78,0
SPY190715C301,2019-07-12,2019-07-12 09:31:08,0.26,1.1304,338,0.25,1.0869,244,0.25,1.0869,1,0.255,1.1086,78,0
SPY190715C301,2019-07-12,2019-07-12 09:31:09,0.26,1.1304,362,0.25,1.0869,100,0.25,1.0869,1,0.255,1.1086,78,0
SPY190715C301,2019-07-12,2019-07-12 09:31:10,0.26,1.1304,418,0.25,1.0869,244,0.25,1.0869,26,0.255,1.1086,150,72
SPY190715C301,2019-07-12,2019-07-12 09:31:11,0.26,1.1304,395,0.25,1.0869,280,0.25,1.0869,26,0.255,1.1086,150,0
SPY190715C301,2019-07-12,2019-07-12 09:31:11,0.26,1.1304,562,0.25,1.0869,280,0.25,1.0869,26,0.255,1.1086,150,0
SPY190715C301,2019-07-12,2019-07-12 09:31:13,0.26,1.1304,911,0.25,1.0869,169,0.25,1.0869,97,0.255,1.1086,252,102
SPY190715C301,2019-07-12,2019-07-12 09:31:14,0.26,1.1304,911,0.25,1.0869,182,0.25,1.0869,97,0.255,1.1086,252,0
SPY190715C301,2019-07-12,2019-07-12 09:31:15,0.26,1.1304,1033,0.25,1.0869,182,0.25,1.0869,97,0.255,1.1086,252,0
SPY190715C301,2019-07-12,2019-07-12 09:31:26,0.26,1.1304,281,0.25,1.0869,981,0.25,1.0869,20,0.255,1.1086,278,26
SPY190715C301,2019-07-12,2019-07-12 09:31:31,0.26,1.1304,105,0.25,1.0869,3936,0.26,1.1304,7,0.255,1.1086,328,50
SPY190715C301,2019-07-12,2019-07-12 09:31:32,0.26,1.1304,102,0.25,1.0869,4112,0.26,1.1304,2,0.255,1.1086,338,10
SPY190715C301,2019-07-12,2019-07-12 09:31:32,0.26,1.1304,64,0.25,1.0869,4112,0.26,1.1304,38,0.255,1.1086,376,38
SPY190715C301,2019-07-12,2019-07-12 09:31:33,0.26,1.1304,64,0.25,1.0869,3342,0.26,1.1304,38,0.255,1.1086,376,0
SPY190715C301,2019-07-12,2019-07-12 09:31:33,0.26,1.1304,64,0.25,1.0869,3824,0.25,1.0869,2,0.255,1.1086,378,2
SPY190715C301,2019-07-12,2019-07-12 09:31:34,0.26,1.1304,64,0.25,1.0869,4296,0.26,1.1304,2,0.255,1.1086,380,2
SPY190715C301,2019-07-12,2019-07-12 09:31:34,0.26,1.1304,64,0.25,1.0869,4372,0.25,1.0869,2,0.255,1.1086,378,0
SPY190715C301,2019-07-12,2019-07-12 09:31:35,0.26,1.1304,64,0.25,1.0869,4296,0.26,1.1304,2,0.255,1.1086,380,0
SPY190715C301,2019-07-12,2019-07-12 09:31:36,0.26,1.1304,64,0.25,1.0869,4420,0.26,1.1304,2,0.255,1.1086,380,0
SPY190715C301,2019-07-12,2019-07-12 09:31:37,0.26,1.1304,62,0.25,1.0869,3268,0.26,1.1304,2,0.255,1.1086,380,0
SPY190715C301,2019-07-12,2019-07-12 09:31:38,0.26,1.1304,62,0.25,1.0869,2916,0.26,1.1304,2,0.255,1.1086,380,0
SPY190715C301,2019-07-12,2019-07-12 09:31:38,0.26,1.1304,62,0.25,1.0869,3147,0.26,1.1304,2,0.255,1.1086,380,0
SPY190715C301,2019-07-12,2019-07-12 09:31:39,0.26,1.1304,61,0.25,1.0869,3016,0.26,1.1304,1,0.255,1.1086,381,0
SPY190715C301,2019-07-12,2019-07-12 09:31:39,0.26,1.1304,61,0.25,1.0869,3016,0.26,1.1304,1,0.255,1.1086,381,1
SPY190715C301,2019-07-12,2019-07-12 09:31:40,0.26,1.1304,61,0.25,1.0869,3016,0.26,1.1304,1,0.255,1.1086,381,0
SPY190715C301,2019-07-12,2019-07-12 09:31:41,0.26,1.1304,61,0.25,1.0869,2916,0.26,1.1304,1,0.255,1.1086,381,0
SPY190715C301,2019-07-12,2019-07-12 09:31:42,0.26,1.1304,61,0.25,1.0869,1199,0.26,1.1304,1,0.255,1.1086,381,0
SPY190715C301,2019-07-12,2019-07-12 09:31:42,0.26,1.1304,61,0.25,1.0869,2939,0.26,1.1304,1,0.255,1.1086,381,0
SPY190715C301,2019-07-12,2019-07-12 09:31:43,0.26,1.1304,61,0.25,1.0869,2071,0.26,1.1304,1,0.255,1.1086,381,0
SPY190715C301,2019-07-12,2019-07-12 09:31:44,0.26,1.1304,62,0.25,1.0869,617,0.26,1.1304,1,0.255,1.1086,381,0
SPY190715C301,2019-07-12,2019-07-12 09:31:44,0.26,1.1304,62,0.25,1.0869,2451,0.26,1.1304,1,0.255,1.1086,381,0
SPY190715C301,2019-07-12,2019-07-12 09:31:45,0.26,1.1304,112,0.25,1.0869,617,0.26,1.1304,1,0.255,1.1086,381,0
SPY190715C301,2019-07-12,2019-07-12 09:31:45,0.26,1.1304,112,0.25,1.0869,1413,0.26,1.1304,1,0.255,1.1086,381,0
SPY190715C301,2019-07-12,2019-07-12 09:31:46,0.26,1.1304,140,0.25,1.0869,857,0.26,1.1304,1,0.255,1.1086,381,0
SPY190715C301,2019-07-12,2019-07-12 09:31:47,0.26,1.1304,140,0.25,1.0869,1201,0.26,1.1304,1,0.255,1.1086,381,0
SPY190715C301,2019-07-12,2019-07-12 09:31:47,0.26,1.1304,174,0.25,1.0869,1201,0.26,1.1304,1,0.255,1.1086,381,0
SPY190715C301,2019-07-12,2019-07-12 09:31:48,0.26,1.1304,313,0.25,1.0869,1496,0.26,1.1304,1,0.255,1.1086,381,0
SPY190715C301,2019-07-12,2019-07-12 09:31:49,0.26,1.1304,303,0.25,1.0869,1496,0.26,1.1304,1,0.255,1.1086,381,0
SPY190715C301,2019-07-12,2019-07-12 09:31:50,0.26,1.1304,144,0.25,1.0869,1741,0.26,1.1304,1,0.255,1.1086,381,0
SPY190715C301,2019-07-12,2019-07-12 09:31:51,0.26,1.1304,138,0.25,1.0869,1741,0.26,1.1304,1,0.255,1.1086,381,0
SPY190715C301,2019-07-12,2019-07-12 09:31:51,0.26,1.1304,138,0.25,1.0869,1501,0.26,1.1304,1,0.255,1.1086,381,0
SPY190715C301,2019-07-12,2019-07-12 09:31:52,0.26,1.1304,144,0.25,1.0869,1501,0.26,1.1304,1,0.255,1.1086,381,0
SPY190715C301,2019-07-12,2019-07-12 09:31:52,0.26,1.1304,138,0.25,1.0869,1501,0.26,1.1304,1,0.255,1.1086,381,0
SPY190715C301,2019-07-12,2019-07-12 09:31:53,0.26,1.1304,172,0.25,1.0869,1501,0.26,1.1304,1,0.255,1.1086,381,0
SPY190715C301,2019-07-12,2019-07-12 09:31:54,0.26,1.1304,172,0.25,1.0869,2629,0.26,1.1304,1,0.255,1.1086,381,0
SPY190715C301,2019-07-12,2019-07-12 09:31:55,0.26,1.1304,172,0.25,1.0869,2629,0.26,1.1304,1,0.255,1.1086,381,0
SPY190715C301,2019-07-12,2019-07-12 09:31:55,0.26,1.1304,178,0.25,1.0869,2629,0.26,1.1304,1,0.255,1.1086,381,0
SPY190715C301,2019-07-12,2019-07-12 09:31:56,0.26,1.1304,172,0.25,1.0869,1821,0.26,1.1304,1,0.255,1.1086,381,0
SPY190715C301,2019-07-12,2019-07-12 09:31:57,0.26,1.1304,179,0.25,1.0869,1151,0.26,1.1304,1,0.255,1.1086,381,0
SPY190715C301,2019-07-12,2019-07-12 09:31:57,0.26,1.1304,276,0.25,1.0869,749,0.26,1.1304,1,0.255,1.1086,381,0
SPY190715C301,2019-07-12,2019-07-12 09:31:58,0.26,1.1304,533,0.25,1.0869,749,0.26,1.1304,1,0.255,1.1086,381,0
SPY190715C301,2019-07-12,2019-07-12 09:31:59,0.26,1.1304,243,0.25,1.0869,749,0.26,1.1304,1,0.255,1.1086,381,0
SPY190715C301,2019-07-12,2019-07-12 09:32:00,0.26,1.1304,178,0.25,1.0869,749,0.26,1.1304,1,0.255,1.1086,381,0
SPY190715C301,2019-07-12,2019-07-12 09:32:01,0.26,1.1304,178,0.25,1.0869,749,0.26,1.1304,1,0.255,1.1086,381,0
SPY190715C301,2019-07-12,2019-07-12 09:32:02,0.26,1.1304,178,0.25,1.0869,749,0.26,1.1304,1,0.255,1.1086,381,0
SPY190715C301,2019-07-12,2019-07-12 09:32:02,0.26,1.1304,228,0.25,1.0869,749,0.26,1.1304,1,0.255,1.1086,381,0
SPY190715C301,2019-07-12,2019-07-12 09:32:03,0.26,1.1304,130,0.25,1.0869,749,0.26,1.1304,1,0.255,1.1086,381,0
SPY190715C301,2019-07-12,2019-07-12 09:32:04,0.26,1.1304,130,0.25,1.0869,1123,0.26,1.1304,1,0.255,1.1086,381,0
SPY190715C301,2019-07-12,2019-07-12 09:32:05,0.26,1.1304,187,0.25,1.0869,1123,0.26,1.1304,1,0.255,1.1086,381,0
SPY190715C301,2019-07-12,2019-07-12 09:32:06,0.26,1.1304,62,0.25,1.0869,1123,0.26,1.1304,1,0.255,1.1086,381,0
SPY190715C301,2019-07-12,2019-07-12 09:32:07,0.26,1.1304,62,0.25,1.0869,1587,0.26,1.1304,1,0.255,1.1086,381,0
SPY190715C301,2019-07-12,2019-07-12 09:32:07,0.26,1.1304,57,0.25,1.0869,1755,0.26,1.1304,5,0.255,1.1086,386,5
SPY190715C301,2019-07-12,2019-07-12 09:32:08,0.26,1.1304,57,0.25,1.0869,1524,0.26,1.1304,5,0.255,1.1086,386,0
SPY190715C301,2019-07-12,2019-07-12 09:32:08,0.26,1.1304,57,0.25,1.0869,1911,0.26,1.1304,5,0.255,1.1086,386,0
SPY190715C301,2019-07-12,2019-07-12 09:32:09,0.26,1.1304,57,0.25,1.0869,1911,0.26,1.1304,5,0.255,1.1086,386,0
SPY190715C301,2019-07-12,2019-07-12 09:32:10,0.26,1.1304,57,0.25,1.0869,1861,0.26,1.1304,5,0.255,1.1086,386,0
SPY190715C301,2019-07-12,2019-07-12 09:32:11,0.26,1.1304,57,0.25,1.0869,2011,0.26,1.1304,5,0.255,1.1086,386,0
SPY190715C301,2019-07-12,2019-07-12 09:32:11,0.26,1.1304,57,0.25,1.0869,1961,0.26,1.1304,5,0.255,1.1086,386,0
SPY190715C301,2019-07-12,2019-07-12 09:32:12,0.26,1.1304,57,0.25,1.0869,1961,0.26,1.1304,5,0.255,1.1086,386,0
SPY190715C301,2019-07-12,2019-07-12 09:32:13,0.26,1.1304,57,0.25,1.0869,1961,0.26,1.1304,5,0.255,1.1086,386,0
SPY190715C301,2019-07-12,2019-07-12 09:32:14,0.26,1.1304,57,0.25,1.0869,1961,0.26,1.1304,5,0.255,1.1086,386,0
SPY190715C301,2019-07-12,2019-07-12 09:32:15,0.26,1.1304,57,0.25,1.0869,1961,0.26,1.1304,5,0.255,1.1086,386,0
SPY190715C301,2019-07-12,2019-07-12 09:32:16,0.26,1.1304,57,0.25,1.0869,1961,0.26,1.1304,5,0.255,1.1086,386,0
SPY190715C301,2019-07-12,2019-07-12 09:32:16,0.26,1.1304,47,0.25,1.0869,1961,0.26,1.1304,10,0.255,1.1086,396,10
SPY190715C301,2019-07-12,2019-07-12 09:32:17,0.26,1.1304,47,0.25,1.0869,1961,0.26,1.1304,10,0.255,1.1086,396,0
SPY190715C301,2019-07-12,2019-07-12 09:32:18,0.26,1.1304,47,0.25,1.0869,1918,0.26,1.1304,10,0.255,1.1086,396,0
SPY190715C301,2019-07-12,2019-07-12 09:32:18,0.26,1.1304,93,0.25,1.0869,1442,0.26,1.1304,10,0.255,1.1086,396,0
SPY190715C301,2019-07-12,2019-07-12 09:32:19,0.26,1.1304,47,0.25,1.0869,936,0.26,1.1304,10,0.255,1.1086,396,0
SPY190715C301,2019-07-12,2019-07-12 09:32:19,0.26,1.1304,47,0.25,1.0869,911,0.26,1.1304,10,0.255,1.1086,396,0
SPY190715C301,2019-07-12,2019-07-12 09:32:20,0.26,1.1304,47,0.25,1.0869,3720,0.26,1.1304,10,0.255,1.1086,396,0
SPY190715C301,2019-07-12,2019-07-12 09:32:20,0.26,1.1304,47,0.25,1.0869,4171,0.26,1.1304,10,0.255,1.1086,396,0
SPY190715C301,2019-07-12,2019-07-12 09:32:21,0.27,1.1739,3,0.26,1.1304,695,0.26,1.1304,1,0.265,1.1521,453,57
SPY190715C301,2019-07-12,2019-07-12 09:32:21,0.27,1.1739,3,0.26,1.1304,1872,0.26,1.1304,1,0.265,1.1521,453,0
SPY190715C301,2019-07-12,2019-07-12 09:32:22,0.27,1.1739,3,0.26,1.1304,728,0.26,1.1304,1,0.265,1.1521,453,0
SPY190715C301,2019-07-12,2019-07-12 09:32:23,0.27,1.1739,193,0.26,1.1304,895,0.27,1.1739,1,0.265,1.1521,454,0
SPY190715C301,2019-07-12,2019-07-12 09:32:23,0.27,1.1739,194,0.26,1.1304,895,0.27,1.1739,1,0.265,1.1521,454,1
SPY190715C301,2019-07-12,2019-07-12 09:32:24,0.27,1.1739,558,0.26,1.1304,895,0.27,1.1739,1,0.265,1.1521,454,0
SPY190715C301,2019-07-12,2019-07-12 09:32:25,0.27,1.1739,366,0.26,1.1304,266,0.27,1.1739,1,0.265,1.1521,454,0
SPY190715C301,2019-07-12,2019-07-12 09:32:25,0.27,1.1739,430,0.26,1.1304,256,0.27,1.1739,1,0.265,1.1521,454,0
SPY190715C301,2019-07-12,2019-07-12 09:32:26,0.27,1.1739,1048,0.26,1.1304,256,0.27,1.1739,1,0.265,1.1521,454,0
SPY190715C301,2019-07-12,2019-07-12 09:32:26,0.27,1.1739,692,0.26,1.1304,256,0.27,1.1739,1,0.265,1.1521,454,0
SPY190715C301,2019-07-12,2019-07-12 09:32:27,0.27,1.1739,1707,0.26,1.1304,222,0.27,1.1739,1,0.265,1.1521,454,0
SPY190715C301,2019-07-12,2019-07-12 09:32:28,0.27,1.1739,1717,0.26,1.1304,178,0.27,1.1739,1,0.265,1.1521,454,0
SPY190715C301,2019-07-12,2019-07-12 09:32:28,0.27,1.1739,1845,0.26,1.1304,178,0.27,1.1739,1,0.265,1.1521,454,0
SPY190715C301,2019-07-12,2019-07-12 09:32:29,0.27,1.1739,1608,0.26,1.1304,178,0.27,1.1739,1,0.265,1.1521,454,0
SPY190715C301,2019-07-12,2019-07-12 09:32:29,0.27,1.1739,1849,0.26,1.1304,178,0.27,1.1739,1,0.265,1.1521,454,0
SPY190715C301,2019-07-12,2019-07-12 09:32:30,0.27,1.1739,1197,0.26,1.1304,178,0.27,1.1739,1,0.265,1.1521,454,0
SPY190715C301,2019-07-12,2019-07-12 09:32:30,0.27,1.1739,1635,0.26,1.1304,178,0.27,1.1739,1,0.265,1.1521,454,0
SPY190715C301,2019-07-12,2019-07-12 09:32:31,0.27,1.1739,1197,0.26,1.1304,178,0.27,1.1739,1,0.265,1.1521,454,0
SPY190715C301,2019-07-12,2019-07-12 09:32:31,0.27,1.1739,1495,0.26,1.1304,178,0.27,1.1739,1,0.265,1.1521,454,0
SPY190715C301,2019-07-12,2019-07-12 09:32:32,0.27,1.1739,106,0.26,1.1304,855,0.27,1.1739,1,0.265,1.1521,454,0
SPY190715C301,2019-07-12,2019-07-12 09:32:33,0.27,1.1739,106,0.26,1.1304,855,0.27,1.1739,1,0.265,1.1521,454,0
SPY190715C301,2019-07-12,2019-07-12 09:32:33,0.27,1.1739,415,0.26,1.1304,602,0.27,1.1739,1,0.265,1.1521,454,0
SPY190715C301,2019-07-12,2019-07-12 09:32:34,0.27,1.1739,1236,0.26,1.1304,253,0.27,1.1739,1,0.265,1.1521,454,0
SPY190715C301,2019-07-12,2019-07-12 09:32:34,0.27,1.1739,1182,0.26,1.1304,426,0.27,1.1739,1,0.265,1.1521,454,0
SPY190715C301,2019-07-12,2019-07-12 09:32:35,0.27,1.1739,1357,0.26,1.1304,178,0.27,1.1739,1,0.265,1.1521,454,0
SPY190715C301,2019-07-12,2019-07-12 09:32:35,0.27,1.1739,1301,0.26,1.1304,205,0.27,1.1739,1,0.265,1.1521,454,0
SPY190715C301,2019-07-12,2019-07-12 09:32:36,0.27,1.1739,1357,0.26,1.1304,178,0.27,1.1739,1,0.265,1.1521,454,0
SPY190715C301,2019-07-12,2019-07-12 09:32:36,0.27,1.1739,1186,0.26,1.1304,178,0.27,1.1739,1,0.265,1.1521,454,0
SPY190715C301,2019-07-12,2019-07-12 09:32:37,0.27,1.1739,1469,0.26,1.1304,178,0.27,1.1739,1,0.265,1.1521,454,0
SPY190715C301,2019-07-12,2019-07-12 09:32:38,0.27,1.1739,1469,0.26,1.1304,178,0.26,1.1304,100,0.265,1.1521,554,0
SPY190715C301,2019-07-12,2019-07-12 09:32:38,0.27,1.1739,1469,0.26,1.1304,178,0.26,1.1304,100,0.265,1.1521,554,100
SPY190715C301,2019-07-12,2019-07-12 09:32:39,0.27,1.1739,1232,0.26,1.1304,178,0.26,1.1304,100,0.265,1.1521,554,0
SPY190715C301,2019-07-12,2019-07-12 09:32:39,0.27,1.1739,1294,0.26,1.1304,178,0.26,1.1304,100,0.265,1.1521,554,0
SPY190715C301,2019-07-12,2019-07-12 09:32:40,0.26,1.1304,180,0.25,1.0869,2481,0.26,1.1304,100,0.255,1.1086,554,0
SPY190715C301,2019-07-12,2019-07-12 09:32:40,0.27,1.1739,1294,0.26,1.1304,178,0.26,1.1304,100,0.265,1.1521,554,0
SPY190715C301,2019-07-12,2019-07-12 09:32:41,0.26,1.1304,146,0.25,1.0869,1697,0.26,1.1304,100,0.255,1.1086,554,0
SPY190715C301,2019-07-12,2019-07-12 09:32:42,0.26,1.1304,146,0.25,1.0869,1513,0.26,1.1304,100,0.255,1.1086,554,0
SPY190715C301,2019-07-12,2019-07-12 09:32:42,0.26,1.1304,146,0.25,1.0869,823,0.26,1.1304,100,0.255,1.1086,554,0
SPY190715C301,2019-07-12,2019-07-12 09:32:43,0.26,1.1304,244,0.25,1.0869,825,0.26,1.1304,100,0.255,1.1086,554,0
SPY190715C301,2019-07-12,2019-07-12 09:32:43,0.26,1.1304,244,0.25,1.0869,1154,0.26,1.1304,100,0.255,1.1086,554,0
SPY190715C301,2019-07-12,2019-07-12 09:32:44,0.26,1.1304,338,0.25,1.0869,1154,0.26,1.1304,100,0.255,1.1086,554,0
SPY190715C301,2019-07-12,2019-07-12 09:32:44,0.26,1.1304,244,0.25,1.0869,1154,0.26,1.1304,100,0.255,1.1086,554,0
SPY190715C301,2019-07-12,2019-07-12 09:32:45,0.26,1.1304,338,0.25,1.0869,1154,0.26,1.1304,100,0.255,1.1086,554,0
SPY190715C301,2019-07-12,2019-07-12 09:32:45,0.26,1.1304,211,0.25,1.0869,832,0.26,1.1304,100,0.255,1.1086,554,0
SPY190715C301,2019-07-12,2019-07-12 09:32:46,0.26,1.1304,100,0.25,1.0869,1559,0.26,1.1304,100,0.255,1.1086,554,0
SPY190715C301,2019-07-12,2019-07-12 09:32:47,0.26,1.1304,263,0.25,1.0869,1521,0.26,1.1304,100,0.255,1.1086,554,0
SPY190715C301,2019-07-12,2019-07-12 09:32:47,0.26,1.1304,263,0.25,1.0869,1111,0.26,1.1304,1,0.255,1.1086,555,1
SPY190715C301,2019-07-12,2019-07-12 09:32:48,0.26,1.1304,3,0.25,1.0869,1111,0.26,1.1304,1,0.255,1.1086,555,0
SPY190715C301,2019-07-12,2019-07-12 09:32:48,0.26,1.1304,83,0.25,1.0869,1335,0.26,1.1304,1,0.255,1.1086,555,0
SPY190715C301,2019-07-12,2019-07-12 09:32:49,0.26,1.1304,83,0.25,1.0869,1307,0.26,1.1304,1,0.255,1.1086,555,0
SPY190715C301,2019-07-12,2019-07-12 09:32:49,0.26,1.1304,83,0.25,1.0869,1225,0.26,1.1304,1,0.255,1.1086,555,0
SPY190715C301,2019-07-12,2019-07-12 09:32:50,0.26,1.1304,83,0.25,1.0869,1273,0.26,1.1304,1,0.255,1.1086,555,0
SPY190715C301,2019-07-12,2019-07-12 09:32:50,0.26,1.1304,207,0.25,1.0869,1110,0.26,1.1304,1,0.255,1.1086,555,0
SPY190715C301,2019-07-12,2019-07-12 09:32:51,0.26,1.1304,176,0.25,1.0869,1012,0.26,1.1304,1,0.255,1.1086,555,0
SPY190715C301,2019-07-12,2019-07-12 09:32:51,0.26,1.1304,230,0.25,1.0869,1034,0.26,1.1304,1,0.255,1.1086,555,0
SPY190715C301,2019-07-12,2019-07-12 09:32:52,0.26,1.1304,110,0.25,1.0869,951,0.26,1.1304,1,0.255,1.1086,555,0
SPY190715C301,2019-07-12,2019-07-12 09:32:53,0.26,1.1304,110,0.25,1.0869,951,0.26,1.1304,1,0.255,1.1086,555,0
SPY190715C301,2019-07-12,2019-07-12 09:32:54,0.26,1.1304,110,0.25,1.0869,1518,0.26,1.1304,1,0.255,1.1086,555,0
SPY190715C301,2019-07-12,2019-07-12 09:32:54,0.26,1.1304,110,0.25,1.0869,951,0.26,1.1304,1,0.255,1.1086,555,0
SPY190715C301,2019-07-12,2019-07-12 09:32:55,0.26,1.1304,110,0.25,1.0869,1518,0.26,1.1304,1,0.255,1.1086,555,0
SPY190715C301,2019-07-12,2019-07-12 09:32:55,0.26,1.1304,110,0.25,1.0869,1329,0.26,1.1304,1,0.255,1.1086,555,0
SPY190715C301,2019-07-12,2019-07-12 09:32:56,0.26,1.1304,110,0.25,1.0869,1329,0.26,1.1304,1,0.255,1.1086,555,0
SPY190715C301,2019-07-12,2019-07-12 09:32:57,0.26,1.1304,110,0.25,1.0869,1329,0.26,1.1304,1,0.255,1.1086,555,0
SPY190715C301,2019-07-12,2019-07-12 09:32:58,0.26,1.1304,3,0.25,1.0869,3090,0.26,1.1304,1,0.255,1.1086,555,0
SPY190715C301,2019-07-12,2019-07-12 09:32:58,0.26,1.1304,110,0.25,1.0869,2452,0.26,1.1304,1,0.255,1.1086,555,0
SPY190715C301,2019-07-12,2019-07-12 09:32:59,0.26,1.1304,8,0.25,1.0869,3090,0.26,1.1304,1,0.255,1.1086,555,0
SPY190715C301,2019-07-12,2019-07-12 09:32:59,0.26,1.1304,8,0.25,1.0869,2082,0.26,1.1304,1,0.255,1.1086,555,0
SPY190715C301,2019-07-12,2019-07-12 09:33:00,0.26,1.1304,3,0.25,1.0869,2888,0.26,1.1304,1,0.255,1.1086,555,0
SPY190715C301,2019-07-12,2019-07-12 09:33:00,0.26,1.1304,8,0.25,1.0869,2249,0.26,1.1304,1,0.255,1.1086,555,0
SPY190715C301,2019-07-12,2019-07-12 09:33:01,0.26,1.1304,178,0.25,1.0869,2249,0.26,1.1304,1,0.255,1.1086,555,0
SPY190715C301,2019-07-12,2019-07-12 09:33:01,0.26,1.1304,178,0.25,1.0869,1536,0.26,1.1304,1,0.255,1.1086,555,0
SPY190715C301,2019-07-12,2019-07-12 09:33:02,0.26,1.1304,178,0.25,1.0869,1628,0.26,1.1304,1,0.255,1.1086,555,0
SPY190715C301,2019-07-12,2019-07-12 09:33:03,0.26,1.1304,178,0.25,1.0869,2248,0.26,1.1304,1,0.255,1.1086,555,0
SPY190715C301,2019-07-12,2019-07-12 09:33:03,0.26,1.1304,178,0.25,1.0869,2967,0.26,1.1304,1,0.255,1.1086,555,0
SPY190715C301,2019-07-12,2019-07-12 09:33:04,0.26,1.1304,178,0.25,1.0869,2967,0.26,1.1304,1,0.255,1.1086,555,0
SPY190715C301,2019-07-12,2019-07-12 09:33:05,0.26,1.1304,178,0.25,1.0869,2967,0.26,1.1304,1,0.255,1.1086,555,0
SPY190715C301,2019-07-12,2019-07-12 09:33:06,0.26,1.1304,178,0.25,1.0869,2967,0.26,1.1304,1,0.255,1.1086,555,0
SPY190715C301,2019-07-12,2019-07-12 09:33:07,0.26,1.1304,178,0.25,1.0869,3055,0.26,1.1304,1,0.255,1.1086,555,0
SPY190715C301,2019-07-12,2019-07-12 09:33:08,0.26,1.1304,178,0.25,1.0869,3032,0.26,1.1304,1,0.255,1.1086,555,0
SPY190715C301,2019-07-12,2019-07-12 09:33:08,0.26,1.1304,3,0.25,1.0869,3639,0.26,1.1304,1,0.255,1.1086,555,0
SPY190715C301,2019-07-12,2019-07-12 09:33:09,0.26,1.1304,8,0.25,1.0869,2901,0.26,1.1304,1,0.255,1.1086,555,0
SPY190715C301,2019-07-12,2019-07-12 09:33:10,0.26,1.1304,8,0.25,1.0869,2075,0.26,1.1304,1,0.255,1.1086,555,0
SPY190715C301,2019-07-12,2019-07-12 09:33:10,0.26,1.1304,8,0.25,1.0869,2901,0.26,1.1304,1,0.255,1.1086,555,0
SPY190715C301,2019-07-12,2019-07-12 09:33:11,0.26,1.1304,156,0.25,1.0869,3049,0.26,1.1304,1,0.255,1.1086,555,0
SPY190715C301,2019-07-12,2019-07-12 09:33:11,0.26,1.1304,156,0.25,1.0869,3051,0.26,1.1304,1,0.255,1.1086,555,0
SPY190715C301,2019-07-12,2019-07-12 09:33:12,0.26,1.1304,153,0.25,1.0869,1866,0.26,1.1304,1,0.255,1.1086,555,0
SPY190715C301,2019-07-12,2019-07-12 09:33:12,0.26,1.1304,153,0.25,1.0869,3019,0.26,1.1304,1,0.255,1.1086,555,0
SPY190715C301,2019-07-12,2019-07-12 09:33:13,0.26,1.1304,140,0.25,1.0869,2367,0.26,1.1304,1,0.255,1.1086,555,0
SPY190715C301,2019-07-12,2019-07-12 09:33:13,0.26,1.1304,129,0.25,1.0869,2888,0.26,1.1304,1,0.255,1.1086,555,0
SPY190715C301,2019-07-12,2019-07-12 09:33:14,0.26,1.1304,140,0.25,1.0869,3448,0.26,1.1304,1,0.255,1.1086,555,0
SPY190715C301,2019-07-12,2019-07-12 09:33:15,0.26,1.1304,140,0.25,1.0869,3448,0.26,1.1304,1,0.255,1.1086,555,0
SPY190715C301,2019-07-12,2019-07-12 09:33:16,0.26,1.1304,140,0.25,1.0869,3448,0.26,1.1304,1,0.255,1.1086,555,0
SPY190715C301,2019-07-12,2019-07-12 09:33:16,0.26,1.1304,140,0.25,1.0869,3274,0.26,1.1304,1,0.255,1.1086,555,0
SPY190715C301,2019-07-12,2019-07-12 09:33:17,0.26,1.1304,140,0.25,1.0869,3274,0.26,1.1304,1,0.255,1.1086,555,0
SPY190715C301,2019-07-12,2019-07-12 09:33:18,0.26,1.1304,140,0.25,1.0869,3274,0.26,1.1304,1,0.255,1.1086,555,0
SPY190715C301,2019-07-12,2019-07-12 09:33:19,0.26,1.1304,156,0.25,1.0869,3274,0.26,1.1304,1,0.255,1.1086,555,0
SPY190715C301,2019-07-12,2019-07-12 09:33:20,0.26,1.1304,146,0.25,1.0869,3274,0.26,1.1304,1,0.255,1.1086,555,0
SPY190715C301,2019-07-12,2019-07-12 09:33:20,0.26,1.1304,146,0.25,1.0869,2016,0.26,1.1304,1,0.255,1.1086,555,0
SPY190715C301,2019-07-12,2019-07-12 09:33:21,0.26,1.1304,887,0.25,1.0869,5,0.26,1.1304,1,0.255,1.1086,555,0
SPY190715C301,2019-07-12,2019-07-12 09:33:21,0.26,1.1304,569,0.25,1.0869,870,0.26,1.1304,1,0.255,1.1086,555,0
SPY190715C301,2019-07-12,2019-07-12 09:33:22,0.26,1.1304,1196,0.25,1.0869,360,0.26,1.1304,1,0.255,1.1086,555,0
SPY190715C301,2019-07-12,2019-07-12 09:33:22,0.26,1.1304,998,0.25,1.0869,5,0.26,1.1304,1,0.255,1.1086,555,0
SPY190715C301,2019-07-12,2019-07-12 09:33:23,0.26,1.1304,1196,0.25,1.0869,360,0.26,1.1304,1,0.255,1.1086,555,0
SPY190715C301,2019-07-12,2019-07-12 09:33:23,0.26,1.1304,1020,0.25,1.0869,360,0.26,1.1304,1,0.255,1.1086,555,0
SPY190715C301,2019-07-12,2019-07-12 09:33:24,0.26,1.1304,1424,0.25,1.0869,95,0.26,1.1304,1,0.255,1.1086,555,0
SPY190715C301,2019-07-12,2019-07-12 09:33:25,0.26,1.1304,2608,0.25,1.0869,5,0.26,1.1304,1,0.255,1.1086,555,0
SPY190715C301,2019-07-12,2019-07-12 09:33:25,0.26,1.1304,1193,0.25,1.0869,81,0.26,1.1304,1,0.255,1.1086,555,0
SPY190715C301,2019-07-12,2019-07-12 09:33:26,0.26,1.1304,2608,0.24,1.0434,3558,0.26,1.1304,1,0.25,1.0869,555,0
SPY190715C301,2019-07-12,2019-07-12 09:33:26,0.26,1.1304,2558,0.24,1.0434,3558,0.26,1.1304,1,0.25,1.0869,555,0
SPY190715C301,2019-07-12,2019-07-12 09:33:27,0.26,1.1304,1087,0.25,1.0869,251,0.26,1.1304,1,0.255,1.1086,555,0
SPY190715C301,2019-07-12,2019-07-12 09:33:27,0.26,1.1304,2857,0.24,1.0434,3558,0.26,1.1304,1,0.25,1.0869,555,0
SPY190715C301,2019-07-12,2019-07-12 09:33:28,0.26,1.1304,1841,0.25,1.0869,251,0.26,1.1304,1,0.255,1.1086,555,0
SPY190715C301,2019-07-12,2019-07-12 09:33:29,0.26,1.1304,1974,0.25,1.0869,1321,0.26,1.1304,1,0.255,1.1086,555,0
SPY190715C301,2019-07-12,2019-07-12 09:33:29,0.26,1.1304,2038,0.25,1.0869,849,0.26,1.1304,1,0.255,1.1086,555,0
SPY190715C301,2019-07-12,2019-07-12 09:33:30,0.26,1.1304,1975,0.25,1.0869,1429,0.26,1.1304,1,0.255,1.1086,555,0
SPY190715C301,2019-07-12,2019-07-12 09:33:31,0.26,1.1304,452,0.25,1.0869,1741,0.26,1.1304,1,0.255,1.1086,555,0
SPY190715C301,2019-07-12,2019-07-12 09:33:31,0.26,1.1304,277,0.25,1.0869,952,0.26,1.1304,1,0.255,1.1086,555,0
SPY190715C301,2019-07-12,2019-07-12 09:33:32,0.26,1.1304,178,0.25,1.0869,2203,0.26,1.1304,1,0.255,1.1086,555,0
SPY190715C301,2019-07-12,2019-07-12 09:33:33,0.26,1.1304,178,0.25,1.0869,2425,0.26,1.1304,1,0.255,1.1086,556,1
SPY190715C301,2019-07-12,2019-07-12 09:33:33,0.26,1.1304,178,0.25,1.0869,2203,0.26,1.1304,1,0.255,1.1086,555,0
SPY190715C301,2019-07-12,2019-07-12 09:33:34,0.26,1.1304,178,0.25,1.0869,3411,0.26,1.1304,1,0.255,1.1086,556,0
SPY190715C301,2019-07-12,2019-07-12 09:33:35,0.26,1.1304,178,0.25,1.0869,3411,0.26,1.1304,1,0.255,1.1086,556,0
SPY190715C301,2019-07-12,2019-07-12 09:33:35,0.26,1.1304,178,0.25,1.0869,1895,0.26,1.1304,1,0.255,1.1086,556,0
SPY190715C301,2019-07-12,2019-07-12 09:33:36,0.26,1.1304,178,0.25,1.0869,2891,0.26,1.1304,1,0.255,1.1086,556,0
SPY190715C301,2019-07-12,2019-07-12 09:33:37,0.26,1.1304,178,0.25,1.0869,858,0.26,1.1304,1,0.255,1.1086,556,0
SPY190715C301,2019-07-12,2019-07-12 09:33:37,0.26,1.1304,178,0.25,1.0869,878,0.26,1.1304,1,0.255,1.1086,556,0
SPY190715C301,2019-07-12,2019-07-12 09:33:38,0.26,1.1304,244,0.25,1.0869,1132,0.26,1.1304,2,0.255,1.1086,558,2
SPY190715C301,2019-07-12,2019-07-12 09:33:38,0.26,1.1304,184,0.25,1.0869,1806,0.26,1.1304,2,0.255,1.1086,558,0
SPY190715C301,2019-07-12,2019-07-12 09:33:39,0.26,1.1304,364,0.25,1.0869,826,0.26,1.1304,2,0.255,1.1086,558,0
SPY190715C301,2019-07-12,2019-07-12 09:33:39,0.26,1.1304,738,0.25,1.0869,380,0.26,1.1304,2,0.255,1.1086,558,0
SPY190715C301,2019-07-12,2019-07-12 09:33:40,0.26,1.1304,680,0.25,1.0869,434,0.26,1.1304,2,0.255,1.1086,558,0
SPY190715C301,2019-07-12,2019-07-12 09:33:40,0.26,1.1304,710,0.25,1.0869,738,0.26,1.1304,2,0.255,1.1086,558,0
SPY190715C301,2019-07-12,2019-07-12 09:33:41,0.26,1.1304,710,0.25,1.0869,738,0.26,1.1304,2,0.255,1.1086,558,0
SPY190715C301,2019-07-12,2019-07-12 09:33:42,0.26,1.1304,730,0.25,1.0869,914,0.26,1.1304,2,0.255,1.1086,558,0
SPY190715C301,2019-07-12,2019-07-12 09:33:42,0.26,1.1304,1324,0.25,1.0869,508,0.26,1.1304,2,0.255,1.1086,558,0
SPY190715C301,2019-07-12,2019-07-12 09:33:43,0.26,1.1304,963,0.25,1.0869,585,0.26,1.1304,2,0.255,1.1086,558,0
SPY190715C301,2019-07-12,2019-07-12 09:33:43,0.26,1.1304,1556,0.25,1.0869,500,0.26,1.1304,2,0.255,1.1086,558,0
SPY190715C301,2019-07-12,2019-07-12 09:33:44,0.26,1.1304,1546,0.25,1.0869,1344,0.26,1.1304,2,0.255,1.1086,558,0
SPY190715C301,2019-07-12,2019-07-12 09:33:44,0.26,1.1304,1012,0.25,1.0869,494,0.26,1.1304,2,0.255,1.1086,558,0
SPY190715C301,2019-07-12,2019-07-12 09:33:45,0.26,1.1304,1012,0.25,1.0869,494,0.26,1.1304,2,0.255,1.1086,558,0
SPY190715C301,2019-07-12,2019-07-12 09:33:46,0.26,1.1304,914,0.25,1.0869,656,0.26,1.1304,2,0.255,1.1086,558,0
SPY190715C301,2019-07-12,2019-07-12 09:33:46,0.26,1.1304,933,0.25,1.0869,656,0.26,1.1304,2,0.255,1.1086,558,0
SPY190715C301,2019-07-12,2019-07-12 09:33:47,0.26,1.1304,770,0.25,1.0869,494,0.26,1.1304,2,0.255,1.1086,558,0
SPY190715C301,2019-07-12,2019-07-12 09:33:47,0.26,1.1304,933,0.25,1.0869,494,0.26,1.1304,2,0.255,1.1086,558,0
SPY190715C301,2019-07-12,2019-07-12 09:33:48,0.26,1.1304,945,0.25,1.0869,677,0.26,1.1304,2,0.255,1.1086,558,0
SPY190715C301,2019-07-12,2019-07-12 09:33:48,0.26,1.1304,945,0.25,1.0869,414,0.26,1.1304,2,0.255,1.1086,558,0
SPY190715C301,2019-07-12,2019-07-12 09:33:49,0.26,1.1304,945,0.25,1.0869,677,0.26,1.1304,2,0.255,1.1086,558,0
SPY190715C301,2019-07-12,2019-07-12 09:33:49,0.26,1.1304,945,0.25,1.0869,768,0.26,1.1304,2,0.255,1.1086,558,0
SPY190715C301,2019-07-12,2019-07-12 09:33:50,0.26,1.1304,215,0.25,1.0869,1963,0.26,1.1304,2,0.255,1.1086,558,0
SPY190715C301,2019-07-12,2019-07-12 09:33:51,0.26,1.1304,186,0.25,1.0869,2238,0.26,1.1304,2,0.255,1.1086,558,0
SPY190715C301,2019-07-12,2019-07-12 09:33:51,0.26,1.1304,186,0.25,1.0869,1920,0.26,1.1304,2,0.255,1.1086,558,0
SPY190715C301,2019-07-12,2019-07-12 09:33:52,0.26,1.1304,146,0.25,1.0869,1568,0.26,1.1304,5,0.255,1.1086,563,5
SPY190715C301,2019-07-12,2019-07-12 09:33:52,0.26,1.1304,537,0.25,1.0869,1467,0.26,1.1304,2,0.255,1.1086,558,0
SPY190715C301,2019-07-12,2019-07-12 09:33:53,0.26,1.1304,146,0.25,1.0869,1738,0.26,1.1304,5,0.255,1.1086,563,0
SPY190715C301,2019-07-12,2019-07-12 09:33:53,0.26,1.1304,5,0.25,1.0869,2006,0.26,1.1304,5,0.255,1.1086,563,0
SPY190715C301,2019-07-12,2019-07-12 09:33:54,0.26,1.1304,129,0.25,1.0869,3699,0.26,1.1304,5,0.255,1.1086,563,0
SPY190715C301,2019-07-12,2019-07-12 09:33:54,0.26,1.1304,5,0.25,1.0869,2893,0.26,1.1304,5,0.255,1.1086,563,0
SPY190715C301,2019-07-12,2019-07-12 09:33:55,0.26,1.1304,129,0.25,1.0869,3556,0.26,1.1304,5,0.255,1.1086,563,0
SPY190715C301,2019-07-12,2019-07-12 09:33:56,0.26,1.1304,5,0.25,1.0869,3184,0.26,1.1304,5,0.255,1.1086,563,0
SPY190715C301,2019-07-12,2019-07-12 09:33:57,0.26,1.1304,5,0.25,1.0869,3184,0.26,1.1304,5,0.255,1.1086,563,0
SPY190715C301,2019-07-12,2019-07-12 09:33:58,0.26,1.1304,5,0.25,1.0869,3184,0.26,1.1304,5,0.255,1.1086,563,0
SPY190715C301,2019-07-12,2019-07-12 09:33:58,0.26,1.1304,5,0.25,1.0869,2939,0.26,1.1304,5,0.255,1.1086,563,0
SPY190715C301,2019-07-12,2019-07-12 09:33:59,0.26,1.1304,5,0.25,1.0869,3206,0.26,1.1304,5,0.255,1.1086,563,0
SPY190715C301,2019-07-12,2019-07-12 09:33:59,0.26,1.1304,5,0.25,1.0869,3656,0.26,1.1304,5,0.255,1.1086,563,0
SPY190715C301,2019-07-12,2019-07-12 09:34:00,0.26,1.1304,5,0.25,1.0869,3206,0.26,1.1304,5,0.255,1.1086,563,0
SPY190715C301,2019-07-12,2019-07-12 09:34:01,0.26,1.1304,51,0.25,1.0869,1520,0.26,1.1304,5,0.255,1.1086,563,0
SPY190715C301,2019-07-12,2019-07-12 09:34:01,0.26,1.1304,51,0.25,1.0869,1590,0.26,1.1304,5,0.255,1.1086,563,0
SPY190715C301,2019-07-12,2019-07-12 09:34:02,0.26,1.1304,51,0.25,1.0869,1520,0.26,1.1304,5,0.255,1.1086,563,0
SPY190715C301,2019-07-12,2019-07-12 09:34:03,0.26,1.1304,5,0.25,1.0869,2953,0.26,1.1304,5,0.255,1.1086,563,0
SPY190715C301,2019-07-12,2019-07-12 09:34:03,0.26,1.1304,5,0.25,1.0869,1637,0.26,1.1304,5,0.255,1.1086,563,0
SPY190715C301,2019-07-12,2019-07-12 09:34:04,0.26,1.1304,5,0.25,1.0869,2953,0.26,1.1304,5,0.255,1.1086,563,0
SPY190715C301,2019-07-12,2019-07-12 09:34:05,0.26,1.1304,5,0.25,1.0869,2953,0.26,1.1304,5,0.255,1.1086,563,0
SPY190715C301,2019-07-12,2019-07-12 09:34:05,0.26,1.1304,5,0.25,1.0869,3463,0.26,1.1304,5,0.255,1.1086,563,0
SPY190715C301,2019-07-12,2019-07-12 09:34:06,0.26,1.1304,5,0.25,1.0869,3600,0.26,1.1304,5,0.255,1.1086,563,0
SPY190715C301,2019-07-12,2019-07-12 09:34:07,0.26,1.1304,5,0.25,1.0869,3600,0.26,1.1304,5,0.255,1.1086,563,0
SPY190715C301,2019-07-12,2019-07-12 09:34:08,0.26,1.1304,124,0.25,1.0869,3150,0.26,1.1304,5,0.255,1.1086,563,0
SPY190715C301,2019-07-12,2019-07-12 09:34:08,0.26,1.1304,123,0.25,1.0869,3600,0.26,1.1304,5,0.255,1.1086,563,0
SPY190715C301,2019-07-12,2019-07-12 09:34:09,0.26,1.1304,147,0.25,1.0869,3600,0.26,1.1304,5,0.255,1.1086,563,0
SPY190715C301,2019-07-12,2019-07-12 09:34:09,0.26,1.1304,697,0.25,1.0869,3600,0.26,1.1304,1,0.255,1.1086,564,1
SPY190715C301,2019-07-12,2019-07-12 09:34:10,0.26,1.1304,941,0.25,1.0869,3600,0.26,1.1304,1,0.255,1.1086,564,0
SPY190715C301,2019-07-12,2019-07-12 09:34:11,0.26,1.1304,874,0.25,1.0869,275,0.26,1.1304,1,0.255,1.1086,564,0
SPY190715C301,2019-07-12,2019-07-12 09:34:11,0.26,1.1304,874,0.25,1.0869,457,0.26,1.1304,1,0.255,1.1086,564,0
SPY190715C301,2019-07-12,2019-07-12 09:34:12,0.26,1.1304,906,0.25,1.0869,718,0.26,1.1304,1,0.255,1.1086,564,0
SPY190715C301,2019-07-12,2019-07-12 09:34:13,0.26,1.1304,2213,0.24,1.0434,821,0.26,1.1304,1,0.25,1.0869,564,0
SPY190715C301,2019-07-12,2019-07-12 09:34:13,0.26,1.1304,906,0.25,1.0869,308,0.26,1.1304,1,0.255,1.1086,564,0
SPY190715C301,2019-07-12,2019-07-12 09:34:14,0.26,1.1304,2257,0.25,1.0869,5,0.26,1.1304,1,0.255,1.1086,564,0
SPY190715C301,2019-07-12,2019-07-12 09:34:15,0.26,1.1304,2257,0.25,1.0869,5,0.26,1.1304,1,0.255,1.1086,564,0
SPY190715C301,2019-07-12,2019-07-12 09:34:16,0.26,1.1304,2257,0.25,1.0869,5,0.26,1.1304,1,0.255,1.1086,564,0
SPY190715C301,2019-07-12,2019-07-12 09:34:16,0.26,1.1304,2257,0.24,1.0434,1268,0.26,1.1304,1,0.25,1.0869,564,0
SPY190715C301,2019-07-12,2019-07-12 09:34:17,0.26,1.1304,765,0.24,1.0434,1728,0.26,1.1304,1,0.25,1.0869,564,0
SPY190715C301,2019-07-12,2019-07-12 09:34:17,0.26,1.1304,761,0.24,1.0434,1728,0.26,1.1304,1,0.25,1.0869,564,0
SPY190715C301,2019-07-12,2019-07-12 09:34:18,0.26,1.1304,1304,0.25,1.0869,320,0.26,1.1304,1,0.255,1.1086,564,0
SPY190715C301,2019-07-12,2019-07-12 09:34:18,0.26,1.1304,1983,0.25,1.0869,77,0.26,1.1304,1,0.255,1.1086,564,0
SPY190715C301,2019-07-12,2019-07-12 09:34:19,0.26,1.1304,1983,0.25,1.0869,77,0.26,1.1304,1,0.255,1.1086,564,0
SPY190715C301,2019-07-12,2019-07-12 09:34:20,0.25,1.0869,351,0.25,1.0869,77,0.26,1.1304,1,0.25,1.0869,564,0
SPY190715C301,2019-07-12,2019-07-12 09:34:20,0.26,1.1304,1577,0.25,1.0869,77,0.26,1.1304,1,0.255,1.1086,564,0
SPY190715C301,2019-07-12,2019-07-12 09:34:21,0.25,1.0869,5,0.24,1.0434,2257,0.26,1.1304,1,0.245,1.0652,564,0
SPY190715C301,2019-07-12,2019-07-12 09:34:21,0.25,1.0869,178,0.24,1.0434,1960,0.26,1.1304,1,0.245,1.0652,564,0
SPY190715C301,2019-07-12,2019-07-12 09:34:22,0.25,1.0869,5,0.24,1.0434,1960,0.26,1.1304,1,0.245,1.0652,564,0
SPY190715C301,2019-07-12,2019-07-12 09:34:22,0.25,1.0869,165,0.24,1.0434,1913,0.26,1.1304,1,0.245,1.0652,564,0
SPY190715C301,2019-07-12,2019-07-12 09:34:23,0.25,1.0869,165,0.24,1.0434,1737,0.26,1.1304,1,0.245,1.0652,564,0
SPY190715C301,2019-07-12,2019-07-12 09:34:24,0.25,1.0869,165,0.24,1.0434,1756,0.26,1.1304,1,0.245,1.0652,564,0
SPY190715C301,2019-07-12,2019-07-12 09:34:24,0.25,1.0869,165,0.24,1.0434,1783,0.26,1.1304,1,0.245,1.0652,564,0
SPY190715C301,2019-07-12,2019-07-12 09:34:25,0.25,1.0869,165,0.24,1.0434,1727,0.26,1.1304,1,0.245,1.0652,564,0
SPY190715C301,2019-07-12,2019-07-12 09:34:26,0.25,1.0869,165,0.24,1.0434,3080,0.26,1.1304,1,0.245,1.0652,564,0
SPY190715C301,2019-07-12,2019-07-12 09:34:26,0.25,1.0869,165,0.24,1.0434,1907,0.26,1.1304,1,0.245,1.0652,564,0
SPY190715C301,2019-07-12,2019-07-12 09:34:27,0.25,1.0869,305,0.24,1.0434,3144,0.26,1.1304,1,0.245,1.0652,564,0
SPY190715C301,2019-07-12,2019-07-12 09:34:28,0.25,1.0869,1012,0.24,1.0434,3144,0.26,1.1304,1,0.245,1.0652,564,0
SPY190715C301,2019-07-12,2019-07-12 09:34:29,0.25,1.0869,1017,0.24,1.0434,3144,0.26,1.1304,1,0.245,1.0652,564,0
SPY190715C301,2019-07-12,2019-07-12 09:34:29,0.25,1.0869,1012,0.24,1.0434,3144,0.26,1.1304,1,0.245,1.0652,564,0
SPY190715C301,2019-07-12,2019-07-12 09:34:30,0.25,1.0869,1017,0.24,1.0434,3144,0.25,1.0869,4,0.245,1.0652,568,4
SPY190715C301,2019-07-12,2019-07-12 09:34:30,0.25,1.0869,1210,0.24,1.0434,3144,0.25,1.0869,4,0.245,1.0652,568,0
SPY190715C301,2019-07-12,2019-07-12 09:34:31,0.25,1.0869,1210,0.24,1.0434,3144,0.25,1.0869,4,0.245,1.0652,568,0
SPY190715C301,2019-07-12,2019-07-12 09:34:32,0.25,1.0869,1210,0.24,1.0434,3144,0.25,1.0869,4,0.245,1.0652,568,0
SPY190715C301,2019-07-12,2019-07-12 09:34:33,0.25,1.0869,1200,0.24,1.0434,3144,0.25,1.0869,4,0.245,1.0652,568,0
SPY190715C301,2019-07-12,2019-07-12 09:34:34,0.25,1.0869,222,0.24,1.0434,2929,0.25,1.0869,4,0.245,1.0652,568,0
SPY190715C301,2019-07-12,2019-07-12 09:34:34,0.25,1.0869,222,0.24,1.0434,3141,0.25,1.0869,4,0.245,1.0652,568,0
SPY190715C301,2019-07-12,2019-07-12 09:34:35,0.25,1.0869,124,0.24,1.0434,3188,0.25,1.0869,4,0.245,1.0652,568,0
SPY190715C301,2019-07-12,2019-07-12 09:34:35,0.26,1.1304,1808,0.25,1.0869,5,0.25,1.0869,4,0.255,1.1086,568,0
SPY190715C301,2019-07-12,2019-07-12 09:34:36,0.26,1.1304,1808,0.25,1.0869,5,0.25,1.0869,4,0.255,1.1086,568,0
SPY190715C301,2019-07-12,2019-07-12 09:34:37,0.25,1.0869,307,0.24,1.0434,2329,0.25,1.0869,4,0.245,1.0652,572,0
SPY190715C301,2019-07-12,2019-07-12 09:34:37,0.26,1.1304,1736,0.25,1.0869,5,0.25,1.0869,4,0.255,1.1086,572,4
SPY190715C301,2019-07-12,2019-07-12 09:34:38,0.25,1.0869,209,0.24,1.0434,3189,0.25,1.0869,4,0.245,1.0652,572,0
SPY190715C301,2019-07-12,2019-07-12 09:34:38,0.25,1.0869,209,0.24,1.0434,2795,0.25,1.0869,4,0.245,1.0652,572,0
SPY190715C301,2019-07-12,2019-07-12 09:34:39,0.25,1.0869,51,0.24,1.0434,3622,0.25,1.0869,4,0.245,1.0652,572,0
SPY190715C301,2019-07-12,2019-07-12 09:34:40,0.25,1.0869,149,0.24,1.0434,3236,0.25,1.0869,4,0.245,1.0652,572,0
SPY190715C301,2019-07-12,2019-07-12 09:34:40,0.25,1.0869,159,0.24,1.0434,3005,0.25,1.0869,4,0.245,1.0652,572,0
SPY190715C301,2019-07-12,2019-07-12 09:34:41,0.25,1.0869,159,0.24,1.0434,3005,0.25,1.0869,4,0.245,1.0652,572,0
SPY190715C301,2019-07-12,2019-07-12 09:34:42,0.25,1.0869,159,0.24,1.0434,3455,0.25,1.0869,4,0.245,1.0652,572,0
SPY190715C301,2019-07-12,2019-07-12 09:34:42,0.25,1.0869,159,0.24,1.0434,3005,0.25,1.0869,4,0.245,1.0652,572,0
SPY190715C301,2019-07-12,2019-07-12 09:34:43,0.25,1.0869,159,0.24,1.0434,3057,0.25,1.0869,4,0.245,1.0652,572,0
SPY190715C301,2019-07-12,2019-07-12 09:34:43,0.25,1.0869,281,0.24,1.0434,3057,0.25,1.0869,4,0.245,1.0652,572,0
SPY190715C301,2019-07-12,2019-07-12 09:34:44,0.25,1.0869,305,0.24,1.0434,3057,0.25,1.0869,4,0.245,1.0652,572,0
SPY190715C301,2019-07-12,2019-07-12 09:34:45,0.25,1.0869,590,0.24,1.0434,3057,0.25,1.0869,4,0.245,1.0652,572,0
SPY190715C301,2019-07-12,2019-07-12 09:34:45,0.25,1.0869,305,0.24,1.0434,3057,0.25,1.0869,4,0.245,1.0652,572,0
SPY190715C301,2019-07-12,2019-07-12 09:34:46,0.25,1.0869,523,0.24,1.0434,3057,0.25,1.0869,4,0.245,1.0652,572,0
SPY190715C301,2019-07-12,2019-07-12 09:34:47,0.25,1.0869,276,0.24,1.0434,3057,0.25,1.0869,4,0.245,1.0652,572,0
SPY190715C301,2019-07-12,2019-07-12 09:34:47,0.25,1.0869,169,0.24,1.0434,2980,0.25,1.0869,4,0.245,1.0652,572,0
SPY190715C301,2019-07-12,2019-07-12 09:34:48,0.25,1.0869,169,0.24,1.0434,3070,0.25,1.0869,4,0.245,1.0652,572,0
SPY190715C301,2019-07-12,2019-07-12 09:34:49,0.25,1.0869,329,0.24,1.0434,3070,0.25,1.0869,4,0.245,1.0652,572,0
SPY190715C301,2019-07-12,2019-07-12 09:34:49,0.25,1.0869,169,0.24,1.0434,2769,0.25,1.0869,4,0.245,1.0652,572,0
SPY190715C301,2019-07-12,2019-07-12 09:34:50,0.25,1.0869,386,0.24,1.0434,2999,0.25,1.0869,4,0.245,1.0652,572,0
SPY190715C301,2019-07-12,2019-07-12 09:34:50,0.25,1.0869,428,0.24,1.0434,2807,0.25,1.0869,4,0.245,1.0652,572,0
SPY190715C301,2019-07-12,2019-07-12 09:34:51,0.25,1.0869,640,0.24,1.0434,2807,0.25,1.0869,4,0.245,1.0652,572,0
SPY190715C301,2019-07-12,2019-07-12 09:34:51,0.25,1.0869,578,0.24,1.0434,2807,0.25,1.0869,4,0.245,1.0652,572,0
SPY190715C301,2019-07-12,2019-07-12 09:34:52,0.25,1.0869,806,0.24,1.0434,2807,0.25,1.0869,4,0.245,1.0652,572,0
SPY190715C301,2019-07-12,2019-07-12 09:34:53,0.25,1.0869,806,0.24,1.0434,2807,0.25,1.0869,4,0.245,1.0652,572,0
SPY190715C301,2019-07-12,2019-07-12 09:34:54,0.25,1.0869,632,0.24,1.0434,2807,0.25,1.0869,4,0.245,1.0652,572,0
SPY190715C301,2019-07-12,2019-07-12 09:34:54,0.25,1.0869,806,0.24,1.0434,2807,0.25,1.0869,4,0.245,1.0652,572,0
SPY190715C301,2019-07-12,2019-07-12 09:34:55,0.25,1.0869,159,0.24,1.0434,2807,0.25,1.0869,4,0.245,1.0652,572,0
SPY190715C301,2019-07-12,2019-07-12 09:34:55,0.25,1.0869,281,0.24,1.0434,3099,0.25,1.0869,4,0.245,1.0652,572,0
SPY190715C301,2019-07-12,2019-07-12 09:34:56,0.25,1.0869,159,0.24,1.0434,2990,0.25,1.0869,4,0.245,1.0652,572,0
SPY190715C301,2019-07-12,2019-07-12 09:34:56,0.25,1.0869,159,0.24,1.0434,3115,0.25,1.0869,4,0.245,1.0652,572,0
SPY190715C301,2019-07-12,2019-07-12 09:34:57,0.25,1.0869,157,0.24,1.0434,3115,0.25,1.0869,4,0.245,1.0652,572,0
SPY190715C301,2019-07-12,2019-07-12 09:34:58,0.25,1.0869,157,0.24,1.0434,1903,0.25,1.0869,4,0.245,1.0652,572,0
SPY190715C301,2019-07-12,2019-07-12 09:34:58,0.25,1.0869,157,0.24,1.0434,1761,0.25,1.0869,4,0.245,1.0652,572,0
SPY190715C301,2019-07-12,2019-07-12 09:34:59,0.25,1.0869,157,0.24,1.0434,1761,0.25,1.0869,4,0.245,1.0652,572,0
SPY190715C301,2019-07-12,2019-07-12 09:35:00,0.25,1.0869,559,0.24,1.0434,1992,0.25,1.0869,4,0.245,1.0652,572,0
SPY190715C301,2019-07-12,2019-07-12 09:35:00,0.25,1.0869,620,0.24,1.0434,2970,0.25,1.0869,4,0.245,1.0652,572,0
SPY190715C301,2019-07-12,2019-07-12 09:35:01,0.25,1.0869,559,0.24,1.0434,1992,0.25,1.0869,4,0.245,1.0652,572,0
SPY190715C301,2019-07-12,2019-07-12 09:35:02,0.25,1.0869,307,0.24,1.0434,3205,0.25,1.0869,4,0.245,1.0652,572,0
SPY190715C301,2019-07-12,2019-07-12 09:35:02,0.25,1.0869,559,0.24,1.0434,3208,0.25,1.0869,4,0.245,1.0652,572,0
SPY190715C301,2019-07-12,2019-07-12 09:35:03,0.25,1.0869,640,0.24,1.0434,520,0.25,1.0869,4,0.245,1.0652,572,0
SPY190715C301,2019-07-12,2019-07-12 09:35:03,0.25,1.0869,502,0.24,1.0434,21,0.25,1.0869,4,0.245,1.0652,572,0
SPY190715C301,2019-07-12,2019-07-12 09:35:04,0.25,1.0869,742,0.24,1.0434,1366,0.25,1.0869,4,0.245,1.0652,572,0
SPY190715C301,2019-07-12,2019-07-12 09:35:04,0.25,1.0869,745,0.24,1.0434,305,0.25,1.0869,4,0.245,1.0652,572,0
SPY190715C301,2019-07-12,2019-07-12 09:35:05,0.25,1.0869,1159,0.24,1.0434,253,0.25,1.0869,4,0.245,1.0652,572,0
SPY190715C301,2019-07-12,2019-07-12 09:35:05,0.25,1.0869,1155,0.24,1.0434,240,0.25,1.0869,4,0.245,1.0652,572,0
SPY190715C301,2019-07-12,2019-07-12 09:35:06,0.25,1.0869,765,0.24,1.0434,240,0.25,1.0869,4,0.245,1.0652,572,0
SPY190715C301,2019-07-12,2019-07-12 09:35:06,0.25,1.0869,409,0.24,1.0434,541,0.25,1.0869,4,0.245,1.0652,572,0
SPY190715C301,2019-07-12,2019-07-12 09:35:07,0.25,1.0869,302,0.24,1.0434,541,0.25,1.0869,50,0.245,1.0652,622,50
SPY190715C301,2019-07-12,2019-07-12 09:35:08,0.25,1.0869,868,0.24,1.0434,498,0.25,1.0869,50,0.245,1.0652,622,0
SPY190715C301,2019-07-12,2019-07-12 09:35:08,0.25,1.0869,788,0.24,1.0434,1126,0.25,1.0869,50,0.245,1.0652,622,0
SPY190715C301,2019-07-12,2019-07-12 09:35:09,0.25,1.0869,903,0.24,1.0434,240,0.25,1.0869,50,0.245,1.0652,622,0
SPY190715C301,2019-07-12,2019-07-12 09:35:09,0.25,1.0869,1271,0.24,1.0434,240,0.25,1.0869,50,0.245,1.0652,622,0
SPY190715C301,2019-07-12,2019-07-12 09:35:10,0.24,1.0434,261,0.23,1.0,1634,0.25,1.0869,50,0.235,1.0217,622,0
SPY190715C301,2019-07-12,2019-07-12 09:35:10,0.25,1.0869,880,0.24,1.0434,221,0.25,1.0869,50,0.245,1.0652,622,0
SPY190715C301,2019-07-12,2019-07-12 09:35:11,0.24,1.0434,261,0.23,1.0,1069,0.25,1.0869,50,0.235,1.0217,622,0
SPY190715C301,2019-07-12,2019-07-12 09:35:12,0.24,1.0434,865,0.23,1.0,1201,0.25,1.0869,50,0.235,1.0217,622,0
SPY190715C301,2019-07-12,2019-07-12 09:35:12,0.24,1.0434,58,0.23,1.0,2108,0.25,1.0869,50,0.235,1.0217,622,0
SPY190715C301,2019-07-12,2019-07-12 09:35:13,0.24,1.0434,1,0.23,1.0,3851,0.25,1.0869,50,0.235,1.0217,622,0
SPY190715C301,2019-07-12,2019-07-12 09:35:13,0.24,1.0434,1,0.23,1.0,3397,0.25,1.0869,50,0.235,1.0217,622,0
SPY190715C301,2019-07-12,2019-07-12 09:35:14,0.24,1.0434,1,0.23,1.0,3851,0.25,1.0869,50,0.235,1.0217,622,0
SPY190715C301,2019-07-12,2019-07-12 09:35:15,0.24,1.0434,1,0.23,1.0,3922,0.25,1.0869,50,0.235,1.0217,622,0
SPY190715C301,2019-07-12,2019-07-12 09:35:16,0.24,1.0434,1,0.23,1.0,2350,0.25,1.0869,50,0.235,1.0217,622,0
SPY190715C301,2019-07-12,2019-07-12 09:35:16,0.24,1.0434,1,0.23,1.0,2761,0.25,1.0869,50,0.235,1.0217,622,0
SPY190715C301,2019-07-12,2019-07-12 09:35:17,0.24,1.0434,1,0.23,1.0,2779,0.25,1.0869,50,0.235,1.0217,622,0
SPY190715C301,2019-07-12,2019-07-12 09:35:18,0.24,1.0434,1,0.23,1.0,3049,0.25,1.0869,50,0.235,1.0217,622,0
SPY190715C301,2019-07-12,2019-07-12 09:35:18,0.24,1.0434,1,0.23,1.0,1472,0.25,1.0869,50,0.235,1.0217,622,0
SPY190715C301,2019-07-12,2019-07-12 09:35:19,0.24,1.0434,6,0.23,1.0,3461,0.25,1.0869,50,0.235,1.0217,622,0
SPY190715C301,2019-07-12,2019-07-12 09:35:20,0.24,1.0434,6,0.23,1.0,3376,0.23,1.0,1,0.235,1.0217,623,1
SPY190715C301,2019-07-12,2019-07-12 09:35:20,0.24,1.0434,6,0.23,1.0,3461,0.23,1.0,1,0.235,1.0217,623,0
SPY190715C301,2019-07-12,2019-07-12 09:35:21,0.24,1.0434,10,0.23,1.0,3461,0.23,1.0,1,0.235,1.0217,623,0
SPY190715C301,2019-07-12,2019-07-12 09:35:22,0.24,1.0434,10,0.23,1.0,3511,0.24,1.0434,100,0.235,1.0217,723,0
SPY190715C301,2019-07-12,2019-07-12 09:35:22,0.24,1.0434,10,0.23,1.0,3461,0.24,1.0434,100,0.235,1.0217,723,100
SPY190715C301,2019-07-12,2019-07-12 09:35:23,0.25,1.0869,71,0.23,1.0,4302,0.24,1.0434,100,0.24,1.0434,723,0
SPY190715C301,2019-07-12,2019-07-12 09:35:23,0.24,1.0434,10,0.23,1.0,3049,0.24,1.0434,100,0.235,1.0217,723,0
SPY190715C301,2019-07-12,2019-07-12 09:35:24,0.25,1.0869,52,0.23,1.0,4302,0.24,1.0434,5,0.24,1.0434,740,17
SPY190715C301,2019-07-12,2019-07-12 09:35:24,0.25,1.0869,342,0.24,1.0434,1041,0.24,1.0434,5,0.245,1.0652,740,0
SPY190715C301,2019-07-12,2019-07-12 09:35:25,0.25,1.0869,342,0.24,1.0434,1869,0.24,1.0434,5,0.245,1.0652,740,0
SPY190715C301,2019-07-12,2019-07-12 09:35:26,0.25,1.0869,352,0.24,1.0434,795,0.24,1.0434,5,0.245,1.0652,740,0
SPY190715C301,2019-07-12,2019-07-12 09:35:26,0.25,1.0869,746,0.24,1.0434,848,0.24,1.0434,5,0.245,1.0652,740,0
SPY190715C301,2019-07-12,2019-07-12 09:35:27,0.25,1.0869,583,0.23,1.0,1258,0.24,1.0434,5,0.24,1.0434,740,0
SPY190715C301,2019-07-12,2019-07-12 09:35:27,0.24,1.0434,5,0.23,1.0,2182,0.24,1.0434,5,0.235,1.0217,740,0
SPY190715C301,2019-07-12,2019-07-12 09:35:28,0.24,1.0434,5,0.23,1.0,2182,0.24,1.0434,5,0.235,1.0217,740,0
SPY190715C301,2019-07-12,2019-07-12 09:35:29,0.24,1.0434,195,0.23,1.0,870,0.24,1.0434,5,0.235,1.0217,740,0
SPY190715C301,2019-07-12,2019-07-12 09:35:30,0.24,1.0434,595,0.23,1.0,912,0.24,1.0434,5,0.235,1.0217,740,0
SPY190715C301,2019-07-12,2019-07-12 09:35:31,0.24,1.0434,595,0.23,1.0,1466,0.24,1.0434,5,0.235,1.0217,740,0
SPY190715C301,2019-07-12,2019-07-12 09:35:31,0.24,1.0434,737,0.23,1.0,733,0.24,1.0434,5,0.235,1.0217,740,0
SPY190715C301,2019-07-12,2019-07-12 09:35:32,0.24,1.0434,325,0.23,1.0,789,0.24,1.0434,5,0.235,1.0217,740,0
SPY190715C301,2019-07-12,2019-07-12 09:35:32,0.24,1.0434,416,0.23,1.0,789,0.24,1.0434,5,0.235,1.0217,740,0
SPY190715C301,2019-07-12,2019-07-12 09:35:33,0.24,1.0434,470,0.23,1.0,640,0.24,1.0434,5,0.235,1.0217,740,0
SPY190715C301,2019-07-12,2019-07-12 09:35:34,0.24,1.0434,453,0.23,1.0,889,0.24,1.0434,5,0.235,1.0217,740,0
SPY190715C301,2019-07-12,2019-07-12 09:35:35,0.24,1.0434,504,0.23,1.0,1063,0.24,1.0434,5,0.235,1.0217,740,0
SPY190715C301,2019-07-12,2019-07-12 09:35:35,0.24,1.0434,402,0.23,1.0,1731,0.24,1.0434,5,0.235,1.0217,740,0
SPY190715C301,2019-07-12,2019-07-12 09:35:36,0.24,1.0434,98,0.23,1.0,1014,0.24,1.0434,5,0.235,1.0217,740,0
SPY190715C301,2019-07-12,2019-07-12 09:35:36,0.24,1.0434,499,0.23,1.0,889,0.24,1.0434,5,0.235,1.0217,740,0
SPY190715C301,2019-07-12,2019-07-12 09:35:37,0.24,1.0434,808,0.23,1.0,889,0.24,1.0434,5,0.235,1.0217,740,0
SPY190715C301,2019-07-12,2019-07-12 09:35:38,0.24,1.0434,808,0.23,1.0,1908,0.24,1.0434,5,0.235,1.0217,740,0
SPY190715C301,2019-07-12,2019-07-12 09:35:38,0.24,1.0434,808,0.23,1.0,1135,0.24,1.0434,5,0.235,1.0217,740,0
SPY190715C301,2019-07-12,2019-07-12 09:35:39,0.24,1.0434,808,0.23,1.0,2966,0.24,1.0434,5,0.235,1.0217,740,0
SPY190715C301,2019-07-12,2019-07-12 09:35:39,0.24,1.0434,313,0.23,1.0,3581,0.24,1.0434,5,0.235,1.0217,740,0
SPY190715C301,2019-07-12,2019-07-12 09:35:40,0.24,1.0434,313,0.23,1.0,1406,0.24,1.0434,5,0.235,1.0217,740,0
SPY190715C301,2019-07-12,2019-07-12 09:35:40,0.24,1.0434,313,0.23,1.0,2587,0.24,1.0434,5,0.235,1.0217,740,0
SPY190715C301,2019-07-12,2019-07-12 09:35:41,0.24,1.0434,313,0.23,1.0,3214,0.24,1.0434,5,0.235,1.0217,740,0
SPY190715C301,2019-07-12,2019-07-12 09:35:41,0.24,1.0434,313,0.23,1.0,2788,0.24,1.0434,5,0.235,1.0217,740,0
SPY190715C301,2019-07-12,2019-07-12 09:35:42,0.24,1.0434,313,0.23,1.0,2153,0.24,1.0434,5,0.235,1.0217,740,0
SPY190715C301,2019-07-12,2019-07-12 09:35:43,0.24,1.0434,328,0.23,1.0,3369,0.24,1.0434,1,0.235,1.0217,741,0
SPY190715C301,2019-07-12,2019-07-12 09:35:43,0.24,1.0434,309,0.23,1.0,2901,0.24,1.0434,1,0.235,1.0217,741,1
SPY190715C301,2019-07-12,2019-07-12 09:35:44,0.24,1.0434,213,0.23,1.0,1137,0.24,1.0434,1,0.235,1.0217,741,0
SPY190715C301,2019-07-12,2019-07-12 09:35:44,0.24,1.0434,328,0.23,1.0,3106,0.24,1.0434,1,0.235,1.0217,741,0
SPY190715C301,2019-07-12,2019-07-12 09:35:45,0.24,1.0434,946,0.23,1.0,1289,0.24,1.0434,1,0.235,1.0217,741,0
SPY190715C301,2019-07-12,2019-07-12 09:35:45,0.24,1.0434,946,0.23,1.0,820,0.24,1.0434,1,0.235,1.0217,741,0
SPY190715C301,2019-07-12,2019-07-12 09:35:46,0.24,1.0434,946,0.23,1.0,1289,0.24,1.0434,1,0.235,1.0217,741,0
SPY190715C301,2019-07-12,2019-07-12 09:35:47,0.24,1.0434,579,0.23,1.0,1355,0.24,1.0434,1,0.235,1.0217,741,0
SPY190715C301,2019-07-12,2019-07-12 09:35:47,0.24,1.0434,686,0.23,1.0,709,0.24,1.0434,1,0.235,1.0217,741,0
SPY190715C301,2019-07-12,2019-07-12 09:35:48,0.24,1.0434,1018,0.23,1.0,709,0.24,1.0434,1,0.235,1.0217,741,0
SPY190715C301,2019-07-12,2019-07-12 09:35:48,0.24,1.0434,1018,0.23,1.0,1345,0.24,1.0434,1,0.235,1.0217,741,0
SPY190715C301,2019-07-12,2019-07-12 09:35:49,0.24,1.0434,1003,0.23,1.0,649,0.24,1.0434,1,0.235,1.0217,741,0
SPY190715C301,2019-07-12,2019-07-12 09:35:49,0.24,1.0434,1018,0.23,1.0,1483,0.24,1.0434,1,0.235,1.0217,741,0
SPY190715C301,2019-07-12,2019-07-12 09:35:50,0.24,1.0434,584,0.23,1.0,332,0.24,1.0434,1,0.235,1.0217,741,0
SPY190715C301,2019-07-12,2019-07-12 09:35:50,0.24,1.0434,1003,0.23,1.0,649,0.24,1.0434,1,0.235,1.0217,741,0
SPY190715C301,2019-07-12,2019-07-12 09:35:51,0.24,1.0434,584,0.23,1.0,249,0.24,1.0434,1,0.235,1.0217,741,0
SPY190715C301,2019-07-12,2019-07-12 09:35:51,0.24,1.0434,584,0.23,1.0,303,0.24,1.0434,40,0.235,1.0217,781,40
SPY190715C301,2019-07-12,2019-07-12 09:35:52,0.24,1.0434,584,0.23,1.0,303,0.24,1.0434,40,0.235,1.0217,781,0
SPY190715C301,2019-07-12,2019-07-12 09:35:53,0.24,1.0434,1039,0.23,1.0,675,0.24,1.0434,40,0.235,1.0217,781,0
SPY190715C301,2019-07-12,2019-07-12 09:35:53,0.24,1.0434,1039,0.23,1.0,704,0.24,1.0434,40,0.235,1.0217,781,0
SPY190715C301,2019-07-12,2019-07-12 09:35:54,0.24,1.0434,881,0.23,1.0,249,0.24,1.0434,40,0.235,1.0217,781,0
SPY190715C301,2019-07-12,2019-07-12 09:35:54,0.24,1.0434,881,0.23,1.0,1440,0.24,1.0434,40,0.235,1.0217,781,0
SPY190715C301,2019-07-12,2019-07-12 09:35:55,0.24,1.0434,881,0.23,1.0,403,0.24,1.0434,40,0.235,1.0217,781,0
SPY190715C301,2019-07-12,2019-07-12 09:35:56,0.24,1.0434,1626,0.23,1.0,13,0.24,1.0434,40,0.235,1.0217,781,0
SPY190715C301,2019-07-12,2019-07-12 09:35:56,0.24,1.0434,881,0.23,1.0,403,0.24,1.0434,40,0.235,1.0217,781,0
SPY190715C301,2019-07-12,2019-07-12 09:35:57,0.24,1.0434,2952,0.23,1.0,13,0.24,1.0434,40,0.235,1.0217,781,0
SPY190715C301,2019-07-12,2019-07-12 09:35:58,0.24,1.0434,2883,0.23,1.0,13,0.24,1.0434,40,0.235,1.0217,781,0
SPY190715C301,2019-07-12,2019-07-12 09:35:58,0.24,1.0434,2952,0.23,1.0,13,0.24,1.0434,40,0.235,1.0217,781,0
SPY190715C301,2019-07-12,2019-07-12 09:35:59,0.24,1.0434,3831,0.23,1.0,13,0.24,1.0434,40,0.235,1.0217,781,0
SPY190715C301,2019-07-12,2019-07-12 09:35:59,0.24,1.0434,3705,0.23,1.0,13,0.24,1.0434,40,0.235,1.0217,781,0
SPY190715C301,2019-07-12,2019-07-12 09:36:00,0.24,1.0434,3886,0.23,1.0,13,0.24,1.0434,40,0.235,1.0217,781,0
SPY190715C301,2019-07-12,2019-07-12 09:36:01,0.24,1.0434,2825,0.23,1.0,13,0.24,1.0434,40,0.235,1.0217,781,0
SPY190715C301,2019-07-12,2019-07-12 09:36:02,0.24,1.0434,3834,0.23,1.0,34,0.24,1.0434,40,0.235,1.0217,781,0
SPY190715C301,2019-07-12,2019-07-12 09:36:03,0.24,1.0434,2825,0.23,1.0,34,0.24,1.0434,40,0.235,1.0217,781,0
SPY190715C301,2019-07-12,2019-07-12 09:36:03,0.24,1.0434,3969,0.23,1.0,34,0.24,1.0434,40,0.235,1.0217,781,0
SPY190715C301,2019-07-12,2019-07-12 09:36:04,0.24,1.0434,3978,0.22,0.9565,2646,0.23,1.0,13,0.23,1.0,797,16
SPY190715C301,2019-07-12,2019-07-12 09:36:05,0.23,1.0,1914,0.22,0.9565,90,0.23,1.0,13,0.225,0.9782,797,0
SPY190715C301,2019-07-12,2019-07-12 09:36:05,0.23,1.0,958,0.22,0.9565,332,0.23,1.0,13,0.225,0.9782,797,0
SPY190715C301,2019-07-12,2019-07-12 09:36:06,0.23,1.0,1914,0.22,0.9565,90,0.23,1.0,13,0.225,0.9782,797,0
SPY190715C301,2019-07-12,2019-07-12 09:36:07,0.23,1.0,1924,0.22,0.9565,34,0.23,1.0,13,0.225,0.9782,797,0
SPY190715C301,2019-07-12,2019-07-12 09:36:07,0.23,1.0,1924,0.22,0.9565,90,0.23,1.0,13,0.225,0.9782,797,0
SPY190715C301,2019-07-12,2019-07-12 09:36:08,0.23,1.0,1718,0.22,0.9565,34,0.23,1.0,13,0.225,0.9782,797,0
SPY190715C301,2019-07-12,2019-07-12 09:36:08,0.23,1.0,457,0.22,0.9565,1006,0.23,1.0,13,0.225,0.9782,797,0
SPY190715C301,2019-07-12,2019-07-12 09:36:09,0.23,1.0,597,0.22,0.9565,1441,0.23,1.0,13,0.225,0.9782,797,0
SPY190715C301,2019-07-12,2019-07-12 09:36:09,0.23,1.0,482,0.22,0.9565,1887,0.23,1.0,13,0.225,0.9782,797,0
SPY190715C301,2019-07-12,2019-07-12 09:36:10,0.23,1.0,454,0.22,0.9565,163,0.23,1.0,13,0.225,0.9782,797,0
SPY190715C301,2019-07-12,2019-07-12 09:36:10,0.23,1.0,482,0.22,0.9565,355,0.23,1.0,13,0.225,0.9782,797,0
SPY190715C301,2019-07-12,2019-07-12 09:36:11,0.23,1.0,706,0.22,0.9565,618,0.23,1.0,13,0.225,0.9782,797,0
SPY190715C301,2019-07-12,2019-07-12 09:36:12,0.23,1.0,701,0.22,0.9565,547,0.23,1.0,13,0.225,0.9782,797,0
SPY190715C301,2019-07-12,2019-07-12 09:36:12,0.23,1.0,426,0.22,0.9565,345,0.23,1.0,13,0.225,0.9782,797,0
SPY190715C301,2019-07-12,2019-07-12 09:36:13,0.23,1.0,511,0.22,0.9565,1430,0.23,1.0,13,0.225,0.9782,797,0
SPY190715C301,2019-07-12,2019-07-12 09:36:13,0.23,1.0,426,0.22,0.9565,1255,0.23,1.0,13,0.225,0.9782,797,0
SPY190715C301,2019-07-12,2019-07-12 09:36:14,0.23,1.0,987,0.22,0.9565,2492,0.23,1.0,13,0.225,0.9782,797,0
SPY190715C301,2019-07-12,2019-07-12 09:36:14,0.23,1.0,881,0.22,0.9565,2492,0.23,1.0,13,0.225,0.9782,797,0
SPY190715C301,2019-07-12,2019-07-12 09:36:15,0.23,1.0,1875,0.22,0.9565,40,0.23,1.0,13,0.225,0.9782,797,0
SPY190715C301,2019-07-12,2019-07-12 09:36:15,0.23,1.0,763,0.22,0.9565,572,0.23,1.0,13,0.225,0.9782,797,0
SPY190715C301,2019-07-12,2019-07-12 09:36:16,0.23,1.0,1996,0.22,0.9565,1,0.23,1.0,13,0.225,0.9782,797,0
SPY190715C301,2019-07-12,2019-07-12 09:36:17,0.23,1.0,1996,0.22,0.9565,1,0.23,1.0,13,0.225,0.9782,797,0
SPY190715C301,2019-07-12,2019-07-12 09:36:18,0.23,1.0,2299,0.22,0.9565,1,0.23,1.0,13,0.225,0.9782,797,0
SPY190715C301,2019-07-12,2019-07-12 09:36:18,0.23,1.0,2856,0.22,0.9565,1,0.23,1.0,13,0.225,0.9782,797,0
SPY190715C301,2019-07-12,2019-07-12 09:36:19,0.23,1.0,1986,0.22,0.9565,1,0.23,1.0,13,0.225,0.9782,797,0
SPY190715C301,2019-07-12,2019-07-12 09:36:20,0.23,1.0,1986,0.22,0.9565,1,0.23,1.0,13,0.225,0.9782,797,0
SPY190715C301,2019-07-12,2019-07-12 09:36:21,0.23,1.0,2186,0.22,0.9565,1,0.23,1.0,13,0.225,0.9782,797,0
SPY190715C301,2019-07-12,2019-07-12 09:36:22,0.23,1.0,1776,0.22,0.9565,1,0.23,1.0,13,0.225,0.9782,797,0
SPY190715C301,2019-07-12,2019-07-12 09:36:22,0.23,1.0,2716,0.22,0.9565,1,0.23,1.0,13,0.225,0.9782,797,0
SPY190715C301,2019-07-12,2019-07-12 09:36:23,0.23,1.0,2825,0.22,0.9565,1,0.23,1.0,13,0.225,0.9782,797,0
SPY190715C301,2019-07-12,2019-07-12 09:36:24,0.23,1.0,2973,0.22,0.9565,1,0.23,1.0,13,0.225,0.9782,797,0
SPY190715C301,2019-07-12,2019-07-12 09:36:24,0.23,1.0,2825,0.22,0.9565,1,0.23,1.0,13,0.225,0.9782,797,0
SPY190715C301,2019-07-12,2019-07-12 09:36:25,0.23,1.0,565,0.22,0.9565,1,0.23,1.0,13,0.225,0.9782,797,0
SPY190715C301,2019-07-12,2019-07-12 09:36:26,0.23,1.0,1651,0.22,0.9565,1,0.23,1.0,13,0.225,0.9782,797,0
SPY190715C301,2019-07-12,2019-07-12 09:36:26,0.23,1.0,1732,0.22,0.9565,34,0.23,1.0,13,0.225,0.9782,797,0
SPY190715C301,2019-07-12,2019-07-12 09:36:27,0.23,1.0,1921,0.22,0.9565,82,0.23,1.0,13,0.225,0.9782,797,0
SPY190715C301,2019-07-12,2019-07-12 09:36:27,0.23,1.0,866,0.22,0.9565,40,0.23,1.0,13,0.225,0.9782,797,0
SPY190715C301,2019-07-12,2019-07-12 09:36:28,0.23,1.0,2070,0.22,0.9565,95,0.23,1.0,13,0.225,0.9782,797,0
SPY190715C301,2019-07-12,2019-07-12 09:36:28,0.23,1.0,2209,0.22,0.9565,64,0.23,1.0,13,0.225,0.9782,797,0
SPY190715C301,2019-07-12,2019-07-12 09:36:29,0.23,1.0,2070,0.22,0.9565,95,0.23,1.0,13,0.225,0.9782,797,0
SPY190715C301,2019-07-12,2019-07-12 09:36:30,0.23,1.0,2070,0.22,0.9565,146,0.23,1.0,13,0.225,0.9782,797,0
SPY190715C301,2019-07-12,2019-07-12 09:36:30,0.23,1.0,2040,0.22,0.9565,1,0.23,1.0,13,0.225,0.9782,797,0
SPY190715C301,2019-07-12,2019-07-12 09:36:31,0.23,1.0,2040,0.22,0.9565,88,0.23,1.0,13,0.225,0.9782,797,0
SPY190715C301,2019-07-12,2019-07-12 09:36:32,0.23,1.0,1990,0.22,0.9565,88,0.23,1.0,13,0.225,0.9782,797,0
SPY190715C301,2019-07-12,2019-07-12 09:36:33,0.23,1.0,2135,0.22,0.9565,90,0.23,1.0,13,0.225,0.9782,797,0
SPY190715C301,2019-07-12,2019-07-12 09:36:33,0.23,1.0,2135,0.22,0.9565,88,0.23,1.0,13,0.225,0.9782,797,0
SPY190715C301,2019-07-12,2019-07-12 09:36:34,0.23,1.0,488,0.22,0.9565,985,0.23,1.0,13,0.225,0.9782,797,0
SPY190715C301,2019-07-12,2019-07-12 09:36:34,0.23,1.0,1310,0.22,0.9565,266,0.23,1.0,13,0.225,0.9782,797,0
SPY190715C301,2019-07-12,2019-07-12 09:36:35,0.23,1.0,496,0.22,0.9565,1171,0.23,1.0,13,0.225,0.9782,797,0
SPY190715C301,2019-07-12,2019-07-12 09:36:35,0.23,1.0,496,0.22,0.9565,1073,0.23,1.0,13,0.225,0.9782,797,0
SPY190715C301,2019-07-12,2019-07-12 09:36:36,0.23,1.0,496,0.22,0.9565,1171,0.23,1.0,13,0.225,0.9782,797,0
SPY190715C301,2019-07-12,2019-07-12 09:36:37,0.23,1.0,577,0.22,0.9565,1253,0.23,1.0,13,0.225,0.9782,797,0
SPY190715C301,2019-07-12,2019-07-12 09:36:37,0.23,1.0,577,0.22,0.9565,1163,0.23,1.0,13,0.225,0.9782,797,0
SPY190715C301,2019-07-12,2019-07-12 09:36:38,0.23,1.0,577,0.22,0.9565,1253,0.23,1.0,13,0.225,0.9782,797,0
SPY190715C301,2019-07-12,2019-07-12 09:36:39,0.23,1.0,577,0.22,0.9565,22,0.23,1.0,13,0.225,0.9782,797,0
SPY190715C301,2019-07-12,2019-07-12 09:36:39,0.23,1.0,577,0.22,0.9565,393,0.23,1.0,13,0.225,0.9782,797,0
SPY190715C301,2019-07-12,2019-07-12 09:36:40,0.23,1.0,2197,0.22,0.9565,22,0.23,1.0,13,0.225,0.9782,797,0
SPY190715C301,2019-07-12,2019-07-12 09:36:41,0.23,1.0,3075,0.22,0.9565,22,0.23,1.0,13,0.225,0.9782,797,0
SPY190715C301,2019-07-12,2019-07-12 09:36:41,0.23,1.0,2118,0.22,0.9565,22,0.23,1.0,13,0.225,0.9782,797,0
SPY190715C301,2019-07-12,2019-07-12 09:36:42,0.23,1.0,2853,0.22,0.9565,22,0.23,1.0,13,0.225,0.9782,797,0
SPY190715C301,2019-07-12,2019-07-12 09:36:42,0.23,1.0,3075,0.22,0.9565,22,0.23,1.0,13,0.225,0.9782,797,0
SPY190715C301,2019-07-12,2019-07-12 09:36:43,0.23,1.0,3107,0.22,0.9565,22,0.23,1.0,13,0.225,0.9782,797,0
SPY190715C301,2019-07-12,2019-07-12 09:36:43,0.23,1.0,3248,0.22,0.9565,1,0.22,0.9565,22,0.225,0.9782,819,22
SPY190715C301,2019-07-12,2019-07-12 09:36:44,0.23,1.0,3114,0.22,0.9565,1,0.22,0.9565,22,0.225,0.9782,819,0
SPY190715C301,2019-07-12,2019-07-12 09:36:45,0.23,1.0,3114,0.22,0.9565,1,0.22,0.9565,22,0.225,0.9782,819,0
SPY190715C301,2019-07-12,2019-07-12 09:36:45,0.22,0.9565,604,0.21,0.913,3311,0.22,0.9565,1,0.215,0.9347,820,1
SPY190715C301,2019-07-12,2019-07-12 09:36:46,0.22,0.9565,604,0.21,0.913,3311,0.22,0.9565,1,0.215,0.9347,820,0
SPY190715C301,2019-07-12,2019-07-12 09:36:46,0.22,0.9565,1207,0.21,0.913,3311,0.22,0.9565,1,0.215,0.9347,821,1
SPY190715C301,2019-07-12,2019-07-12 09:36:47,0.22,0.9565,488,0.21,0.913,3339,0.22,0.9565,1,0.215,0.9347,821,0
SPY190715C301,2019-07-12,2019-07-12 09:36:47,0.22,0.9565,935,0.21,0.913,3047,0.22,0.9565,1,0.215,0.9347,821,0
SPY190715C301,2019-07-12,2019-07-12 09:36:48,0.22,0.9565,258,0.21,0.913,2893,0.22,0.9565,1,0.215,0.9347,821,0
SPY190715C301,2019-07-12,2019-07-12 09:36:48,0.22,0.9565,109,0.21,0.913,2276,0.22,0.9565,1,0.215,0.9347,821,0
SPY190715C301,2019-07-12,2019-07-12 09:36:49,0.22,0.9565,189,0.21,0.913,4570,0.22,0.9565,1,0.215,0.9347,821,0
SPY190715C301,2019-07-12,2019-07-12 09:36:50,0.22,0.9565,189,0.21,0.913,4512,0.22,0.9565,1,0.215,0.9347,821,0
SPY190715C301,2019-07-12,2019-07-12 09:36:50,0.22,0.9565,189,0.21,0.913,3974,0.22,0.9565,1,0.215,0.9347,821,0
SPY190715C301,2019-07-12,2019-07-12 09:36:51,0.22,0.9565,189,0.21,0.913,4391,0.22,0.9565,1,0.215,0.9347,821,0
SPY190715C301,2019-07-12,2019-07-12 09:36:51,0.22,0.9565,186,0.21,0.913,3196,0.22,0.9565,1,0.215,0.9347,821,0
SPY190715C301,2019-07-12,2019-07-12 09:36:52,0.22,0.9565,213,0.21,0.913,4628,0.22,0.9565,1,0.215,0.9347,821,0
SPY190715C301,2019-07-12,2019-07-12 09:36:52,0.22,0.9565,186,0.21,0.913,2990,0.22,0.9565,1,0.215,0.9347,821,0
SPY190715C301,2019-07-12,2019-07-12 09:36:53,0.22,0.9565,213,0.21,0.913,3889,0.22,0.9565,1,0.215,0.9347,821,0
SPY190715C301,2019-07-12,2019-07-12 09:36:54,0.22,0.9565,191,0.21,0.913,2800,0.22,0.9565,1,0.215,0.9347,821,0
SPY190715C301,2019-07-12,2019-07-12 09:36:54,0.22,0.9565,213,0.21,0.913,4602,0.22,0.9565,1,0.215,0.9347,821,0
SPY190715C301,2019-07-12,2019-07-12 09:36:55,0.22,0.9565,174,0.21,0.913,2862,0.22,0.9565,1,0.215,0.9347,821,0
SPY190715C301,2019-07-12,2019-07-12 09:36:55,0.22,0.9565,74,0.21,0.913,3436,0.21,0.913,1,0.215,0.9347,822,1
SPY190715C301,2019-07-12,2019-07-12 09:36:56,0.22,0.9565,74,0.21,0.913,3436,0.21,0.913,1,0.215,0.9347,822,0
SPY190715C301,2019-07-12,2019-07-12 09:36:56,0.23,1.0,372,0.22,0.9565,1725,0.22,0.9565,51,0.225,0.9782,896,74
SPY190715C301,2019-07-12,2019-07-12 09:36:57,0.23,1.0,361,0.22,0.9565,1725,0.22,0.9565,51,0.225,0.9782,896,0
SPY190715C301,2019-07-12,2019-07-12 09:36:58,0.23,1.0,362,0.22,0.9565,1725,0.22,0.9565,51,0.225,0.9782,896,0
SPY190715C301,2019-07-12,2019-07-12 09:36:58,0.23,1.0,339,0.22,0.9565,1725,0.22,0.9565,51,0.225,0.9782,896,0
SPY190715C301,2019-07-12,2019-07-12 09:36:59,0.23,1.0,63,0.22,0.9565,3215,0.22,0.9565,51,0.225,0.9782,896,0
SPY190715C301,2019-07-12,2019-07-12 09:36:59,0.23,1.0,362,0.22,0.9565,3115,0.22,0.9565,51,0.225,0.9782,896,0
SPY190715C301,2019-07-12,2019-07-12 09:37:00,0.23,1.0,63,0.22,0.9565,3215,0.22,0.9565,51,0.225,0.9782,896,0
SPY190715C301,2019-07-12,2019-07-12 09:37:01,0.23,1.0,63,0.22,0.9565,3215,0.22,0.9565,51,0.225,0.9782,896,0
SPY190715C301,2019-07-12,2019-07-12 09:37:01,0.23,1.0,63,0.22,0.9565,2923,0.22,0.9565,51,0.225,0.9782,896,0
SPY190715C301,2019-07-12,2019-07-12 09:37:02,0.23,1.0,36,0.22,0.9565,4459,0.22,0.9565,51,0.225,0.9782,896,0
SPY190715C301,2019-07-12,2019-07-12 09:37:02,0.23,1.0,63,0.22,0.9565,2926,0.22,0.9565,51,0.225,0.9782,896,0
SPY190715C301,2019-07-12,2019-07-12 09:37:03,0.23,1.0,36,0.22,0.9565,2435,0.22,0.9565,51,0.225,0.9782,896,0
SPY190715C301,2019-07-12,2019-07-12 09:37:03,0.23,1.0,36,0.22,0.9565,4459,0.22,0.9565,51,0.225,0.9782,896,0
SPY190715C301,2019-07-12,2019-07-12 09:37:04,0.23,1.0,36,0.22,0.9565,3265,0.22,0.9565,51,0.225,0.9782,896,0
SPY190715C301,2019-07-12,2019-07-12 09:37:05,0.23,1.0,36,0.22,0.9565,3232,0.22,0.9565,51,0.225,0.9782,896,0
SPY190715C301,2019-07-12,2019-07-12 09:37:06,0.23,1.0,34,0.22,0.9565,4454,0.22,0.9565,51,0.225,0.9782,896,0
SPY190715C301,2019-07-12,2019-07-12 09:37:06,0.23,1.0,380,0.22,0.9565,1199,0.22,0.9565,51,0.225,0.9782,896,0
SPY190715C301,2019-07-12,2019-07-12 09:37:07,0.23,1.0,605,0.22,0.9565,1637,0.22,0.9565,51,0.225,0.9782,896,0
SPY190715C301,2019-07-12,2019-07-12 09:37:07,0.23,1.0,837,0.22,0.9565,1637,0.22,0.9565,51,0.225,0.9782,896,0
SPY190715C301,2019-07-12,2019-07-12 09:37:08,0.23,1.0,1085,0.22,0.9565,2620,0.22,0.9565,51,0.225,0.9782,896,0
SPY190715C301,2019-07-12,2019-07-12 09:37:08,0.23,1.0,605,0.22,0.9565,1649,0.22,0.9565,51,0.225,0.9782,896,0
SPY190715C301,2019-07-12,2019-07-12 09:37:09,0.23,1.0,992,0.22,0.9565,2620,0.22,0.9565,51,0.225,0.9782,896,0
SPY190715C301,2019-07-12,2019-07-12 09:37:10,0.23,1.0,963,0.22,0.9565,860,0.22,0.9565,51,0.225,0.9782,896,0
SPY190715C301,2019-07-12,2019-07-12 09:37:10,0.23,1.0,1655,0.22,0.9565,895,0.22,0.9565,51,0.225,0.9782,896,0
SPY190715C301,2019-07-12,2019-07-12 09:37:11,0.23,1.0,1132,0.22,0.9565,1446,0.23,1.0,2,0.225,0.9782,898,2
SPY190715C301,2019-07-12,2019-07-12 09:37:11,0.23,1.0,1747,0.22,0.9565,1501,0.22,0.9565,51,0.225,0.9782,896,0
SPY190715C301,2019-07-12,2019-07-12 09:37:12,0.23,1.0,1193,0.22,0.9565,1080,0.23,1.0,2,0.225,0.9782,898,0
SPY190715C301,2019-07-12,2019-07-12 09:37:13,0.23,1.0,1377,0.22,0.9565,940,0.23,1.0,2,0.225,0.9782,898,0
SPY190715C301,2019-07-12,2019-07-12 09:37:13,0.23,1.0,1906,0.22,0.9565,251,0.23,1.0,2,0.225,0.9782,898,0
SPY190715C301,2019-07-12,2019-07-12 09:37:14,0.23,1.0,1869,0.22,0.9565,1055,0.23,1.0,2,0.225,0.9782,898,0
SPY190715C301,2019-07-12,2019-07-12 09:37:14,0.23,1.0,1800,0.22,0.9565,1364,0.23,1.0,2,0.225,0.9782,898,0
SPY190715C301,2019-07-12,2019-07-12 09:37:15,0.23,1.0,1870,0.22,0.9565,1921,0.23,1.0,2,0.225,0.9782,898,0
SPY190715C301,2019-07-12,2019-07-12 09:37:15,0.23,1.0,1094,0.22,0.9565,1420,0.23,1.0,2,0.225,0.9782,898,0
SPY190715C301,2019-07-12,2019-07-12 09:37:16,0.23,1.0,774,0.22,0.9565,1827,0.23,1.0,2,0.225,0.9782,898,0
SPY190715C301,2019-07-12,2019-07-12 09:37:17,0.23,1.0,1421,0.22,0.9565,2354,0.23,1.0,2,0.225,0.9782,898,0
SPY190715C301,2019-07-12,2019-07-12 09:37:18,0.23,1.0,1421,0.22,0.9565,2543,0.23,1.0,2,0.225,0.9782,898,0
SPY190715C301,2019-07-12,2019-07-12 09:37:19,0.23,1.0,1421,0.22,0.9565,2543,0.23,1.0,2,0.225,0.9782,898,0
SPY190715C301,2019-07-12,2019-07-12 09:37:34,0.23,1.0,195,0.22,0.9565,3639,0.22,0.9565,3,0.225,0.9782,906,8
SPY190715C301,2019-07-12,2019-07-12 09:37:34,0.23,1.0,682,0.22,0.9565,3109,0.22,0.9565,3,0.225,0.9782,906,0
SPY190715C301,2019-07-12,2019-07-12 09:37:35,0.23,1.0,682,0.22,0.9565,3109,0.22,0.9565,3,0.225,0.9782,906,0
SPY190715C301,2019-07-12,2019-07-12 09:37:36,0.23,1.0,1334,0.22,0.9565,3116,0.23,1.0,4,0.225,0.9782,910,4
SPY190715C301,2019-07-12,2019-07-12 09:37:37,0.23,1.0,1334,0.22,0.9565,3116,0.23,1.0,4,0.225,0.9782,910,0
SPY190715C301,2019-07-12,2019-07-12 09:37:38,0.23,1.0,674,0.22,0.9565,3033,0.23,1.0,4,0.225,0.9782,910,0
SPY190715C301,2019-07-12,2019-07-12 09:37:57,0.23,1.0,68,0.22,0.9565,3983,0.22,0.9565,40,0.225,0.9782,950,40
SPY190715C301,2019-07-12,2019-07-12 09:38:13,0.23,1.0,1154,0.22,0.9565,2547,0.22,0.9565,24,0.225,0.9782,975,25
SPY190715C301,2019-07-12,2019-07-12 09:38:16,0.23,1.0,1001,0.22,0.9565,2922,0.22,0.9565,24,0.225,0.9782,975,0
SPY190715C301,2019-07-12,2019-07-12 09:38:17,0.23,1.0,63,0.22,0.9565,3312,0.22,0.9565,1,0.225,0.9782,976,1
SPY190715C301,2019-07-12,2019-07-12 09:38:19,0.23,1.0,63,0.22,0.9565,2727,0.22,0.9565,1,0.225,0.9782,976,0
SPY190715C301,2019-07-12,2019-07-12 09:38:19,0.23,1.0,65,0.22,0.9565,2686,0.22,0.9565,1,0.225,0.9782,976,0
SPY190715C301,2019-07-12,2019-07-12 09:38:20,0.23,1.0,65,0.22,0.9565,3832,0.22,0.9565,1,0.225,0.9782,976,0
SPY190715C301,2019-07-12,2019-07-12 09:38:21,0.23,1.0,65,0.22,0.9565,3832,0.22,0.9565,1,0.225,0.9782,977,1
SPY190715C301,2019-07-12,2019-07-12 09:38:21,0.23,1.0,77,0.22,0.9565,2523,0.22,0.9565,1,0.225,0.9782,977,0
SPY190715C301,2019-07-12,2019-07-12 09:38:22,0.23,1.0,77,0.22,0.9565,3641,0.22,0.9565,1,0.225,0.9782,977,0
SPY190715C301,2019-07-12,2019-07-12 09:38:22,0.23,1.0,77,0.22,0.9565,2707,0.22,0.9565,1,0.225,0.9782,977,0
SPY190715C301,2019-07-12,2019-07-12 09:38:23,0.23,1.0,77,0.22,0.9565,3863,0.22,0.9565,1,0.225,0.9782,977,0
SPY190715C301,2019-07-12,2019-07-12 09:38:23,0.23,1.0,65,0.22,0.9565,3863,0.22,0.9565,1,0.225,0.9782,977,0
SPY190715C301,2019-07-12,2019-07-12 09:38:24,0.23,1.0,65,0.22,0.9565,3863,0.22,0.9565,1,0.225,0.9782,977,0
SPY190715C301,2019-07-12,2019-07-12 09:38:25,0.23,1.0,65,0.22,0.9565,2789,0.22,0.9565,1,0.225,0.9782,977,0
SPY190715C301,2019-07-12,2019-07-12 09:38:25,0.23,1.0,65,0.22,0.9565,3863,0.22,0.9565,1,0.225,0.9782,977,0
SPY190715C301,2019-07-12,2019-07-12 09:38:26,0.23,1.0,70,0.22,0.9565,3945,0.22,0.9565,1,0.225,0.9782,977,0
SPY190715C301,2019-07-12,2019-07-12 09:38:26,0.23,1.0,70,0.22,0.9565,4339,0.22,0.9565,1,0.225,0.9782,977,0
SPY190715C301,2019-07-12,2019-07-12 09:38:27,0.23,1.0,70,0.22,0.9565,4372,0.22,0.9565,1,0.225,0.9782,977,0
SPY190715C301,2019-07-12,2019-07-12 09:38:28,0.23,1.0,70,0.22,0.9565,4372,0.22,0.9565,1,0.225,0.9782,977,0
SPY190715C301,2019-07-12,2019-07-12 09:38:29,0.23,1.0,70,0.22,0.9565,4372,0.22,0.9565,1,0.225,0.9782,977,0
SPY190715C301,2019-07-12,2019-07-12 09:38:30,0.23,1.0,70,0.22,0.9565,4372,0.22,0.9565,1,0.225,0.9782,977,0
SPY190715C301,2019-07-12,2019-07-12 09:38:31,0.23,1.0,70,0.22,0.9565,4372,0.22,0.9565,1,0.225,0.9782,977,0
SPY190715C301,2019-07-12,2019-07-12 09:38:32,0.23,1.0,70,0.22,0.9565,4372,0.22,0.9565,1,0.225,0.9782,977,0
SPY190715C301,2019-07-12,2019-07-12 09:38:33,0.23,1.0,70,0.22,0.9565,4372,0.22,0.9565,1,0.225,0.9782,977,0
SPY190715C301,2019-07-12,2019-07-12 09:38:34,0.23,1.0,70,0.22,0.9565,4821,0.22,0.9565,1,0.225,0.9782,977,0
SPY190715C301,2019-07-12,2019-07-12 09:38:35,0.23,1.0,70,0.22,0.9565,5090,0.22,0.9565,1,0.225,0.9782,977,0
SPY190715C301,2019-07-12,2019-07-12 09:38:36,0.23,1.0,70,0.22,0.9565,4887,0.22,0.9565,1,0.225,0.9782,977,0
SPY190715C301,2019-07-12,2019-07-12 09:38:37,0.23,1.0,70,0.22,0.9565,4892,0.22,0.9565,1,0.225,0.9782,977,0
SPY190715C301,2019-07-12,2019-07-12 09:38:37,0.23,1.0,70,0.22,0.9565,3778,0.22,0.9565,1,0.225,0.9782,977,0
SPY190715C301,2019-07-12,2019-07-12 09:38:38,0.23,1.0,70,0.22,0.9565,4892,0.22,0.9565,1,0.225,0.9782,977,0
SPY190715C301,2019-07-12,2019-07-12 09:38:39,0.23,1.0,70,0.22,0.9565,4892,0.22,0.9565,1,0.225,0.9782,977,0
SPY190715C301,2019-07-12,2019-07-12 09:38:40,0.23,1.0,70,0.22,0.9565,4892,0.22,0.9565,1,0.225,0.9782,977,0
SPY190715C301,2019-07-12,2019-07-12 09:38:41,0.23,1.0,70,0.22,0.9565,5106,0.23,1.0,5,0.225,0.9782,1048,71
SPY190715C301,2019-07-12,2019-07-12 09:38:42,0.24,1.0434,935,0.23,1.0,1501,0.23,1.0,5,0.235,1.0217,1048,0
SPY190715C301,2019-07-12,2019-07-12 09:38:43,0.24,1.0434,654,0.23,1.0,1501,0.23,1.0,5,0.235,1.0217,1048,0
SPY190715C301,2019-07-12,2019-07-12 09:38:43,0.24,1.0434,905,0.23,1.0,1680,0.23,1.0,5,0.235,1.0217,1048,0
SPY190715C301,2019-07-12,2019-07-12 09:38:44,0.24,1.0434,854,0.23,1.0,990,0.23,1.0,5,0.235,1.0217,1048,0
SPY190715C301,2019-07-12,2019-07-12 09:38:44,0.24,1.0434,1039,0.23,1.0,165,0.23,1.0,5,0.235,1.0217,1048,0
SPY190715C301,2019-07-12,2019-07-12 09:38:45,0.24,1.0434,907,0.23,1.0,1900,0.23,1.0,5,0.235,1.0217,1048,0
SPY190715C301,2019-07-12,2019-07-12 09:38:46,0.24,1.0434,220,0.23,1.0,2122,0.23,1.0,5,0.235,1.0217,1048,0
SPY190715C301,2019-07-12,2019-07-12 09:38:46,0.25,1.0869,1911,0.23,1.0,1053,0.23,1.0,5,0.24,1.0434,1048,0
SPY190715C301,2019-07-12,2019-07-12 09:38:47,0.25,1.0869,1701,0.24,1.0434,88,0.23,1.0,5,0.245,1.0652,1048,0
SPY190715C301,2019-07-12,2019-07-12 09:38:47,0.25,1.0869,2108,0.23,1.0,1053,0.23,1.0,5,0.24,1.0434,1048,0
SPY190715C301,2019-07-12,2019-07-12 09:38:48,0.25,1.0869,2164,0.24,1.0434,197,0.23,1.0,5,0.245,1.0652,1048,0
SPY190715C301,2019-07-12,2019-07-12 09:38:48,0.25,1.0869,1701,0.24,1.0434,197,0.23,1.0,5,0.245,1.0652,1048,0
SPY190715C301,2019-07-12,2019-07-12 09:38:49,0.25,1.0869,1769,0.23,1.0,1801,0.23,1.0,5,0.24,1.0434,1048,0
SPY190715C301,2019-07-12,2019-07-12 09:38:50,0.25,1.0869,1769,0.23,1.0,2313,0.23,1.0,5,0.24,1.0434,1048,0
SPY190715C301,2019-07-12,2019-07-12 09:38:50,0.24,1.0434,373,0.23,1.0,1897,0.23,1.0,5,0.235,1.0217,1048,0
SPY190715C301,2019-07-12,2019-07-12 09:38:51,0.24,1.0434,447,0.23,1.0,1249,0.23,1.0,5,0.235,1.0217,1048,0
SPY190715C301,2019-07-12,2019-07-12 09:38:51,0.24,1.0434,400,0.23,1.0,1249,0.23,1.0,5,0.235,1.0217,1048,0
SPY190715C301,2019-07-12,2019-07-12 09:38:52,0.24,1.0434,997,0.23,1.0,1970,0.23,1.0,5,0.235,1.0217,1048,0
SPY190715C301,2019-07-12,2019-07-12 09:38:52,0.24,1.0434,940,0.23,1.0,1970,0.23,1.0,5,0.235,1.0217,1048,0
SPY190715C301,2019-07-12,2019-07-12 09:38:53,0.24,1.0434,997,0.23,1.0,719,0.23,1.0,5,0.235,1.0217,1048,0
SPY190715C301,2019-07-12,2019-07-12 09:38:54,0.24,1.0434,1013,0.23,1.0,1953,0.24,1.0434,2,0.235,1.0217,1050,2
SPY190715C301,2019-07-12,2019-07-12 09:38:54,0.24,1.0434,1013,0.23,1.0,1433,0.23,1.0,5,0.235,1.0217,1048,0
SPY190715C301,2019-07-12,2019-07-12 09:38:55,0.24,1.0434,862,0.23,1.0,279,0.24,1.0434,2,0.235,1.0217,1050,0
SPY190715C301,2019-07-12,2019-07-12 09:38:55,0.24,1.0434,1566,0.23,1.0,5,0.24,1.0434,2,0.235,1.0217,1050,0
SPY190715C301,2019-07-12,2019-07-12 09:38:56,0.24,1.0434,2035,0.23,1.0,5,0.24,1.0434,2,0.235,1.0217,1050,0
SPY190715C301,2019-07-12,2019-07-12 09:38:56,0.24,1.0434,2917,0.23,1.0,5,0.24,1.0434,2,0.235,1.0217,1050,0
SPY190715C301,2019-07-12,2019-07-12 09:38:57,0.23,1.0,5,0.22,0.9565,2410,0.24,1.0434,2,0.225,0.9782,1050,0
SPY190715C301,2019-07-12,2019-07-12 09:38:57,0.24,1.0434,1738,0.22,0.9565,2612,0.24,1.0434,2,0.23,1.0,1050,0
SPY190715C301,2019-07-12,2019-07-12 09:38:58,0.24,1.0434,2201,0.22,0.9565,3787,0.24,1.0434,2,0.23,1.0,1050,0
SPY190715C301,2019-07-12,2019-07-12 09:38:59,0.23,1.0,10,0.22,0.9565,4024,0.24,1.0434,2,0.225,0.9782,1050,0
SPY190715C301,2019-07-12,2019-07-12 09:39:00,0.23,1.0,44,0.22,0.9565,3924,0.24,1.0434,2,0.225,0.9782,1050,0
SPY190715C301,2019-07-12,2019-07-12 09:39:01,0.24,1.0434,2976,0.22,0.9565,2734,0.24,1.0434,2,0.23,1.0,1050,0
SPY190715C301,2019-07-12,2019-07-12 09:39:01,0.23,1.0,44,0.22,0.9565,2734,0.24,1.0434,2,0.225,0.9782,1050,0
SPY190715C301,2019-07-12,2019-07-12 09:39:02,0.24,1.0434,2976,0.22,0.9565,2734,0.24,1.0434,2,0.23,1.0,1050,0
SPY190715C301,2019-07-12,2019-07-12 09:39:03,0.24,1.0434,2876,0.22,0.9565,2734,0.24,1.0434,2,0.23,1.0,1050,0
SPY190715C301,2019-07-12,2019-07-12 09:39:03,0.24,1.0434,640,0.23,1.0,431,0.24,1.0434,2,0.235,1.0217,1050,0
SPY190715C301,2019-07-12,2019-07-12 09:39:04,0.24,1.0434,413,0.23,1.0,672,0.23,1.0,1,0.235,1.0217,1051,0
SPY190715C301,2019-07-12,2019-07-12 09:39:04,0.24,1.0434,413,0.23,1.0,672,0.23,1.0,1,0.235,1.0217,1051,1
SPY190715C301,2019-07-12,2019-07-12 09:39:05,0.24,1.0434,578,0.23,1.0,2264,0.23,1.0,1,0.235,1.0217,1051,0
SPY190715C301,2019-07-12,2019-07-12 09:39:05,0.24,1.0434,72,0.23,1.0,1068,0.23,1.0,1,0.235,1.0217,1051,0
SPY190715C301,2019-07-12,2019-07-12 09:39:06,0.25,1.0869,1842,0.23,1.0,1976,0.23,1.0,1,0.24,1.0434,1051,0
SPY190715C301,2019-07-12,2019-07-12 09:39:06,0.25,1.0869,1832,0.24,1.0434,222,0.23,1.0,1,0.245,1.0652,1051,0
SPY190715C301,2019-07-12,2019-07-12 09:39:07,0.25,1.0869,1884,0.24,1.0434,222,0.23,1.0,1,0.245,1.0652,1051,0
SPY190715C301,2019-07-12,2019-07-12 09:39:08,0.25,1.0869,1824,0.24,1.0434,222,0.25,1.0869,4,0.245,1.0652,1055,0
SPY190715C301,2019-07-12,2019-07-12 09:39:08,0.25,1.0869,1874,0.24,1.0434,222,0.25,1.0869,4,0.245,1.0652,1055,4
SPY190715C301,2019-07-12,2019-07-12 09:39:09,0.25,1.0869,1927,0.24,1.0434,397,0.25,1.0869,4,0.245,1.0652,1055,0
SPY190715C301,2019-07-12,2019-07-12 09:39:09,0.25,1.0869,1927,0.24,1.0434,284,0.25,1.0869,4,0.245,1.0652,1055,0
SPY190715C301,2019-07-12,2019-07-12 09:39:10,0.25,1.0869,284,0.24,1.0434,1259,0.25,1.0869,4,0.245,1.0652,1055,0
SPY190715C301,2019-07-12,2019-07-12 09:39:10,0.25,1.0869,1927,0.24,1.0434,378,0.25,1.0869,4,0.245,1.0652,1055,0
SPY190715C301,2019-07-12,2019-07-12 09:39:11,0.25,1.0869,282,0.24,1.0434,328,0.25,1.0869,4,0.245,1.0652,1055,0
SPY190715C301,2019-07-12,2019-07-12 09:39:11,0.25,1.0869,362,0.24,1.0434,1355,0.25,1.0869,4,0.245,1.0652,1055,0
SPY190715C301,2019-07-12,2019-07-12 09:39:12,0.25,1.0869,265,0.24,1.0434,669,0.25,1.0869,4,0.245,1.0652,1055,0
SPY190715C301,2019-07-12,2019-07-12 09:39:13,0.25,1.0869,641,0.24,1.0434,380,0.25,1.0869,4,0.245,1.0652,1055,0
SPY190715C301,2019-07-12,2019-07-12 09:39:13,0.25,1.0869,149,0.24,1.0434,70,0.25,1.0869,4,0.245,1.0652,1055,0
SPY190715C301,2019-07-12,2019-07-12 09:39:14,0.25,1.0869,636,0.24,1.0434,929,0.25,1.0869,4,0.245,1.0652,1055,0
SPY190715C301,2019-07-12,2019-07-12 09:39:14,0.25,1.0869,840,0.24,1.0434,377,0.25,1.0869,4,0.245,1.0652,1055,0
SPY190715C301,2019-07-12,2019-07-12 09:39:15,0.25,1.0869,726,0.24,1.0434,1550,0.25,1.0869,4,0.245,1.0652,1055,0
SPY190715C301,2019-07-12,2019-07-12 09:39:15,0.25,1.0869,355,0.24,1.0434,1325,0.25,1.0869,4,0.245,1.0652,1055,0
SPY190715C301,2019-07-12,2019-07-12 09:39:16,0.25,1.0869,308,0.24,1.0434,1673,0.25,1.0869,4,0.245,1.0652,1055,0
SPY190715C301,2019-07-12,2019-07-12 09:39:17,0.25,1.0869,308,0.24,1.0434,2079,0.25,1.0869,4,0.245,1.0652,1055,0
SPY190715C301,2019-07-12,2019-07-12 09:39:17,0.25,1.0869,308,0.24,1.0434,2123,0.25,1.0869,4,0.245,1.0652,1055,0
SPY190715C301,2019-07-12,2019-07-12 09:39:18,0.25,1.0869,318,0.24,1.0434,2183,0.25,1.0869,4,0.245,1.0652,1055,0
SPY190715C301,2019-07-12,2019-07-12 09:39:19,0.25,1.0869,318,0.24,1.0434,1767,0.25,1.0869,4,0.245,1.0652,1055,0
SPY190715C301,2019-07-12,2019-07-12 09:39:19,0.25,1.0869,23,0.24,1.0434,2323,0.25,1.0869,4,0.245,1.0652,1055,0
SPY190715C301,2019-07-12,2019-07-12 09:39:20,0.26,1.1304,1117,0.25,1.0869,278,0.25,1.0869,3,0.255,1.1086,1058,0
SPY190715C301,2019-07-12,2019-07-12 09:39:20,0.26,1.1304,151,0.25,1.0869,705,0.25,1.0869,3,0.255,1.1086,1058,3
SPY190715C301,2019-07-12,2019-07-12 09:39:21,0.26,1.1304,1189,0.25,1.0869,288,0.25,1.0869,3,0.255,1.1086,1058,0
SPY190715C301,2019-07-12,2019-07-12 09:39:22,0.26,1.1304,2013,0.25,1.0869,306,0.26,1.1304,2,0.255,1.1086,1060,2
SPY190715C301,2019-07-12,2019-07-12 09:39:22,0.26,1.1304,1294,0.25,1.0869,288,0.25,1.0869,3,0.255,1.1086,1058,0
SPY190715C301,2019-07-12,2019-07-12 09:39:23,0.26,1.1304,1597,0.25,1.0869,306,0.26,1.1304,2,0.255,1.1086,1060,0
SPY190715C301,2019-07-12,2019-07-12 09:39:23,0.26,1.1304,1525,0.25,1.0869,306,0.26,1.1304,2,0.255,1.1086,1060,0
SPY190715C301,2019-07-12,2019-07-12 09:39:24,0.26,1.1304,1492,0.25,1.0869,386,0.26,1.1304,2,0.255,1.1086,1060,0
SPY190715C301,2019-07-12,2019-07-12 09:39:25,0.26,1.1304,1853,0.25,1.0869,386,0.26,1.1304,2,0.255,1.1086,1060,0
SPY190715C301,2019-07-12,2019-07-12 09:39:25,0.26,1.1304,1784,0.25,1.0869,386,0.26,1.1304,2,0.255,1.1086,1060,0
SPY190715C301,2019-07-12,2019-07-12 09:39:26,0.26,1.1304,534,0.25,1.0869,357,0.26,1.1304,2,0.255,1.1086,1060,0
SPY190715C301,2019-07-12,2019-07-12 09:39:27,0.26,1.1304,927,0.25,1.0869,357,0.26,1.1304,2,0.255,1.1086,1060,0
SPY190715C301,2019-07-12,2019-07-12 09:39:28,0.26,1.1304,1015,0.25,1.0869,357,0.26,1.1304,2,0.255,1.1086,1060,0
SPY190715C301,2019-07-12,2019-07-12 09:39:28,0.26,1.1304,1054,0.25,1.0869,357,0.26,1.1304,2,0.255,1.1086,1060,0
SPY190715C301,2019-07-12,2019-07-12 09:39:29,0.26,1.1304,289,0.25,1.0869,987,0.26,1.1304,2,0.255,1.1086,1060,0
SPY190715C301,2019-07-12,2019-07-12 09:39:30,0.26,1.1304,289,0.25,1.0869,1677,0.26,1.1304,2,0.255,1.1086,1065,0
SPY190715C301,2019-07-12,2019-07-12 09:39:30,0.26,1.1304,289,0.25,1.0869,1646,0.26,1.1304,2,0.255,1.1086,1065,5
SPY190715C301,2019-07-12,2019-07-12 09:39:31,0.26,1.1304,289,0.25,1.0869,2545,0.26,1.1304,2,0.255,1.1086,1065,0
SPY190715C301,2019-07-12,2019-07-12 09:39:31,0.26,1.1304,289,0.25,1.0869,2594,0.26,1.1304,2,0.255,1.1086,1065,0
SPY190715C301,2019-07-12,2019-07-12 09:39:32,0.26,1.1304,289,0.25,1.0869,2545,0.26,1.1304,2,0.255,1.1086,1065,0
SPY190715C301,2019-07-12,2019-07-12 09:39:33,0.26,1.1304,289,0.25,1.0869,2611,0.26,1.1304,2,0.255,1.1086,1065,0
SPY190715C301,2019-07-12,2019-07-12 09:39:33,0.26,1.1304,289,0.25,1.0869,2531,0.26,1.1304,2,0.255,1.1086,1065,0
SPY190715C301,2019-07-12,2019-07-12 09:39:34,0.26,1.1304,1,0.25,1.0869,1531,0.27,1.1739,5,0.255,1.1086,1070,5
SPY190715C301,2019-07-12,2019-07-12 09:39:34,0.27,1.1739,323,0.26,1.1304,322,0.26,1.1304,1,0.265,1.1521,1071,1
SPY190715C301,2019-07-12,2019-07-12 09:39:35,0.27,1.1739,282,0.26,1.1304,701,0.26,1.1304,1,0.265,1.1521,1071,0
SPY190715C301,2019-07-12,2019-07-12 09:39:35,0.27,1.1739,244,0.26,1.1304,845,0.26,1.1304,1,0.265,1.1521,1071,0
SPY190715C301,2019-07-12,2019-07-12 09:39:36,0.27,1.1739,2,0.26,1.1304,2048,0.26,1.1304,1,0.265,1.1521,1071,0
SPY190715C301,2019-07-12,2019-07-12 09:39:36,0.27,1.1739,2,0.26,1.1304,724,0.26,1.1304,1,0.265,1.1521,1071,0
SPY190715C301,2019-07-12,2019-07-12 09:39:37,0.27,1.1739,2,0.26,1.1304,1523,0.26,1.1304,1,0.265,1.1521,1071,0
SPY190715C301,2019-07-12,2019-07-12 09:39:38,0.27,1.1739,2,0.26,1.1304,2353,0.26,1.1304,1,0.265,1.1521,1071,0
SPY190715C301,2019-07-12,2019-07-12 09:39:38,0.27,1.1739,2,0.26,1.1304,2153,0.26,1.1304,1,0.265,1.1521,1071,0
SPY190715C301,2019-07-12,2019-07-12 09:39:39,0.27,1.1739,2,0.26,1.1304,1819,0.26,1.1304,1,0.265,1.1521,1071,0
SPY190715C301,2019-07-12,2019-07-12 09:39:39,0.27,1.1739,2,0.26,1.1304,2327,0.26,1.1304,1,0.265,1.1521,1071,0
SPY190715C301,2019-07-12,2019-07-12 09:39:40,0.27,1.1739,2,0.26,1.1304,2727,0.26,1.1304,1,0.265,1.1521,1071,0
SPY190715C301,2019-07-12,2019-07-12 09:39:41,0.29,1.2608,1637,0.28,1.2173,5,0.27,1.1739,2,0.285,1.2391,1073,0
SPY190715C301,2019-07-12,2019-07-12 09:39:41,0.29,1.2608,1637,0.28,1.2173,5,0.27,1.1739,2,0.285,1.2391,1073,2
SPY190715C301,2019-07-12,2019-07-12 09:39:42,0.29,1.2608,1734,0.28,1.2173,5,0.27,1.1739,2,0.285,1.2391,1073,0
SPY190715C301,2019-07-12,2019-07-12 09:39:43,0.29,1.2608,1552,0.28,1.2173,5,0.27,1.1739,2,0.285,1.2391,1073,0
SPY190715C301,2019-07-12,2019-07-12 09:39:43,0.29,1.2608,1734,0.28,1.2173,5,0.27,1.1739,2,0.285,1.2391,1073,0
SPY190715C301,2019-07-12,2019-07-12 09:39:44,0.29,1.2608,1144,0.28,1.2173,262,0.27,1.1739,2,0.285,1.2391,1073,0
SPY190715C301,2019-07-12,2019-07-12 09:39:44,0.29,1.2608,1552,0.28,1.2173,5,0.27,1.1739,2,0.285,1.2391,1073,0
SPY190715C301,2019-07-12,2019-07-12 09:39:45,0.29,1.2608,1880,0.28,1.2173,262,0.27,1.1739,2,0.285,1.2391,1073,0
SPY190715C301,2019-07-12,2019-07-12 09:39:45,0.29,1.2608,1880,0.28,1.2173,216,0.27,1.1739,2,0.285,1.2391,1073,0
SPY190715C301,2019-07-12,2019-07-12 09:39:46,0.29,1.2608,1880,0.28,1.2173,5,0.27,1.1739,2,0.285,1.2391,1073,0
SPY190715C301,2019-07-12,2019-07-12 09:39:47,0.29,1.2608,1502,0.28,1.2173,5,0.29,1.2608,5,0.285,1.2391,1078,0
SPY190715C301,2019-07-12,2019-07-12 09:39:47,0.29,1.2608,1552,0.28,1.2173,5,0.29,1.2608,5,0.285,1.2391,1078,5
SPY190715C301,2019-07-12,2019-07-12 09:39:48,0.29,1.2608,1059,0.28,1.2173,5,0.29,1.2608,5,0.285,1.2391,1078,0
SPY190715C301,2019-07-12,2019-07-12 09:39:48,0.29,1.2608,1502,0.28,1.2173,5,0.29,1.2608,5,0.285,1.2391,1078,0
SPY190715C301,2019-07-12,2019-07-12 09:39:49,0.29,1.2608,1093,0.28,1.2173,5,0.29,1.2608,5,0.285,1.2391,1078,0
SPY190715C301,2019-07-12,2019-07-12 09:39:49,0.29,1.2608,1452,0.28,1.2173,5,0.29,1.2608,5,0.285,1.2391,1078,0
SPY190715C301,2019-07-12,2019-07-12 09:39:50,0.29,1.2608,784,0.28,1.2173,5,0.29,1.2608,5,0.285,1.2391,1078,0
SPY190715C301,2019-07-12,2019-07-12 09:39:51,0.29,1.2608,1244,0.28,1.2173,251,0.29,1.2608,5,0.285,1.2391,1078,0
SPY190715C301,2019-07-12,2019-07-12 09:39:51,0.29,1.2608,230,0.28,1.2173,251,0.29,1.2608,5,0.285,1.2391,1078,0
SPY190715C301,2019-07-12,2019-07-12 09:39:52,0.29,1.2608,1051,0.28,1.2173,602,0.29,1.2608,5,0.285,1.2391,1083,5
SPY190715C301,2019-07-12,2019-07-12 09:39:52,0.29,1.2608,426,0.28,1.2173,118,0.29,1.2608,5,0.285,1.2391,1078,0
SPY190715C301,2019-07-12,2019-07-12 09:39:53,0.29,1.2608,417,0.28,1.2173,137,0.29,1.2608,5,0.285,1.2391,1083,0
SPY190715C301,2019-07-12,2019-07-12 09:39:53,0.29,1.2608,1721,0.28,1.2173,137,0.29,1.2608,5,0.285,1.2391,1083,0
SPY190715C301,2019-07-12,2019-07-12 09:39:54,0.29,1.2608,1799,0.28,1.2173,256,0.29,1.2608,5,0.285,1.2391,1083,0
SPY190715C301,2019-07-12,2019-07-12 09:39:54,0.29,1.2608,1893,0.28,1.2173,256,0.29,1.2608,5,0.285,1.2391,1083,0
SPY190715C301,2019-07-12,2019-07-12 09:39:55,0.29,1.2608,1893,0.28,1.2173,256,0.29,1.2608,5,0.285,1.2391,1083,0
SPY190715C301,2019-07-12,2019-07-12 09:39:56,0.29,1.2608,1423,0.28,1.2173,256,0.28,1.2173,1,0.285,1.2391,1094,1
SPY190715C301,2019-07-12,2019-07-12 09:39:56,0.29,1.2608,1893,0.28,1.2173,256,0.29,1.2608,10,0.285,1.2391,1093,10
SPY190715C301,2019-07-12,2019-07-12 09:39:57,0.28,1.2173,58,0.27,1.1739,740,0.28,1.2173,10,0.275,1.1956,1094,0
SPY190715C301,2019-07-12,2019-07-12 09:39:57,0.29,1.2608,2565,0.28,1.2173,2,0.28,1.2173,1,0.285,1.2391,1094,0
SPY190715C301,2019-07-12,2019-07-12 09:39:58,0.28,1.2173,364,0.27,1.1739,910,0.28,1.2173,10,0.275,1.1956,1124,30
SPY190715C301,2019-07-12,2019-07-12 09:39:58,0.28,1.2173,580,0.27,1.1739,763,0.28,1.2173,2,0.275,1.1956,1126,2
SPY190715C301,2019-07-12,2019-07-12 09:39:59,0.28,1.2173,1039,0.27,1.1739,198,0.28,1.2173,2,0.275,1.1956,1126,0
SPY190715C301,2019-07-12,2019-07-12 09:40:00,0.28,1.2173,2012,0.26,1.1304,1418,0.28,1.2173,2,0.27,1.1739,1126,0
SPY190715C301,2019-07-12,2019-07-12 09:40:01,0.27,1.1739,124,0.26,1.1304,660,0.28,1.2173,2,0.265,1.1521,1126,0
SPY190715C301,2019-07-12,2019-07-12 09:40:01,0.27,1.1739,323,0.26,1.1304,146,0.28,1.2173,2,0.265,1.1521,1126,0
SPY190715C301,2019-07-12,2019-07-12 09:40:02,0.27,1.1739,116,0.26,1.1304,883,0.28,1.2173,2,0.265,1.1521,1126,0
SPY190715C301,2019-07-12,2019-07-12 09:40:02,0.27,1.1739,376,0.26,1.1304,660,0.28,1.2173,2,0.265,1.1521,1126,0
SPY190715C301,2019-07-12,2019-07-12 09:40:03,0.28,1.2173,1996,0.26,1.1304,883,0.28,1.2173,2,0.27,1.1739,1126,0
SPY190715C301,2019-07-12,2019-07-12 09:40:03,0.28,1.2173,773,0.27,1.1739,713,0.28,1.2173,2,0.275,1.1956,1126,0
SPY190715C301,2019-07-12,2019-07-12 09:40:04,0.29,1.2608,2192,0.28,1.2173,5,0.28,1.2173,2,0.285,1.2391,1126,0
SPY190715C301,2019-07-12,2019-07-12 09:40:05,0.29,1.2608,1133,0.28,1.2173,5,0.28,1.2173,2,0.285,1.2391,1126,0
SPY190715C301,2019-07-12,2019-07-12 09:40:05,0.29,1.2608,1429,0.28,1.2173,5,0.28,1.2173,2,0.285,1.2391,1126,0
SPY190715C301,2019-07-12,2019-07-12 09:40:06,0.28,1.2173,127,0.28,1.2173,5,0.28,1.2173,2,0.28,1.2173,1126,0
SPY190715C301,2019-07-12,2019-07-12 09:40:06,0.28,1.2173,195,0.27,1.1739,1880,0.28,1.2173,2,0.275,1.1956,1126,0
SPY190715C301,2019-07-12,2019-07-12 09:40:07,0.29,1.2608,1152,0.28,1.2173,5,0.28,1.2173,2,0.285,1.2391,1126,0
SPY190715C301,2019-07-12,2019-07-12 09:40:07,0.29,1.2608,1666,0.28,1.2173,5,0.28,1.2173,2,0.285,1.2391,1126,0
SPY190715C301,2019-07-12,2019-07-12 09:40:08,0.29,1.2608,1642,0.28,1.2173,6,0.28,1.2173,2,0.285,1.2391,1126,0
SPY190715C301,2019-07-12,2019-07-12 09:40:08,0.29,1.2608,1642,0.28,1.2173,5,0.28,1.2173,2,0.285,1.2391,1126,0
SPY190715C301,2019-07-12,2019-07-12 09:40:09,0.29,1.2608,1642,0.28,1.2173,5,0.28,1.2173,2,0.285,1.2391,1126,0
SPY190715C301,2019-07-12,2019-07-12 09:40:10,0.29,1.2608,1811,0.28,1.2173,5,0.28,1.2173,2,0.285,1.2391,1126,0
SPY190715C301,2019-07-12,2019-07-12 09:40:11,0.29,1.2608,1811,0.28,1.2173,220,0.28,1.2173,2,0.285,1.2391,1126,0
SPY190715C301,2019-07-12,2019-07-12 09:40:11,0.29,1.2608,364,0.28,1.2173,342,0.28,1.2173,2,0.285,1.2391,1126,0
SPY190715C301,2019-07-12,2019-07-12 09:40:12,0.29,1.2608,1271,0.28,1.2173,144,0.28,1.2173,2,0.285,1.2391,1126,0
SPY190715C301,2019-07-12,2019-07-12 09:40:12,0.29,1.2608,639,0.28,1.2173,1153,0.28,1.2173,2,0.285,1.2391,1126,0
SPY190715C301,2019-07-12,2019-07-12 09:40:13,0.29,1.2608,1398,0.28,1.2173,144,0.28,1.2173,2,0.285,1.2391,1126,0
SPY190715C301,2019-07-12,2019-07-12 09:40:14,0.29,1.2608,515,0.28,1.2173,144,0.28,1.2173,2,0.285,1.2391,1126,0
SPY190715C301,2019-07-12,2019-07-12 09:40:14,0.29,1.2608,293,0.28,1.2173,901,0.28,1.2173,2,0.285,1.2391,1126,0
SPY190715C301,2019-07-12,2019-07-12 09:40:15,0.29,1.2608,293,0.28,1.2173,1289,0.28,1.2173,2,0.285,1.2391,1126,0
SPY190715C301,2019-07-12,2019-07-12 09:40:15,0.29,1.2608,293,0.28,1.2173,991,0.28,1.2173,2,0.285,1.2391,1126,0
SPY190715C301,2019-07-12,2019-07-12 09:40:16,0.29,1.2608,219,0.28,1.2173,1289,0.28,1.2173,2,0.285,1.2391,1126,0
SPY190715C301,2019-07-12,2019-07-12 09:40:17,0.29,1.2608,259,0.28,1.2173,1289,0.28,1.2173,2,0.285,1.2391,1126,0
SPY190715C301,2019-07-12,2019-07-12 09:40:17,0.29,1.2608,259,0.28,1.2173,1214,0.28,1.2173,2,0.285,1.2391,1126,0
SPY190715C301,2019-07-12,2019-07-12 09:40:18,0.29,1.2608,259,0.28,1.2173,1254,0.28,1.2173,2,0.285,1.2391,1126,0
SPY190715C301,2019-07-12,2019-07-12 09:40:18,0.29,1.2608,259,0.28,1.2173,1249,0.28,1.2173,2,0.285,1.2391,1126,0
SPY190715C301,2019-07-12,2019-07-12 09:40:19,0.29,1.2608,259,0.28,1.2173,1251,0.28,1.2173,2,0.285,1.2391,1126,0
SPY190715C301,2019-07-12,2019-07-12 09:40:20,0.29,1.2608,70,0.28,1.2173,1776,0.29,1.2608,1,0.285,1.2391,1127,1
SPY190715C301,2019-07-12,2019-07-12 09:40:20,0.3,1.3043,1793,0.28,1.2173,1640,0.29,1.2608,1,0.29,1.2608,1127,0
SPY190715C301,2019-07-12,2019-07-12 09:40:21,0.3,1.3043,2252,0.28,1.2173,1680,0.29,1.2608,1,0.29,1.2608,1127,0
SPY190715C301,2019-07-12,2019-07-12 09:40:21,0.3,1.3043,1401,0.28,1.2173,1046,0.29,1.2608,1,0.29,1.2608,1127,0
SPY190715C301,2019-07-12,2019-07-12 09:40:22,0.3,1.3043,1288,0.28,1.2173,1003,0.29,1.2608,1,0.29,1.2608,1127,0
SPY190715C301,2019-07-12,2019-07-12 09:40:22,0.3,1.3043,640,0.29,1.2608,50,0.29,1.2608,1,0.295,1.2826,1127,0
SPY190715C301,2019-07-12,2019-07-12 09:40:23,0.3,1.3043,1406,0.28,1.2173,2726,0.29,1.2608,1,0.29,1.2608,1127,0
SPY190715C301,2019-07-12,2019-07-12 09:40:24,0.3,1.3043,1406,0.28,1.2173,3187,0.29,1.2608,1,0.29,1.2608,1127,0
SPY190715C301,2019-07-12,2019-07-12 09:40:24,0.3,1.3043,730,0.28,1.2173,1904,0.29,1.2608,1,0.29,1.2608,1127,0
SPY190715C301,2019-07-12,2019-07-12 09:40:25,0.3,1.3043,1251,0.29,1.2608,6,0.29,1.2608,1,0.295,1.2826,1127,0
SPY190715C301,2019-07-12,2019-07-12 09:40:25,0.29,1.2608,154,0.28,1.2173,942,0.29,1.2608,1,0.285,1.2391,1127,0
SPY190715C301,2019-07-12,2019-07-12 09:40:26,0.29,1.2608,154,0.28,1.2173,909,0.29,1.2608,1,0.285,1.2391,1127,0
SPY190715C301,2019-07-12,2019-07-12 09:40:26,0.29,1.2608,466,0.28,1.2173,909,0.29,1.2608,1,0.285,1.2391,1127,0
SPY190715C301,2019-07-12,2019-07-12 09:40:27,0.29,1.2608,566,0.28,1.2173,909,0.29,1.2608,1,0.285,1.2391,1127,0
SPY190715C301,2019-07-12,2019-07-12 09:40:28,0.29,1.2608,694,0.28,1.2173,909,0.29,1.2608,5,0.285,1.2391,1152,25
SPY190715C301,2019-07-12,2019-07-12 09:40:28,0.29,1.2608,168,0.28,1.2173,974,0.29,1.2608,5,0.285,1.2391,1152,0
SPY190715C301,2019-07-12,2019-07-12 09:40:29,0.29,1.2608,168,0.28,1.2173,974,0.29,1.2608,5,0.285,1.2391,1152,0
SPY190715C301,2019-07-12,2019-07-12 09:40:29,0.29,1.2608,404,0.28,1.2173,974,0.29,1.2608,1,0.285,1.2391,1153,1
SPY190715C301,2019-07-12,2019-07-12 09:40:30,0.29,1.2608,404,0.28,1.2173,879,0.29,1.2608,1,0.285,1.2391,1153,0
SPY190715C301,2019-07-12,2019-07-12 09:40:30,0.29,1.2608,903,0.28,1.2173,87,0.29,1.2608,1,0.285,1.2391,1153,0
SPY190715C301,2019-07-12,2019-07-12 09:40:31,0.29,1.2608,903,0.28,1.2173,30,0.29,1.2608,1,0.285,1.2391,1153,0
SPY190715C301,2019-07-12,2019-07-12 09:40:32,0.29,1.2608,576,0.28,1.2173,342,0.29,1.2608,1,0.285,1.2391,1153,0
SPY190715C301,2019-07-12,2019-07-12 09:40:32,0.29,1.2608,1304,0.28,1.2173,342,0.29,1.2608,1,0.285,1.2391,1153,0
SPY190715C301,2019-07-12,2019-07-12 09:40:33,0.29,1.2608,700,0.28,1.2173,46,0.29,1.2608,1,0.285,1.2391,1153,0
SPY190715C301,2019-07-12,2019-07-12 09:40:34,0.29,1.2608,685,0.28,1.2173,208,0.29,1.2608,1,0.285,1.2391,1153,0
SPY190715C301,2019-07-12,2019-07-12 09:40:34,0.29,1.2608,599,0.28,1.2173,299,0.29,1.2608,1,0.285,1.2391,1153,0
SPY190715C301,2019-07-12,2019-07-12 09:40:35,0.29,1.2608,691,0.28,1.2173,299,0.29,1.2608,1,0.285,1.2391,1153,0
SPY190715C301,2019-07-12,2019-07-12 09:40:36,0.29,1.2608,576,0.28,1.2173,57,0.29,1.2608,1,0.285,1.2391,1153,0
SPY190715C301,2019-07-12,2019-07-12 09:40:36,0.29,1.2608,686,0.28,1.2173,57,0.29,1.2608,1,0.285,1.2391,1153,0
SPY190715C301,2019-07-12,2019-07-12 09:40:37,0.29,1.2608,801,0.28,1.2173,57,0.29,1.2608,1,0.285,1.2391,1153,0
SPY190715C301,2019-07-12,2019-07-12 09:40:37,0.29,1.2608,886,0.28,1.2173,57,0.29,1.2608,1,0.285,1.2391,1153,0
SPY190715C301,2019-07-12,2019-07-12 09:40:38,0.29,1.2608,605,0.28,1.2173,5,0.29,1.2608,1,0.285,1.2391,1153,0
SPY190715C301,2019-07-12,2019-07-12 09:40:38,0.29,1.2608,262,0.28,1.2173,57,0.29,1.2608,1,0.285,1.2391,1153,0
SPY190715C301,2019-07-12,2019-07-12 09:40:39,0.29,1.2608,583,0.28,1.2173,5,0.29,1.2608,1,0.285,1.2391,1153,0
SPY190715C301,2019-07-12,2019-07-12 09:40:40,0.29,1.2608,1368,0.27,1.1739,1564,0.29,1.2608,1,0.28,1.2173,1153,0
SPY190715C301,2019-07-12,2019-07-12 09:40:41,0.29,1.2608,1368,0.28,1.2173,100,0.28,1.2173,1,0.285,1.2391,1154,1
SPY190715C301,2019-07-12,2019-07-12 09:40:41,0.29,1.2608,1656,0.28,1.2173,253,0.28,1.2173,1,0.285,1.2391,1154,0
SPY190715C301,2019-07-12,2019-07-12 09:40:42,0.29,1.2608,1656,0.28,1.2173,253,0.28,1.2173,1,0.285,1.2391,1154,0
SPY190715C301,2019-07-12,2019-07-12 09:40:43,0.29,1.2608,1208,0.28,1.2173,253,0.28,1.2173,1,0.285,1.2391,1154,0
SPY190715C301,2019-07-12,2019-07-12 09:40:43,0.29,1.2608,1656,0.28,1.2173,253,0.28,1.2173,1,0.285,1.2391,1154,0
SPY190715C301,2019-07-12,2019-07-12 09:40:44,0.29,1.2608,1208,0.28,1.2173,253,0.28,1.2173,1,0.285,1.2391,1154,0
SPY190715C301,2019-07-12,2019-07-12 09:40:45,0.29,1.2608,1663,0.28,1.2173,239,0.28,1.2173,1,0.285,1.2391,1154,0
SPY190715C301,2019-07-12,2019-07-12 09:40:45,0.29,1.2608,1852,0.28,1.2173,143,0.29,1.2608,1,0.285,1.2391,1155,1
SPY190715C301,2019-07-12,2019-07-12 09:40:46,0.29,1.2608,1724,0.28,1.2173,834,0.29,1.2608,1,0.285,1.2391,1155,0
SPY190715C301,2019-07-12,2019-07-12 09:40:46,0.29,1.2608,1775,0.28,1.2173,977,0.29,1.2608,1,0.285,1.2391,1155,0
SPY190715C301,2019-07-12,2019-07-12 09:40:47,0.29,1.2608,1647,0.28,1.2173,494,0.29,1.2608,10,0.285,1.2391,1165,0
SPY190715C301,2019-07-12,2019-07-12 09:40:47,0.29,1.2608,1026,0.28,1.2173,494,0.29,1.2608,10,0.285,1.2391,1165,10
SPY190715C301,2019-07-12,2019-07-12 09:40:48,0.28,1.2173,138,0.27,1.1739,726,0.29,1.2608,10,0.275,1.1956,1165,0
SPY190715C301,2019-07-12,2019-07-12 09:40:48,0.28,1.2173,144,0.27,1.1739,726,0.29,1.2608,10,0.275,1.1956,1165,0
SPY190715C301,2019-07-12,2019-07-12 09:40:49,0.28,1.2173,214,0.27,1.1739,726,0.29,1.2608,10,0.275,1.1956,1165,0
SPY190715C301,2019-07-12,2019-07-12 09:40:50,0.28,1.2173,236,0.27,1.1739,1263,0.29,1.2608,10,0.275,1.1956,1165,0
SPY190715C301,2019-07-12,2019-07-12 09:40:50,0.28,1.2173,234,0.27,1.1739,971,0.29,1.2608,10,0.275,1.1956,1165,0
SPY190715C301,2019-07-12,2019-07-12 09:40:51,0.29,1.2608,1390,0.28,1.2173,90,0.29,1.2608,10,0.285,1.2391,1165,0
