symbol,Date,quote_time,ask_price,norm_ask_price,ask_size,bid_price,norm_bid_price,bid_size,last_trade_price,norm_last_trade_price,last_trade_size,mark_price,norm_mark_price,volume,Volume
SPY190724P300,2019-07-23,2019-07-23 09:30:47,1.22,1.0,100,1.18,0.9672,36,1.18,0.9672,10,1.2,0.9836,17,17
SPY190724P300,2019-07-23,2019-07-23 09:30:49,1.22,1.0,100,1.18,0.9672,110,1.18,0.9672,10,1.2,0.9836,17,0
SPY190724P300,2019-07-23,2019-07-23 09:30:50,1.22,1.0,100,1.18,0.9672,100,1.18,0.9672,10,1.2,0.9836,17,0
SPY190724P300,2019-07-23,2019-07-23 09:30:50,1.22,1.0,100,1.18,0.9672,127,1.18,0.9672,10,1.2,0.9836,17,0
SPY190724P300,2019-07-23,2019-07-23 09:30:51,1.22,1.0,100,1.18,0.9672,184,1.18,0.9672,10,1.2,0.9836,17,0
SPY190724P300,2019-07-23,2019-07-23 09:30:52,1.22,1.0,100,1.18,0.9672,184,1.18,0.9672,10,1.2,0.9836,17,0
SPY190724P300,2019-07-23,2019-07-23 09:30:53,1.22,1.0,100,1.18,0.9672,184,1.18,0.9672,10,1.2,0.9836,17,0
SPY190724P300,2019-07-23,2019-07-23 09:30:53,1.22,1.0,110,1.18,0.9672,184,1.18,0.9672,10,1.2,0.9836,17,0
SPY190724P300,2019-07-23,2019-07-23 09:30:54,1.24,1.0163,10,1.18,0.9672,184,1.18,0.9672,10,1.21,0.9918,17,0
SPY190724P300,2019-07-23,2019-07-23 09:30:55,1.24,1.0163,78,1.2,0.9836,168,1.18,0.9672,10,1.22,1.0,17,0
SPY190724P300,2019-07-23,2019-07-23 09:30:55,1.24,1.0163,84,1.2,0.9836,168,1.18,0.9672,10,1.22,1.0,17,0
SPY190724P300,2019-07-23,2019-07-23 09:30:56,1.24,1.0163,78,1.2,0.9836,168,1.18,0.9672,10,1.22,1.0,17,0
SPY190724P300,2019-07-23,2019-07-23 09:30:57,1.25,1.0245,5,1.2,0.9836,173,1.18,0.9672,10,1.225,1.004,17,0
SPY190724P300,2019-07-23,2019-07-23 09:30:57,1.26,1.0327,5,1.2,0.9836,67,1.18,0.9672,10,1.23,1.0081,17,0
SPY190724P300,2019-07-23,2019-07-23 09:30:58,1.26,1.0327,46,1.22,1.0,144,1.18,0.9672,10,1.24,1.0163,17,0
SPY190724P300,2019-07-23,2019-07-23 09:30:58,1.25,1.0245,2,1.22,1.0,10,1.18,0.9672,10,1.235,1.0122,17,0
SPY190724P300,2019-07-23,2019-07-23 09:30:59,1.26,1.0327,101,1.22,1.0,10,1.18,0.9672,10,1.24,1.0163,17,0
SPY190724P300,2019-07-23,2019-07-23 09:31:00,1.26,1.0327,5,1.22,1.0,1,1.18,0.9672,10,1.24,1.0163,17,0
SPY190724P300,2019-07-23,2019-07-23 09:31:00,1.26,1.0327,110,1.22,1.0,110,1.18,0.9672,10,1.24,1.0163,17,0
SPY190724P300,2019-07-23,2019-07-23 09:31:01,1.26,1.0327,101,1.22,1.0,100,1.18,0.9672,10,1.24,1.0163,17,0
SPY190724P300,2019-07-23,2019-07-23 09:31:02,1.25,1.0245,1,1.22,1.0,100,1.18,0.9672,10,1.235,1.0122,17,0
SPY190724P300,2019-07-23,2019-07-23 09:31:02,1.26,1.0327,32,1.22,1.0,20,1.18,0.9672,10,1.24,1.0163,17,0
SPY190724P300,2019-07-23,2019-07-23 09:31:03,1.26,1.0327,5,1.22,1.0,96,1.18,0.9672,10,1.24,1.0163,17,0
SPY190724P300,2019-07-23,2019-07-23 09:31:03,1.26,1.0327,10,1.23,1.0081,1,1.18,0.9672,10,1.245,1.0204,17,0
SPY190724P300,2019-07-23,2019-07-23 09:31:04,1.26,1.0327,10,1.23,1.0081,49,1.18,0.9672,10,1.245,1.0204,17,0
SPY190724P300,2019-07-23,2019-07-23 09:31:05,1.26,1.0327,10,1.23,1.0081,1,1.18,0.9672,10,1.245,1.0204,17,0
SPY190724P300,2019-07-23,2019-07-23 09:31:05,1.26,1.0327,5,1.23,1.0081,64,1.18,0.9672,10,1.245,1.0204,17,0
SPY190724P300,2019-07-23,2019-07-23 09:31:06,1.26,1.0327,5,1.24,1.0163,1,1.18,0.9672,10,1.25,1.0245,17,0
SPY190724P300,2019-07-23,2019-07-23 09:31:07,1.26,1.0327,5,1.23,1.0081,101,1.18,0.9672,10,1.245,1.0204,17,0
SPY190724P300,2019-07-23,2019-07-23 09:31:08,1.26,1.0327,5,1.23,1.0081,110,1.18,0.9672,10,1.245,1.0204,17,0
SPY190724P300,2019-07-23,2019-07-23 09:31:09,1.25,1.0245,1,1.22,1.0,100,1.18,0.9672,10,1.235,1.0122,17,0
SPY190724P300,2019-07-23,2019-07-23 09:31:09,1.26,1.0327,10,1.22,1.0,100,1.18,0.9672,10,1.24,1.0163,17,0
SPY190724P300,2019-07-23,2019-07-23 09:31:10,1.25,1.0245,1,1.22,1.0,26,1.18,0.9672,10,1.235,1.0122,17,0
SPY190724P300,2019-07-23,2019-07-23 09:31:10,1.25,1.0245,1,1.22,1.0,37,1.18,0.9672,10,1.235,1.0122,17,0
SPY190724P300,2019-07-23,2019-07-23 09:31:11,1.25,1.0245,1,1.22,1.0,50,1.18,0.9672,10,1.235,1.0122,17,0
SPY190724P300,2019-07-23,2019-07-23 09:31:11,1.24,1.0163,10,1.21,0.9918,26,1.18,0.9672,10,1.225,1.004,17,0
SPY190724P300,2019-07-23,2019-07-23 09:31:12,1.24,1.0163,80,1.2,0.9836,100,1.18,0.9672,10,1.22,1.0,17,0
SPY190724P300,2019-07-23,2019-07-23 09:31:12,1.24,1.0163,10,1.2,0.9836,100,1.18,0.9672,10,1.22,1.0,17,0
SPY190724P300,2019-07-23,2019-07-23 09:31:13,1.24,1.0163,57,1.2,0.9836,100,1.18,0.9672,10,1.22,1.0,17,0
SPY190724P300,2019-07-23,2019-07-23 09:31:14,1.23,1.0081,1,1.2,0.9836,100,1.18,0.9672,10,1.215,0.9959,17,0
SPY190724P300,2019-07-23,2019-07-23 09:31:14,1.24,1.0163,57,1.2,0.9836,100,1.18,0.9672,10,1.22,1.0,17,0
SPY190724P300,2019-07-23,2019-07-23 09:31:15,1.24,1.0163,69,1.2,0.9836,100,1.18,0.9672,10,1.22,1.0,17,0
SPY190724P300,2019-07-23,2019-07-23 09:31:16,1.23,1.0081,1,1.2,0.9836,100,1.18,0.9672,10,1.215,0.9959,17,0
SPY190724P300,2019-07-23,2019-07-23 09:31:17,1.24,1.0163,36,1.2,0.9836,100,1.18,0.9672,10,1.22,1.0,17,0
SPY190724P300,2019-07-23,2019-07-23 09:31:17,1.24,1.0163,25,1.2,0.9836,100,1.18,0.9672,10,1.22,1.0,17,0
SPY190724P300,2019-07-23,2019-07-23 09:31:18,1.23,1.0081,1,1.2,0.9836,110,1.18,0.9672,10,1.215,0.9959,17,0
SPY190724P300,2019-07-23,2019-07-23 09:31:19,1.26,1.0327,37,1.22,1.0,68,1.18,0.9672,10,1.24,1.0163,17,0
SPY190724P300,2019-07-23,2019-07-23 09:31:19,1.26,1.0327,10,1.22,1.0,1,1.18,0.9672,10,1.24,1.0163,17,0
SPY190724P300,2019-07-23,2019-07-23 09:31:20,1.26,1.0327,5,1.24,1.0163,110,1.18,0.9672,10,1.25,1.0245,17,0
SPY190724P300,2019-07-23,2019-07-23 09:31:20,1.26,1.0327,5,1.24,1.0163,45,1.18,0.9672,10,1.25,1.0245,17,0
SPY190724P300,2019-07-23,2019-07-23 09:31:21,1.26,1.0327,5,1.24,1.0163,100,1.18,0.9672,10,1.25,1.0245,17,0
SPY190724P300,2019-07-23,2019-07-23 09:31:22,1.26,1.0327,5,1.19,0.9754,125,1.18,0.9672,10,1.225,1.004,17,0
SPY190724P300,2019-07-23,2019-07-23 09:31:22,1.26,1.0327,5,1.22,1.0,20,1.18,0.9672,10,1.24,1.0163,17,0
SPY190724P300,2019-07-23,2019-07-23 09:31:23,1.26,1.0327,5,1.23,1.0081,1,1.18,0.9672,10,1.245,1.0204,17,0
SPY190724P300,2019-07-23,2019-07-23 09:31:24,1.26,1.0327,5,1.23,1.0081,111,1.18,0.9672,10,1.245,1.0204,17,0
SPY190724P300,2019-07-23,2019-07-23 09:31:24,1.26,1.0327,5,1.23,1.0081,110,1.18,0.9672,10,1.245,1.0204,17,0
SPY190724P300,2019-07-23,2019-07-23 09:31:25,1.26,1.0327,5,1.23,1.0081,111,1.18,0.9672,10,1.245,1.0204,17,0
SPY190724P300,2019-07-23,2019-07-23 09:31:26,1.26,1.0327,5,1.23,1.0081,189,1.18,0.9672,10,1.245,1.0204,17,0
SPY190724P300,2019-07-23,2019-07-23 09:31:26,1.26,1.0327,5,1.24,1.0163,20,1.18,0.9672,10,1.25,1.0245,17,0
SPY190724P300,2019-07-23,2019-07-23 09:31:27,1.26,1.0327,5,1.24,1.0163,10,1.18,0.9672,10,1.25,1.0245,17,0
SPY190724P300,2019-07-23,2019-07-23 09:31:27,1.26,1.0327,5,1.23,1.0081,43,1.18,0.9672,10,1.245,1.0204,17,0
SPY190724P300,2019-07-23,2019-07-23 09:31:28,1.26,1.0327,56,1.22,1.0,110,1.18,0.9672,10,1.24,1.0163,17,0
SPY190724P300,2019-07-23,2019-07-23 09:31:29,1.26,1.0327,84,1.22,1.0,110,1.18,0.9672,10,1.24,1.0163,17,0
SPY190724P300,2019-07-23,2019-07-23 09:31:29,1.26,1.0327,56,1.22,1.0,110,1.18,0.9672,10,1.24,1.0163,17,0
SPY190724P300,2019-07-23,2019-07-23 09:31:30,1.26,1.0327,5,1.22,1.0,100,1.18,0.9672,10,1.24,1.0163,17,0
SPY190724P300,2019-07-23,2019-07-23 09:31:30,1.26,1.0327,5,1.23,1.0081,10,1.18,0.9672,10,1.245,1.0204,17,0
SPY190724P300,2019-07-23,2019-07-23 09:31:31,1.26,1.0327,110,1.22,1.0,87,1.18,0.9672,10,1.24,1.0163,17,0
SPY190724P300,2019-07-23,2019-07-23 09:31:31,1.26,1.0327,5,1.22,1.0,10,1.18,0.9672,10,1.24,1.0163,17,0
SPY190724P300,2019-07-23,2019-07-23 09:31:32,1.26,1.0327,5,1.22,1.0,2,1.18,0.9672,10,1.24,1.0163,17,0
SPY190724P300,2019-07-23,2019-07-23 09:31:32,1.26,1.0327,5,1.23,1.0081,20,1.18,0.9672,10,1.245,1.0204,17,0
SPY190724P300,2019-07-23,2019-07-23 09:31:33,1.26,1.0327,5,1.23,1.0081,100,1.18,0.9672,10,1.245,1.0204,17,0
SPY190724P300,2019-07-23,2019-07-23 09:31:34,1.26,1.0327,5,1.23,1.0081,100,1.18,0.9672,10,1.245,1.0204,17,0
SPY190724P300,2019-07-23,2019-07-23 09:31:34,1.26,1.0327,5,1.24,1.0163,1,1.18,0.9672,10,1.25,1.0245,17,0
SPY190724P300,2019-07-23,2019-07-23 09:31:35,1.26,1.0327,5,1.23,1.0081,68,1.18,0.9672,10,1.245,1.0204,17,0
SPY190724P300,2019-07-23,2019-07-23 09:31:35,1.26,1.0327,39,1.23,1.0081,34,1.18,0.9672,10,1.245,1.0204,17,0
SPY190724P300,2019-07-23,2019-07-23 09:31:36,1.26,1.0327,30,1.22,1.0,106,1.18,0.9672,10,1.24,1.0163,17,0
SPY190724P300,2019-07-23,2019-07-23 09:31:36,1.26,1.0327,40,1.22,1.0,107,1.18,0.9672,10,1.24,1.0163,17,0
SPY190724P300,2019-07-23,2019-07-23 09:31:37,1.26,1.0327,30,1.22,1.0,100,1.18,0.9672,10,1.24,1.0163,17,0
SPY190724P300,2019-07-23,2019-07-23 09:31:37,1.26,1.0327,10,1.22,1.0,78,1.18,0.9672,10,1.24,1.0163,17,0
SPY190724P300,2019-07-23,2019-07-23 09:31:38,1.26,1.0327,30,1.22,1.0,58,1.18,0.9672,10,1.24,1.0163,17,0
SPY190724P300,2019-07-23,2019-07-23 09:31:39,1.26,1.0327,5,1.22,1.0,73,1.26,1.0327,1,1.24,1.0163,18,0
SPY190724P300,2019-07-23,2019-07-23 09:31:39,1.26,1.0327,5,1.24,1.0163,1,1.26,1.0327,1,1.25,1.0245,18,1
SPY190724P300,2019-07-23,2019-07-23 09:31:40,1.26,1.0327,74,1.22,1.0,100,1.26,1.0327,1,1.24,1.0163,18,0
SPY190724P300,2019-07-23,2019-07-23 09:31:40,1.26,1.0327,5,1.22,1.0,10,1.26,1.0327,1,1.24,1.0163,18,0
SPY190724P300,2019-07-23,2019-07-23 09:31:41,1.26,1.0327,5,1.23,1.0081,100,1.26,1.0327,1,1.245,1.0204,18,0
SPY190724P300,2019-07-23,2019-07-23 09:31:41,1.26,1.0327,5,1.24,1.0163,1,1.26,1.0327,1,1.25,1.0245,18,0
SPY190724P300,2019-07-23,2019-07-23 09:31:42,1.26,1.0327,10,1.23,1.0081,20,1.26,1.0327,1,1.245,1.0204,18,0
SPY190724P300,2019-07-23,2019-07-23 09:31:42,1.26,1.0327,40,1.22,1.0,105,1.26,1.0327,1,1.24,1.0163,18,0
SPY190724P300,2019-07-23,2019-07-23 09:31:43,1.26,1.0327,5,1.24,1.0163,1,1.26,1.0327,1,1.25,1.0245,18,0
SPY190724P300,2019-07-23,2019-07-23 09:31:44,1.26,1.0327,5,1.23,1.0081,1,1.26,1.0327,1,1.245,1.0204,18,0
SPY190724P300,2019-07-23,2019-07-23 09:31:44,1.26,1.0327,5,1.23,1.0081,100,1.26,1.0327,1,1.245,1.0204,18,0
SPY190724P300,2019-07-23,2019-07-23 09:31:45,1.26,1.0327,42,1.22,1.0,106,1.25,1.0245,7,1.24,1.0163,25,7
SPY190724P300,2019-07-23,2019-07-23 09:31:45,1.26,1.0327,5,1.23,1.0081,100,1.26,1.0327,1,1.245,1.0204,18,0
SPY190724P300,2019-07-23,2019-07-23 09:31:46,1.26,1.0327,5,1.23,1.0081,30,1.25,1.0245,7,1.245,1.0204,25,0
SPY190724P300,2019-07-23,2019-07-23 09:31:46,1.26,1.0327,62,1.22,1.0,100,1.25,1.0245,7,1.24,1.0163,25,0
SPY190724P300,2019-07-23,2019-07-23 09:31:47,1.26,1.0327,5,1.23,1.0081,100,1.25,1.0245,7,1.245,1.0204,25,0
SPY190724P300,2019-07-23,2019-07-23 09:31:47,1.26,1.0327,5,1.23,1.0081,30,1.25,1.0245,7,1.245,1.0204,25,0
SPY190724P300,2019-07-23,2019-07-23 09:31:48,1.26,1.0327,5,1.24,1.0163,1,1.25,1.0245,7,1.25,1.0245,25,0
SPY190724P300,2019-07-23,2019-07-23 09:31:49,1.27,1.0409,6,1.24,1.0163,15,1.26,1.0327,5,1.255,1.0286,30,5
SPY190724P300,2019-07-23,2019-07-23 09:31:49,1.29,1.0573,1,1.24,1.0163,15,1.26,1.0327,5,1.265,1.0368,30,0
SPY190724P300,2019-07-23,2019-07-23 09:31:50,1.29,1.0573,45,1.24,1.0163,15,1.26,1.0327,5,1.265,1.0368,30,0
SPY190724P300,2019-07-23,2019-07-23 09:31:50,1.29,1.0573,10,1.24,1.0163,15,1.26,1.0327,5,1.265,1.0368,30,0
SPY190724P300,2019-07-23,2019-07-23 09:31:51,1.29,1.0573,92,1.24,1.0163,15,1.26,1.0327,5,1.265,1.0368,30,0
SPY190724P300,2019-07-23,2019-07-23 09:31:51,1.29,1.0573,10,1.24,1.0163,15,1.26,1.0327,5,1.265,1.0368,30,0
SPY190724P300,2019-07-23,2019-07-23 09:31:52,1.27,1.0409,1,1.26,1.0327,10,1.26,1.0327,5,1.265,1.0368,30,0
SPY190724P300,2019-07-23,2019-07-23 09:31:52,1.29,1.0573,92,1.24,1.0163,15,1.26,1.0327,5,1.265,1.0368,30,0
SPY190724P300,2019-07-23,2019-07-23 09:31:53,1.27,1.0409,10,1.26,1.0327,10,1.26,1.0327,5,1.265,1.0368,30,0
SPY190724P300,2019-07-23,2019-07-23 09:31:53,1.27,1.0409,1,1.26,1.0327,10,1.26,1.0327,1,1.265,1.0368,31,1
SPY190724P300,2019-07-23,2019-07-23 09:31:54,1.3,1.0655,1,1.26,1.0327,10,1.26,1.0327,1,1.28,1.0491,31,0
SPY190724P300,2019-07-23,2019-07-23 09:31:55,1.29,1.0573,67,1.26,1.0327,10,1.26,1.0327,1,1.275,1.045,31,0
SPY190724P300,2019-07-23,2019-07-23 09:31:55,1.29,1.0573,59,1.26,1.0327,10,1.26,1.0327,1,1.275,1.045,31,0
SPY190724P300,2019-07-23,2019-07-23 09:31:56,1.29,1.0573,10,1.26,1.0327,36,1.26,1.0327,1,1.275,1.045,31,0
SPY190724P300,2019-07-23,2019-07-23 09:31:56,1.29,1.0573,10,1.26,1.0327,46,1.26,1.0327,1,1.275,1.045,31,0
SPY190724P300,2019-07-23,2019-07-23 09:31:57,1.29,1.0573,1,1.26,1.0327,10,1.26,1.0327,1,1.275,1.045,31,0
SPY190724P300,2019-07-23,2019-07-23 09:31:57,1.29,1.0573,10,1.26,1.0327,44,1.26,1.0327,1,1.275,1.045,31,0
SPY190724P300,2019-07-23,2019-07-23 09:31:58,1.29,1.0573,1,1.26,1.0327,77,1.26,1.0327,1,1.275,1.045,31,0
SPY190724P300,2019-07-23,2019-07-23 09:31:59,1.31,1.0737,91,1.27,1.0409,10,1.26,1.0327,1,1.29,1.0573,31,0
SPY190724P300,2019-07-23,2019-07-23 09:31:59,1.31,1.0737,91,1.27,1.0409,1,1.26,1.0327,1,1.29,1.0573,31,0
SPY190724P300,2019-07-23,2019-07-23 09:32:00,1.31,1.0737,91,1.26,1.0327,100,1.26,1.0327,1,1.285,1.0532,31,0
SPY190724P300,2019-07-23,2019-07-23 09:32:00,1.3,1.0655,103,1.26,1.0327,100,1.26,1.0327,1,1.28,1.0491,31,0
SPY190724P300,2019-07-23,2019-07-23 09:32:01,1.31,1.0737,100,1.27,1.0409,11,1.26,1.0327,1,1.29,1.0573,31,0
SPY190724P300,2019-07-23,2019-07-23 09:32:01,1.31,1.0737,101,1.27,1.0409,57,1.26,1.0327,1,1.29,1.0573,31,0
SPY190724P300,2019-07-23,2019-07-23 09:32:02,1.31,1.0737,77,1.27,1.0409,97,1.26,1.0327,1,1.29,1.0573,31,0
SPY190724P300,2019-07-23,2019-07-23 09:32:02,1.31,1.0737,111,1.27,1.0409,97,1.26,1.0327,1,1.29,1.0573,31,0
SPY190724P300,2019-07-23,2019-07-23 09:32:03,1.31,1.0737,77,1.27,1.0409,97,1.26,1.0327,1,1.29,1.0573,31,0
SPY190724P300,2019-07-23,2019-07-23 09:32:03,1.31,1.0737,77,1.27,1.0409,87,1.26,1.0327,1,1.29,1.0573,31,0
SPY190724P300,2019-07-23,2019-07-23 09:32:04,1.31,1.0737,84,1.27,1.0409,87,1.26,1.0327,1,1.29,1.0573,31,0
SPY190724P300,2019-07-23,2019-07-23 09:32:05,1.3,1.0655,10,1.27,1.0409,10,1.26,1.0327,1,1.285,1.0532,31,0
SPY190724P300,2019-07-23,2019-07-23 09:32:05,1.31,1.0737,84,1.27,1.0409,87,1.26,1.0327,1,1.29,1.0573,31,0
SPY190724P300,2019-07-23,2019-07-23 09:32:06,1.31,1.0737,89,1.27,1.0409,10,1.26,1.0327,1,1.29,1.0573,31,0
SPY190724P300,2019-07-23,2019-07-23 09:32:06,1.31,1.0737,77,1.27,1.0409,110,1.26,1.0327,1,1.29,1.0573,31,0
SPY190724P300,2019-07-23,2019-07-23 09:32:07,1.31,1.0737,67,1.27,1.0409,110,1.26,1.0327,1,1.29,1.0573,31,0
SPY190724P300,2019-07-23,2019-07-23 09:32:07,1.3,1.0655,1,1.27,1.0409,46,1.26,1.0327,1,1.285,1.0532,31,0
SPY190724P300,2019-07-23,2019-07-23 09:32:08,1.31,1.0737,110,1.27,1.0409,6,1.26,1.0327,1,1.29,1.0573,31,0
SPY190724P300,2019-07-23,2019-07-23 09:32:09,1.31,1.0737,66,1.27,1.0409,6,1.26,1.0327,1,1.29,1.0573,31,0
SPY190724P300,2019-07-23,2019-07-23 09:32:09,1.31,1.0737,66,1.27,1.0409,105,1.26,1.0327,1,1.29,1.0573,31,0
SPY190724P300,2019-07-23,2019-07-23 09:32:10,1.31,1.0737,67,1.27,1.0409,105,1.26,1.0327,1,1.29,1.0573,31,0
SPY190724P300,2019-07-23,2019-07-23 09:32:10,1.3,1.0655,8,1.27,1.0409,105,1.26,1.0327,1,1.285,1.0532,31,0
SPY190724P300,2019-07-23,2019-07-23 09:32:11,1.3,1.0655,7,1.27,1.0409,40,1.26,1.0327,1,1.285,1.0532,31,0
SPY190724P300,2019-07-23,2019-07-23 09:32:11,1.3,1.0655,8,1.27,1.0409,57,1.26,1.0327,1,1.285,1.0532,31,0
SPY190724P300,2019-07-23,2019-07-23 09:32:12,1.3,1.0655,7,1.27,1.0409,51,1.3,1.0655,10,1.285,1.0532,41,10
SPY190724P300,2019-07-23,2019-07-23 09:32:13,1.31,1.0737,67,1.27,1.0409,61,1.3,1.0655,10,1.29,1.0573,41,0
SPY190724P300,2019-07-23,2019-07-23 09:32:13,1.3,1.0655,7,1.27,1.0409,51,1.3,1.0655,10,1.285,1.0532,41,0
SPY190724P300,2019-07-23,2019-07-23 09:32:14,1.32,1.0819,6,1.29,1.0573,1,1.3,1.0655,10,1.305,1.0696,41,0
SPY190724P300,2019-07-23,2019-07-23 09:32:14,1.32,1.0819,7,1.29,1.0573,10,1.3,1.0655,10,1.305,1.0696,41,0
SPY190724P300,2019-07-23,2019-07-23 09:32:15,1.33,1.0901,191,1.29,1.0573,10,1.32,1.0819,1,1.31,1.0737,52,11
SPY190724P300,2019-07-23,2019-07-23 09:32:15,1.33,1.0901,191,1.29,1.0573,73,1.32,1.0819,1,1.31,1.0737,52,0
SPY190724P300,2019-07-23,2019-07-23 09:32:16,1.33,1.0901,195,1.29,1.0573,24,1.32,1.0819,1,1.31,1.0737,52,0
SPY190724P300,2019-07-23,2019-07-23 09:32:16,1.33,1.0901,195,1.29,1.0573,73,1.32,1.0819,1,1.31,1.0737,52,0
SPY190724P300,2019-07-23,2019-07-23 09:32:17,1.31,1.0737,10,1.27,1.0409,1,1.32,1.0819,1,1.29,1.0573,52,0
SPY190724P300,2019-07-23,2019-07-23 09:32:18,1.32,1.0819,66,1.28,1.0491,5,1.32,1.0819,1,1.3,1.0655,52,0
SPY190724P300,2019-07-23,2019-07-23 09:32:19,1.3,1.0655,1,1.27,1.0409,100,1.32,1.0819,1,1.285,1.0532,52,0
SPY190724P300,2019-07-23,2019-07-23 09:32:19,1.31,1.0737,10,1.27,1.0409,77,1.32,1.0819,1,1.29,1.0573,52,0
SPY190724P300,2019-07-23,2019-07-23 09:32:20,1.3,1.0655,54,1.26,1.0327,10,1.32,1.0819,1,1.28,1.0491,52,0
SPY190724P300,2019-07-23,2019-07-23 09:32:20,1.3,1.0655,1,1.27,1.0409,48,1.32,1.0819,1,1.285,1.0532,52,0
SPY190724P300,2019-07-23,2019-07-23 09:32:21,1.31,1.0737,110,1.26,1.0327,110,1.32,1.0819,1,1.285,1.0532,52,0
SPY190724P300,2019-07-23,2019-07-23 09:32:21,1.3,1.0655,16,1.26,1.0327,67,1.32,1.0819,1,1.28,1.0491,52,0
SPY190724P300,2019-07-23,2019-07-23 09:32:22,1.3,1.0655,105,1.27,1.0409,7,1.32,1.0819,1,1.285,1.0532,52,0
SPY190724P300,2019-07-23,2019-07-23 09:32:23,1.3,1.0655,1,1.27,1.0409,10,1.32,1.0819,1,1.285,1.0532,52,0
SPY190724P300,2019-07-23,2019-07-23 09:32:23,1.3,1.0655,33,1.27,1.0409,7,1.32,1.0819,1,1.285,1.0532,52,0
SPY190724P300,2019-07-23,2019-07-23 09:32:24,1.3,1.0655,61,1.27,1.0409,10,1.32,1.0819,1,1.285,1.0532,52,0
SPY190724P300,2019-07-23,2019-07-23 09:32:24,1.3,1.0655,39,1.27,1.0409,10,1.32,1.0819,1,1.285,1.0532,52,0
SPY190724P300,2019-07-23,2019-07-23 09:32:25,1.3,1.0655,54,1.27,1.0409,7,1.32,1.0819,1,1.285,1.0532,52,0
SPY190724P300,2019-07-23,2019-07-23 09:32:25,1.3,1.0655,7,1.27,1.0409,7,1.32,1.0819,1,1.285,1.0532,52,0
SPY190724P300,2019-07-23,2019-07-23 09:32:26,1.3,1.0655,57,1.27,1.0409,10,1.32,1.0819,1,1.285,1.0532,52,0
SPY190724P300,2019-07-23,2019-07-23 09:32:27,1.3,1.0655,100,1.26,1.0327,100,1.32,1.0819,1,1.28,1.0491,52,0
SPY190724P300,2019-07-23,2019-07-23 09:32:28,1.29,1.0573,10,1.26,1.0327,33,1.32,1.0819,1,1.275,1.045,52,0
SPY190724P300,2019-07-23,2019-07-23 09:32:28,1.29,1.0573,10,1.26,1.0327,16,1.32,1.0819,1,1.275,1.045,52,0
SPY190724P300,2019-07-23,2019-07-23 09:32:29,1.28,1.0491,1,1.26,1.0327,10,1.32,1.0819,1,1.27,1.0409,52,0
SPY190724P300,2019-07-23,2019-07-23 09:32:29,1.29,1.0573,10,1.26,1.0327,10,1.32,1.0819,1,1.275,1.045,52,0
SPY190724P300,2019-07-23,2019-07-23 09:32:30,1.28,1.0491,6,1.26,1.0327,10,1.32,1.0819,1,1.27,1.0409,52,0
SPY190724P300,2019-07-23,2019-07-23 09:32:30,1.29,1.0573,72,1.26,1.0327,10,1.32,1.0819,1,1.275,1.045,52,0
SPY190724P300,2019-07-23,2019-07-23 09:32:31,1.28,1.0491,7,1.26,1.0327,10,1.32,1.0819,1,1.27,1.0409,52,0
SPY190724P300,2019-07-23,2019-07-23 09:32:32,1.27,1.0409,7,1.26,1.0327,10,1.32,1.0819,1,1.265,1.0368,52,0
SPY190724P300,2019-07-23,2019-07-23 09:32:32,1.28,1.0491,30,1.26,1.0327,10,1.32,1.0819,1,1.27,1.0409,52,0
SPY190724P300,2019-07-23,2019-07-23 09:32:33,1.29,1.0573,78,1.26,1.0327,10,1.32,1.0819,1,1.275,1.045,52,0
SPY190724P300,2019-07-23,2019-07-23 09:32:33,1.29,1.0573,111,1.26,1.0327,10,1.32,1.0819,1,1.275,1.045,52,0
SPY190724P300,2019-07-23,2019-07-23 09:32:34,1.26,1.0327,1,1.23,1.0081,110,1.26,1.0327,10,1.245,1.0204,62,10
SPY190724P300,2019-07-23,2019-07-23 09:32:34,1.28,1.0491,84,1.26,1.0327,10,1.32,1.0819,1,1.27,1.0409,52,0
SPY190724P300,2019-07-23,2019-07-23 09:32:35,1.27,1.0409,11,1.23,1.0081,110,1.26,1.0327,10,1.25,1.0245,62,0
SPY190724P300,2019-07-23,2019-07-23 09:32:36,1.27,1.0409,57,1.23,1.0081,110,1.26,1.0327,10,1.25,1.0245,62,0
SPY190724P300,2019-07-23,2019-07-23 09:32:37,1.27,1.0409,10,1.24,1.0163,10,1.26,1.0327,10,1.255,1.0286,62,0
SPY190724P300,2019-07-23,2019-07-23 09:32:37,1.26,1.0327,7,1.23,1.0081,68,1.26,1.0327,10,1.245,1.0204,62,0
SPY190724P300,2019-07-23,2019-07-23 09:32:38,1.27,1.0409,10,1.24,1.0163,10,1.26,1.0327,10,1.255,1.0286,62,0
SPY190724P300,2019-07-23,2019-07-23 09:32:39,1.27,1.0409,10,1.24,1.0163,53,1.26,1.0327,10,1.255,1.0286,62,0
SPY190724P300,2019-07-23,2019-07-23 09:32:39,1.28,1.0491,67,1.25,1.0245,5,1.26,1.0327,10,1.265,1.0368,62,0
SPY190724P300,2019-07-23,2019-07-23 09:32:40,1.29,1.0573,29,1.25,1.0245,20,1.26,1.0327,10,1.27,1.0409,62,0
SPY190724P300,2019-07-23,2019-07-23 09:32:41,1.29,1.0573,29,1.25,1.0245,102,1.26,1.0327,10,1.27,1.0409,62,0
SPY190724P300,2019-07-23,2019-07-23 09:32:41,1.29,1.0573,59,1.25,1.0245,100,1.26,1.0327,10,1.27,1.0409,62,0
SPY190724P300,2019-07-23,2019-07-23 09:32:42,1.29,1.0573,48,1.25,1.0245,100,1.26,1.0327,10,1.27,1.0409,62,0
SPY190724P300,2019-07-23,2019-07-23 09:32:42,1.29,1.0573,121,1.25,1.0245,100,1.26,1.0327,10,1.27,1.0409,62,0
SPY190724P300,2019-07-23,2019-07-23 09:32:43,1.29,1.0573,9,1.26,1.0327,10,1.26,1.0327,10,1.275,1.045,62,0
SPY190724P300,2019-07-23,2019-07-23 09:32:43,1.29,1.0573,8,1.26,1.0327,10,1.26,1.0327,10,1.275,1.045,62,0
SPY190724P300,2019-07-23,2019-07-23 09:32:44,1.28,1.0491,7,1.25,1.0245,95,1.26,1.0327,10,1.265,1.0368,62,0
SPY190724P300,2019-07-23,2019-07-23 09:32:45,1.28,1.0491,7,1.25,1.0245,95,1.26,1.0327,10,1.265,1.0368,62,0
SPY190724P300,2019-07-23,2019-07-23 09:32:46,1.29,1.0573,10,1.25,1.0245,95,1.26,1.0327,10,1.27,1.0409,62,0
SPY190724P300,2019-07-23,2019-07-23 09:32:46,1.28,1.0491,10,1.25,1.0245,95,1.26,1.0327,10,1.265,1.0368,62,0
SPY190724P300,2019-07-23,2019-07-23 09:32:47,1.3,1.0655,7,1.26,1.0327,17,1.26,1.0327,10,1.28,1.0491,62,0
SPY190724P300,2019-07-23,2019-07-23 09:32:48,1.31,1.0737,20,1.28,1.0491,10,1.26,1.0327,10,1.295,1.0614,62,0
SPY190724P300,2019-07-23,2019-07-23 09:32:48,1.31,1.0737,20,1.28,1.0491,45,1.26,1.0327,10,1.295,1.0614,62,0
SPY190724P300,2019-07-23,2019-07-23 09:32:50,1.3,1.0655,7,1.27,1.0409,71,1.26,1.0327,10,1.285,1.0532,62,0
SPY190724P300,2019-07-23,2019-07-23 09:32:51,1.3,1.0655,6,1.27,1.0409,72,1.26,1.0327,10,1.285,1.0532,62,0
SPY190724P300,2019-07-23,2019-07-23 09:32:52,1.31,1.0737,91,1.27,1.0409,75,1.26,1.0327,10,1.29,1.0573,62,0
SPY190724P300,2019-07-23,2019-07-23 09:32:53,1.31,1.0737,11,1.28,1.0491,6,1.26,1.0327,10,1.295,1.0614,62,0
SPY190724P300,2019-07-23,2019-07-23 09:32:55,1.32,1.0819,10,1.28,1.0491,94,1.26,1.0327,10,1.3,1.0655,62,0
SPY190724P300,2019-07-23,2019-07-23 09:32:56,1.32,1.0819,20,1.28,1.0491,161,1.26,1.0327,10,1.3,1.0655,62,0
SPY190724P300,2019-07-23,2019-07-23 09:32:57,1.32,1.0819,49,1.28,1.0491,161,1.26,1.0327,10,1.3,1.0655,62,0
SPY190724P300,2019-07-23,2019-07-23 09:32:58,1.32,1.0819,10,1.28,1.0491,94,1.31,1.0737,15,1.3,1.0655,92,0
SPY190724P300,2019-07-23,2019-07-23 09:32:58,1.32,1.0819,35,1.28,1.0491,161,1.31,1.0737,15,1.3,1.0655,92,30
SPY190724P300,2019-07-23,2019-07-23 09:32:59,1.32,1.0819,10,1.29,1.0573,42,1.31,1.0737,15,1.305,1.0696,92,0
SPY190724P300,2019-07-23,2019-07-23 09:33:00,1.32,1.0819,10,1.29,1.0573,64,1.31,1.0737,15,1.305,1.0696,92,0
SPY190724P300,2019-07-23,2019-07-23 09:33:00,1.32,1.0819,1,1.29,1.0573,64,1.31,1.0737,15,1.305,1.0696,92,0
SPY190724P300,2019-07-23,2019-07-23 09:33:01,1.32,1.0819,1,1.29,1.0573,63,1.31,1.0737,15,1.305,1.0696,92,0
SPY190724P300,2019-07-23,2019-07-23 09:33:02,1.34,1.0983,7,1.3,1.0655,56,1.31,1.0737,15,1.32,1.0819,92,0
SPY190724P300,2019-07-23,2019-07-23 09:33:02,1.33,1.0901,11,1.29,1.0573,66,1.31,1.0737,15,1.31,1.0737,92,0
SPY190724P300,2019-07-23,2019-07-23 09:33:03,1.34,1.0983,20,1.31,1.0737,6,1.31,1.0737,15,1.325,1.086,92,0
SPY190724P300,2019-07-23,2019-07-23 09:33:04,1.33,1.0901,49,1.29,1.0573,110,1.31,1.0737,15,1.31,1.0737,92,0
SPY190724P300,2019-07-23,2019-07-23 09:33:05,1.33,1.0901,48,1.29,1.0573,110,1.31,1.0737,15,1.31,1.0737,92,0
SPY190724P300,2019-07-23,2019-07-23 09:33:06,1.33,1.0901,80,1.29,1.0573,110,1.31,1.0737,15,1.31,1.0737,92,0
SPY190724P300,2019-07-23,2019-07-23 09:33:06,1.33,1.0901,48,1.29,1.0573,110,1.31,1.0737,15,1.31,1.0737,92,0
SPY190724P300,2019-07-23,2019-07-23 09:33:07,1.32,1.0819,1,1.29,1.0573,65,1.31,1.0737,15,1.305,1.0696,92,0
SPY190724P300,2019-07-23,2019-07-23 09:33:08,1.33,1.0901,66,1.29,1.0573,66,1.31,1.0737,15,1.31,1.0737,92,0
SPY190724P300,2019-07-23,2019-07-23 09:33:08,1.33,1.0901,79,1.29,1.0573,66,1.31,1.0737,15,1.31,1.0737,92,0
SPY190724P300,2019-07-23,2019-07-23 09:33:09,1.32,1.0819,10,1.29,1.0573,66,1.31,1.0737,15,1.305,1.0696,92,0
SPY190724P300,2019-07-23,2019-07-23 09:33:10,1.32,1.0819,10,1.29,1.0573,66,1.31,1.0737,15,1.305,1.0696,92,0
SPY190724P300,2019-07-23,2019-07-23 09:33:10,1.31,1.0737,1,1.29,1.0573,48,1.31,1.0737,30,1.3,1.0655,122,30
SPY190724P300,2019-07-23,2019-07-23 09:33:11,1.32,1.0819,1,1.28,1.0491,7,1.31,1.0737,30,1.3,1.0655,122,0
SPY190724P300,2019-07-23,2019-07-23 09:33:12,1.32,1.0819,100,1.28,1.0491,88,1.31,1.0737,30,1.3,1.0655,122,0
SPY190724P300,2019-07-23,2019-07-23 09:33:12,1.32,1.0819,10,1.28,1.0491,16,1.31,1.0737,30,1.3,1.0655,122,0
SPY190724P300,2019-07-23,2019-07-23 09:33:13,1.31,1.0737,11,1.28,1.0491,10,1.31,1.0737,30,1.295,1.0614,122,0
SPY190724P300,2019-07-23,2019-07-23 09:33:14,1.29,1.0573,1,1.28,1.0491,5,1.29,1.0573,1,1.285,1.0532,125,3
SPY190724P300,2019-07-23,2019-07-23 09:33:14,1.3,1.0655,10,1.28,1.0491,5,1.31,1.0737,30,1.29,1.0573,122,0
SPY190724P300,2019-07-23,2019-07-23 09:33:15,1.29,1.0573,1,1.28,1.0491,5,1.29,1.0573,1,1.285,1.0532,125,0
SPY190724P300,2019-07-23,2019-07-23 09:33:16,1.3,1.0655,11,1.28,1.0491,5,1.29,1.0573,1,1.29,1.0573,125,0
SPY190724P300,2019-07-23,2019-07-23 09:33:16,1.3,1.0655,7,1.28,1.0491,5,1.29,1.0573,1,1.29,1.0573,125,0
SPY190724P300,2019-07-23,2019-07-23 09:33:17,1.3,1.0655,10,1.28,1.0491,5,1.29,1.0573,1,1.29,1.0573,125,0
SPY190724P300,2019-07-23,2019-07-23 09:33:18,1.3,1.0655,14,1.28,1.0491,5,1.29,1.0573,1,1.29,1.0573,125,0
SPY190724P300,2019-07-23,2019-07-23 09:33:18,1.29,1.0573,7,1.28,1.0491,5,1.29,1.0573,1,1.285,1.0532,125,0
SPY190724P300,2019-07-23,2019-07-23 09:33:19,1.29,1.0573,10,1.28,1.0491,5,1.29,1.0573,1,1.285,1.0532,125,0
SPY190724P300,2019-07-23,2019-07-23 09:33:20,1.28,1.0491,1,1.26,1.0327,66,1.28,1.0491,3,1.27,1.0409,130,5
SPY190724P300,2019-07-23,2019-07-23 09:33:21,1.29,1.0573,58,1.25,1.0245,106,1.28,1.0491,3,1.27,1.0409,130,0
SPY190724P300,2019-07-23,2019-07-23 09:33:21,1.28,1.0491,1,1.25,1.0245,106,1.28,1.0491,3,1.265,1.0368,130,0
SPY190724P300,2019-07-23,2019-07-23 09:33:35,1.24,1.0163,1,1.22,1.0,7,1.28,1.0491,3,1.23,1.0081,130,0
SPY190724P300,2019-07-23,2019-07-23 09:33:39,1.29,1.0573,41,1.25,1.0245,111,1.28,1.0491,3,1.27,1.0409,130,0
SPY190724P300,2019-07-23,2019-07-23 09:33:39,1.29,1.0573,87,1.25,1.0245,100,1.28,1.0491,3,1.27,1.0409,130,0
SPY190724P300,2019-07-23,2019-07-23 09:33:41,1.28,1.0491,7,1.28,1.0491,6,1.28,1.0491,3,1.28,1.0491,130,0
SPY190724P300,2019-07-23,2019-07-23 09:33:44,1.27,1.0409,20,1.24,1.0163,100,1.28,1.0491,3,1.255,1.0286,130,0
SPY190724P300,2019-07-23,2019-07-23 09:33:50,1.26,1.0327,10,1.23,1.0081,100,1.28,1.0491,3,1.245,1.0204,130,0
SPY190724P300,2019-07-23,2019-07-23 09:33:54,1.28,1.0491,20,1.24,1.0163,110,1.28,1.0491,3,1.26,1.0327,130,0
SPY190724P300,2019-07-23,2019-07-23 09:33:56,1.29,1.0573,8,1.26,1.0327,11,1.28,1.0491,3,1.275,1.045,130,0
SPY190724P300,2019-07-23,2019-07-23 09:33:59,1.31,1.0737,6,1.28,1.0491,102,1.28,1.0491,3,1.295,1.0614,130,0
SPY190724P300,2019-07-23,2019-07-23 09:34:02,1.31,1.0737,10,1.28,1.0491,100,1.28,1.0491,3,1.295,1.0614,130,0
SPY190724P300,2019-07-23,2019-07-23 09:34:04,1.31,1.0737,52,1.27,1.0409,53,1.28,1.0491,3,1.29,1.0573,130,0
SPY190724P300,2019-07-23,2019-07-23 09:34:06,1.3,1.0655,104,1.27,1.0409,58,1.28,1.0491,3,1.285,1.0532,130,0
SPY190724P300,2019-07-23,2019-07-23 09:34:09,1.3,1.0655,1,1.27,1.0409,17,1.28,1.0491,2,1.285,1.0532,132,2
SPY190724P300,2019-07-23,2019-07-23 09:34:10,1.31,1.0737,10,1.27,1.0409,165,1.3,1.0655,1,1.29,1.0573,133,1
SPY190724P300,2019-07-23,2019-07-23 09:34:20,1.31,1.0737,20,1.27,1.0409,208,1.27,1.0409,25,1.29,1.0573,158,25
SPY190724P300,2019-07-23,2019-07-23 09:34:24,1.33,1.0901,101,1.29,1.0573,173,1.27,1.0409,25,1.31,1.0737,158,0
SPY190724P300,2019-07-23,2019-07-23 09:34:29,1.32,1.0819,10,1.29,1.0573,183,1.27,1.0409,25,1.305,1.0696,158,0
SPY190724P300,2019-07-23,2019-07-23 09:34:32,1.33,1.0901,100,1.29,1.0573,86,1.27,1.0409,25,1.31,1.0737,158,0
SPY190724P300,2019-07-23,2019-07-23 09:34:37,1.31,1.0737,10,1.28,1.0491,100,1.27,1.0409,25,1.295,1.0614,158,0
SPY190724P300,2019-07-23,2019-07-23 09:34:43,1.3,1.0655,101,1.26,1.0327,110,1.27,1.0409,25,1.28,1.0491,158,0
SPY190724P300,2019-07-23,2019-07-23 09:34:45,1.31,1.0737,1,1.29,1.0573,7,1.3,1.0655,40,1.3,1.0655,198,40
SPY190724P300,2019-07-23,2019-07-23 09:34:47,1.32,1.0819,101,1.29,1.0573,68,1.3,1.0655,40,1.305,1.0696,198,0
SPY190724P300,2019-07-23,2019-07-23 09:34:49,1.32,1.0819,141,1.29,1.0573,8,1.3,1.0655,40,1.305,1.0696,198,0
SPY190724P300,2019-07-23,2019-07-23 09:34:50,1.31,1.0737,1,1.28,1.0491,33,1.3,1.0655,40,1.295,1.0614,198,0
SPY190724P300,2019-07-23,2019-07-23 09:34:52,1.31,1.0737,10,1.28,1.0491,55,1.3,1.0655,40,1.295,1.0614,198,0
SPY190724P300,2019-07-23,2019-07-23 09:34:54,1.33,1.0901,16,1.3,1.0655,10,1.3,1.0655,40,1.315,1.0778,198,0
SPY190724P300,2019-07-23,2019-07-23 09:34:55,1.33,1.0901,6,1.3,1.0655,10,1.3,1.0655,40,1.315,1.0778,198,0
SPY190724P300,2019-07-23,2019-07-23 09:34:57,1.33,1.0901,15,1.3,1.0655,10,1.3,1.0655,40,1.315,1.0778,198,0
SPY190724P300,2019-07-23,2019-07-23 09:34:58,1.32,1.0819,20,1.28,1.0491,168,1.3,1.0655,40,1.3,1.0655,198,0
SPY190724P300,2019-07-23,2019-07-23 09:35:00,1.32,1.0819,160,1.28,1.0491,58,1.3,1.0655,40,1.3,1.0655,198,0
SPY190724P300,2019-07-23,2019-07-23 09:35:02,1.32,1.0819,109,1.29,1.0573,1,1.3,1.0655,40,1.305,1.0696,198,0
SPY190724P300,2019-07-23,2019-07-23 09:35:04,1.32,1.0819,101,1.29,1.0573,8,1.3,1.0655,40,1.305,1.0696,198,0
SPY190724P300,2019-07-23,2019-07-23 09:35:05,1.32,1.0819,20,1.28,1.0491,190,1.3,1.0655,40,1.3,1.0655,198,0
SPY190724P300,2019-07-23,2019-07-23 09:35:07,1.31,1.0737,101,1.29,1.0573,15,1.3,1.0655,40,1.3,1.0655,198,0
SPY190724P300,2019-07-23,2019-07-23 09:35:08,1.31,1.0737,10,1.29,1.0573,15,1.3,1.0655,40,1.3,1.0655,198,0
SPY190724P300,2019-07-23,2019-07-23 09:35:10,1.3,1.0655,17,1.29,1.0573,4,1.3,1.0655,40,1.295,1.0614,198,0
SPY190724P300,2019-07-23,2019-07-23 09:35:11,1.31,1.0737,101,1.29,1.0573,4,1.3,1.0655,40,1.3,1.0655,198,0
SPY190724P300,2019-07-23,2019-07-23 09:35:13,1.3,1.0655,10,1.29,1.0573,4,1.3,1.0655,40,1.295,1.0614,198,0
SPY190724P300,2019-07-23,2019-07-23 09:35:14,1.3,1.0655,101,1.29,1.0573,4,1.3,1.0655,40,1.295,1.0614,198,0
SPY190724P300,2019-07-23,2019-07-23 09:35:15,1.29,1.0573,1,1.26,1.0327,111,1.29,1.0573,4,1.275,1.045,202,4
SPY190724P300,2019-07-23,2019-07-23 09:35:17,1.3,1.0655,110,1.26,1.0327,147,1.29,1.0573,4,1.28,1.0491,202,0
SPY190724P300,2019-07-23,2019-07-23 09:35:18,1.3,1.0655,110,1.26,1.0327,147,1.29,1.0573,4,1.28,1.0491,202,0
SPY190724P300,2019-07-23,2019-07-23 09:35:19,1.29,1.0573,159,1.25,1.0245,7,1.29,1.0573,4,1.27,1.0409,202,0
SPY190724P300,2019-07-23,2019-07-23 09:35:19,1.29,1.0573,159,1.26,1.0327,10,1.29,1.0573,4,1.275,1.045,202,0
SPY190724P300,2019-07-23,2019-07-23 09:35:20,1.28,1.0491,101,1.25,1.0245,7,1.29,1.0573,4,1.265,1.0368,202,0
SPY190724P300,2019-07-23,2019-07-23 09:35:21,1.28,1.0491,101,1.25,1.0245,17,1.29,1.0573,4,1.265,1.0368,202,0
SPY190724P300,2019-07-23,2019-07-23 09:35:21,1.28,1.0491,101,1.25,1.0245,11,1.29,1.0573,4,1.265,1.0368,202,0
SPY190724P300,2019-07-23,2019-07-23 09:35:22,1.27,1.0409,102,1.23,1.0081,20,1.29,1.0573,4,1.25,1.0245,202,0
SPY190724P300,2019-07-23,2019-07-23 09:35:22,1.28,1.0491,68,1.24,1.0163,7,1.29,1.0573,4,1.26,1.0327,202,0
SPY190724P300,2019-07-23,2019-07-23 09:35:23,1.26,1.0327,20,1.23,1.0081,20,1.29,1.0573,4,1.245,1.0204,202,0
SPY190724P300,2019-07-23,2019-07-23 09:35:24,1.26,1.0327,101,1.23,1.0081,10,1.29,1.0573,4,1.245,1.0204,202,0
SPY190724P300,2019-07-23,2019-07-23 09:35:24,1.26,1.0327,10,1.23,1.0081,20,1.29,1.0573,4,1.245,1.0204,202,0
SPY190724P300,2019-07-23,2019-07-23 09:35:25,1.26,1.0327,129,1.23,1.0081,10,1.29,1.0573,4,1.245,1.0204,202,0
SPY190724P300,2019-07-23,2019-07-23 09:35:26,1.26,1.0327,126,1.23,1.0081,10,1.29,1.0573,4,1.245,1.0204,202,0
SPY190724P300,2019-07-23,2019-07-23 09:35:26,1.26,1.0327,101,1.23,1.0081,10,1.29,1.0573,4,1.245,1.0204,202,0
SPY190724P300,2019-07-23,2019-07-23 09:35:27,1.26,1.0327,126,1.23,1.0081,10,1.29,1.0573,4,1.245,1.0204,202,0
SPY190724P300,2019-07-23,2019-07-23 09:35:28,1.26,1.0327,17,1.23,1.0081,7,1.29,1.0573,4,1.245,1.0204,202,0
SPY190724P300,2019-07-23,2019-07-23 09:35:28,1.26,1.0327,17,1.23,1.0081,10,1.29,1.0573,4,1.245,1.0204,202,0
SPY190724P300,2019-07-23,2019-07-23 09:35:29,1.26,1.0327,17,1.23,1.0081,7,1.29,1.0573,4,1.245,1.0204,202,0
SPY190724P300,2019-07-23,2019-07-23 09:35:29,1.26,1.0327,10,1.23,1.0081,7,1.29,1.0573,4,1.245,1.0204,202,0
SPY190724P300,2019-07-23,2019-07-23 09:35:30,1.26,1.0327,10,1.23,1.0081,15,1.29,1.0573,4,1.245,1.0204,202,0
SPY190724P300,2019-07-23,2019-07-23 09:35:31,1.26,1.0327,59,1.23,1.0081,15,1.29,1.0573,4,1.245,1.0204,202,0
SPY190724P300,2019-07-23,2019-07-23 09:35:31,1.26,1.0327,40,1.23,1.0081,15,1.29,1.0573,4,1.245,1.0204,202,0
SPY190724P300,2019-07-23,2019-07-23 09:35:32,1.26,1.0327,50,1.23,1.0081,10,1.29,1.0573,4,1.245,1.0204,202,0
SPY190724P300,2019-07-23,2019-07-23 09:35:32,1.26,1.0327,20,1.23,1.0081,10,1.29,1.0573,4,1.245,1.0204,202,0
SPY190724P300,2019-07-23,2019-07-23 09:35:33,1.26,1.0327,20,1.23,1.0081,10,1.29,1.0573,4,1.245,1.0204,202,0
SPY190724P300,2019-07-23,2019-07-23 09:35:34,1.25,1.0245,1,1.23,1.0081,10,1.29,1.0573,4,1.24,1.0163,202,0
SPY190724P300,2019-07-23,2019-07-23 09:35:34,1.26,1.0327,20,1.23,1.0081,10,1.29,1.0573,4,1.245,1.0204,202,0
SPY190724P300,2019-07-23,2019-07-23 09:35:35,1.26,1.0327,20,1.23,1.0081,10,1.29,1.0573,4,1.245,1.0204,202,0
SPY190724P300,2019-07-23,2019-07-23 09:35:36,1.26,1.0327,52,1.23,1.0081,10,1.29,1.0573,4,1.245,1.0204,202,0
SPY190724P300,2019-07-23,2019-07-23 09:35:36,1.26,1.0327,17,1.23,1.0081,10,1.29,1.0573,4,1.245,1.0204,202,0
SPY190724P300,2019-07-23,2019-07-23 09:35:37,1.26,1.0327,51,1.23,1.0081,14,1.29,1.0573,4,1.245,1.0204,202,0
SPY190724P300,2019-07-23,2019-07-23 09:35:37,1.25,1.0245,20,1.23,1.0081,14,1.29,1.0573,4,1.24,1.0163,202,0
SPY190724P300,2019-07-23,2019-07-23 09:35:38,1.25,1.0245,7,1.23,1.0081,1,1.29,1.0573,4,1.24,1.0163,202,0
SPY190724P300,2019-07-23,2019-07-23 09:35:38,1.26,1.0327,168,1.23,1.0081,1,1.29,1.0573,4,1.245,1.0204,202,0
SPY190724P300,2019-07-23,2019-07-23 09:35:39,1.25,1.0245,119,1.23,1.0081,1,1.29,1.0573,4,1.24,1.0163,202,0
SPY190724P300,2019-07-23,2019-07-23 09:35:39,1.26,1.0327,153,1.23,1.0081,7,1.29,1.0573,4,1.245,1.0204,202,0
SPY190724P300,2019-07-23,2019-07-23 09:35:40,1.26,1.0327,110,1.23,1.0081,17,1.29,1.0573,4,1.245,1.0204,202,0
SPY190724P300,2019-07-23,2019-07-23 09:35:41,1.26,1.0327,26,1.23,1.0081,17,1.29,1.0573,4,1.245,1.0204,202,0
SPY190724P300,2019-07-23,2019-07-23 09:35:42,1.26,1.0327,17,1.23,1.0081,111,1.29,1.0573,4,1.245,1.0204,202,0
SPY190724P300,2019-07-23,2019-07-23 09:35:43,1.26,1.0327,15,1.23,1.0081,101,1.29,1.0573,4,1.245,1.0204,202,0
SPY190724P300,2019-07-23,2019-07-23 09:35:43,1.27,1.0409,6,1.23,1.0081,101,1.29,1.0573,4,1.25,1.0245,202,0
SPY190724P300,2019-07-23,2019-07-23 09:35:44,1.28,1.0491,66,1.24,1.0163,136,1.29,1.0573,4,1.26,1.0327,202,0
SPY190724P300,2019-07-23,2019-07-23 09:35:44,1.29,1.0573,17,1.25,1.0245,7,1.29,1.0573,4,1.27,1.0409,202,0
SPY190724P300,2019-07-23,2019-07-23 09:35:45,1.29,1.0573,10,1.25,1.0245,7,1.29,1.0573,4,1.27,1.0409,202,0
SPY190724P300,2019-07-23,2019-07-23 09:35:46,1.29,1.0573,10,1.26,1.0327,20,1.29,1.0573,4,1.275,1.045,202,0
SPY190724P300,2019-07-23,2019-07-23 09:35:47,1.29,1.0573,101,1.26,1.0327,20,1.29,1.0573,4,1.275,1.045,202,0
SPY190724P300,2019-07-23,2019-07-23 09:35:48,1.29,1.0573,7,1.26,1.0327,10,1.29,1.0573,4,1.275,1.045,202,0
SPY190724P300,2019-07-23,2019-07-23 09:35:49,1.31,1.0737,168,1.26,1.0327,107,1.29,1.0573,4,1.285,1.0532,202,0
SPY190724P300,2019-07-23,2019-07-23 09:35:49,1.29,1.0573,7,1.26,1.0327,46,1.29,1.0573,4,1.275,1.045,202,0
SPY190724P300,2019-07-23,2019-07-23 09:35:50,1.31,1.0737,168,1.27,1.0409,20,1.29,1.0573,4,1.29,1.0573,202,0
SPY190724P300,2019-07-23,2019-07-23 09:35:50,1.31,1.0737,101,1.27,1.0409,20,1.29,1.0573,4,1.29,1.0573,202,0
SPY190724P300,2019-07-23,2019-07-23 09:35:51,1.31,1.0737,101,1.28,1.0491,101,1.29,1.0573,4,1.295,1.0614,202,0
SPY190724P300,2019-07-23,2019-07-23 09:35:52,1.31,1.0737,17,1.28,1.0491,17,1.29,1.0573,4,1.295,1.0614,202,0
SPY190724P300,2019-07-23,2019-07-23 09:35:52,1.31,1.0737,17,1.28,1.0491,10,1.29,1.0573,4,1.295,1.0614,202,0
SPY190724P300,2019-07-23,2019-07-23 09:35:53,1.32,1.0819,10,1.29,1.0573,10,1.29,1.0573,4,1.305,1.0696,202,0
SPY190724P300,2019-07-23,2019-07-23 09:35:54,1.32,1.0819,1,1.29,1.0573,9,1.29,1.0573,4,1.305,1.0696,202,0
SPY190724P300,2019-07-23,2019-07-23 09:35:55,1.33,1.0901,20,1.3,1.0655,106,1.29,1.0573,4,1.315,1.0778,202,0
SPY190724P300,2019-07-23,2019-07-23 09:35:56,1.33,1.0901,20,1.3,1.0655,106,1.29,1.0573,4,1.315,1.0778,202,0
SPY190724P300,2019-07-23,2019-07-23 09:35:57,1.33,1.0901,20,1.3,1.0655,106,1.29,1.0573,4,1.315,1.0778,202,0
SPY190724P300,2019-07-23,2019-07-23 09:35:57,1.35,1.1065,167,1.31,1.0737,110,1.29,1.0573,4,1.33,1.0901,202,0
SPY190724P300,2019-07-23,2019-07-23 09:35:58,1.35,1.1065,167,1.31,1.0737,82,1.29,1.0573,4,1.33,1.0901,202,0
SPY190724P300,2019-07-23,2019-07-23 09:35:59,1.35,1.1065,158,1.31,1.0737,126,1.29,1.0573,4,1.33,1.0901,202,0
SPY190724P300,2019-07-23,2019-07-23 09:35:59,1.35,1.1065,158,1.31,1.0737,111,1.29,1.0573,4,1.33,1.0901,202,0
SPY190724P300,2019-07-23,2019-07-23 09:36:00,1.35,1.1065,10,1.32,1.0819,146,1.29,1.0573,4,1.335,1.0942,202,0
SPY190724P300,2019-07-23,2019-07-23 09:36:01,1.35,1.1065,20,1.32,1.0819,146,1.29,1.0573,4,1.335,1.0942,202,0
SPY190724P300,2019-07-23,2019-07-23 09:36:02,1.35,1.1065,20,1.32,1.0819,146,1.29,1.0573,4,1.335,1.0942,202,0
SPY190724P300,2019-07-23,2019-07-23 09:36:03,1.35,1.1065,101,1.32,1.0819,146,1.29,1.0573,4,1.335,1.0942,202,0
SPY190724P300,2019-07-23,2019-07-23 09:36:03,1.35,1.1065,101,1.32,1.0819,17,1.34,1.0983,5,1.335,1.0942,207,5
SPY190724P300,2019-07-23,2019-07-23 09:36:04,1.35,1.1065,132,1.32,1.0819,11,1.34,1.0983,5,1.335,1.0942,207,0
SPY190724P300,2019-07-23,2019-07-23 09:36:04,1.35,1.1065,101,1.32,1.0819,17,1.34,1.0983,5,1.335,1.0942,207,0
SPY190724P300,2019-07-23,2019-07-23 09:36:05,1.35,1.1065,44,1.32,1.0819,20,1.34,1.0983,5,1.335,1.0942,207,0
SPY190724P300,2019-07-23,2019-07-23 09:36:06,1.35,1.1065,44,1.32,1.0819,17,1.34,1.0983,5,1.335,1.0942,207,0
SPY190724P300,2019-07-23,2019-07-23 09:36:07,1.35,1.1065,86,1.3,1.0655,166,1.35,1.1065,1,1.325,1.086,208,0
SPY190724P300,2019-07-23,2019-07-23 09:36:07,1.35,1.1065,20,1.32,1.0819,20,1.35,1.1065,1,1.335,1.0942,208,1
SPY190724P300,2019-07-23,2019-07-23 09:36:08,1.33,1.0901,7,1.31,1.0737,7,1.34,1.0983,3,1.32,1.0819,218,10
SPY190724P300,2019-07-23,2019-07-23 09:36:09,1.34,1.0983,42,1.31,1.0737,166,1.34,1.0983,3,1.325,1.086,218,0
SPY190724P300,2019-07-23,2019-07-23 09:36:09,1.34,1.0983,48,1.31,1.0737,166,1.34,1.0983,3,1.325,1.086,218,0
SPY190724P300,2019-07-23,2019-07-23 09:36:10,1.33,1.0901,10,1.31,1.0737,10,1.33,1.0901,1,1.32,1.0819,219,1
SPY190724P300,2019-07-23,2019-07-23 09:36:11,1.33,1.0901,10,1.31,1.0737,10,1.33,1.0901,1,1.32,1.0819,219,0
SPY190724P300,2019-07-23,2019-07-23 09:36:11,1.33,1.0901,10,1.3,1.0655,110,1.33,1.0901,1,1.315,1.0778,219,0
SPY190724P300,2019-07-23,2019-07-23 09:36:12,1.33,1.0901,7,1.3,1.0655,110,1.33,1.0901,16,1.315,1.0778,319,100
SPY190724P300,2019-07-23,2019-07-23 09:36:13,1.33,1.0901,10,1.3,1.0655,110,1.33,1.0901,16,1.315,1.0778,319,0
SPY190724P300,2019-07-23,2019-07-23 09:36:13,1.33,1.0901,14,1.3,1.0655,110,1.33,1.0901,16,1.315,1.0778,319,0
SPY190724P300,2019-07-23,2019-07-23 09:36:14,1.33,1.0901,30,1.3,1.0655,20,1.33,1.0901,16,1.315,1.0778,319,0
SPY190724P300,2019-07-23,2019-07-23 09:36:14,1.33,1.0901,17,1.3,1.0655,63,1.33,1.0901,16,1.315,1.0778,319,0
SPY190724P300,2019-07-23,2019-07-23 09:36:15,1.33,1.0901,10,1.3,1.0655,84,1.33,1.0901,16,1.315,1.0778,319,0
SPY190724P300,2019-07-23,2019-07-23 09:36:16,1.34,1.0983,101,1.3,1.0655,84,1.33,1.0901,16,1.32,1.0819,319,0
SPY190724P300,2019-07-23,2019-07-23 09:36:16,1.33,1.0901,10,1.3,1.0655,84,1.33,1.0901,16,1.315,1.0778,319,0
SPY190724P300,2019-07-23,2019-07-23 09:36:17,1.34,1.0983,101,1.3,1.0655,84,1.33,1.0901,16,1.32,1.0819,319,0
SPY190724P300,2019-07-23,2019-07-23 09:36:18,1.33,1.0901,7,1.3,1.0655,84,1.33,1.0901,16,1.315,1.0778,319,0
SPY190724P300,2019-07-23,2019-07-23 09:36:18,1.33,1.0901,10,1.3,1.0655,84,1.33,1.0901,16,1.315,1.0778,319,0
SPY190724P300,2019-07-23,2019-07-23 09:36:19,1.33,1.0901,10,1.3,1.0655,84,1.33,1.0901,16,1.315,1.0778,319,0
SPY190724P300,2019-07-23,2019-07-23 09:36:20,1.33,1.0901,7,1.3,1.0655,84,1.33,1.0901,16,1.315,1.0778,319,0
SPY190724P300,2019-07-23,2019-07-23 09:36:21,1.33,1.0901,10,1.3,1.0655,84,1.33,1.0901,16,1.315,1.0778,319,0
SPY190724P300,2019-07-23,2019-07-23 09:36:22,1.33,1.0901,10,1.3,1.0655,84,1.33,1.0901,16,1.315,1.0778,319,0
SPY190724P300,2019-07-23,2019-07-23 09:36:22,1.33,1.0901,8,1.3,1.0655,45,1.33,1.0901,16,1.315,1.0778,319,0
SPY190724P300,2019-07-23,2019-07-23 09:36:23,1.33,1.0901,8,1.3,1.0655,60,1.33,1.0901,16,1.315,1.0778,319,0
SPY190724P300,2019-07-23,2019-07-23 09:36:24,1.33,1.0901,20,1.3,1.0655,72,1.33,1.0901,16,1.315,1.0778,319,0
SPY190724P300,2019-07-23,2019-07-23 09:36:24,1.33,1.0901,8,1.3,1.0655,60,1.33,1.0901,16,1.315,1.0778,319,0
SPY190724P300,2019-07-23,2019-07-23 09:36:25,1.33,1.0901,20,1.3,1.0655,60,1.33,1.0901,16,1.315,1.0778,319,0
SPY190724P300,2019-07-23,2019-07-23 09:36:26,1.33,1.0901,20,1.3,1.0655,83,1.33,1.0901,16,1.315,1.0778,319,0
SPY190724P300,2019-07-23,2019-07-23 09:36:27,1.33,1.0901,20,1.3,1.0655,83,1.33,1.0901,16,1.315,1.0778,319,0
SPY190724P300,2019-07-23,2019-07-23 09:36:28,1.32,1.0819,4,1.3,1.0655,83,1.33,1.0901,2,1.31,1.0737,321,2
SPY190724P300,2019-07-23,2019-07-23 09:36:28,1.32,1.0819,4,1.3,1.0655,83,1.33,1.0901,2,1.31,1.0737,321,0
SPY190724P300,2019-07-23,2019-07-23 09:36:29,1.32,1.0819,6,1.3,1.0655,39,1.33,1.0901,2,1.31,1.0737,321,0
SPY190724P300,2019-07-23,2019-07-23 09:36:30,1.32,1.0819,6,1.3,1.0655,35,1.33,1.0901,2,1.31,1.0737,321,0
SPY190724P300,2019-07-23,2019-07-23 09:36:31,1.32,1.0819,4,1.3,1.0655,35,1.33,1.0901,2,1.31,1.0737,321,0
SPY190724P300,2019-07-23,2019-07-23 09:36:31,1.32,1.0819,4,1.3,1.0655,17,1.33,1.0901,2,1.31,1.0737,321,0
SPY190724P300,2019-07-23,2019-07-23 09:36:32,1.32,1.0819,132,1.29,1.0573,25,1.33,1.0901,2,1.305,1.0696,321,0
SPY190724P300,2019-07-23,2019-07-23 09:36:32,1.31,1.0737,1,1.28,1.0491,183,1.33,1.0901,2,1.295,1.0614,321,0
SPY190724P300,2019-07-23,2019-07-23 09:36:33,1.32,1.0819,4,1.3,1.0655,7,1.33,1.0901,2,1.31,1.0737,321,0
SPY190724P300,2019-07-23,2019-07-23 09:36:34,1.32,1.0819,17,1.29,1.0573,72,1.33,1.0901,2,1.305,1.0696,321,0
SPY190724P300,2019-07-23,2019-07-23 09:36:36,1.35,1.1065,168,1.31,1.0737,111,1.32,1.0819,4,1.33,1.0901,325,4
SPY190724P300,2019-07-23,2019-07-23 09:36:37,1.34,1.0983,1,1.31,1.0737,182,1.32,1.0819,4,1.325,1.086,325,0
SPY190724P300,2019-07-23,2019-07-23 09:36:38,1.33,1.0901,1,1.31,1.0737,100,1.32,1.0819,4,1.32,1.0819,325,0
SPY190724P300,2019-07-23,2019-07-23 09:36:40,1.33,1.0901,1,1.3,1.0655,178,1.32,1.0819,4,1.315,1.0778,325,0
SPY190724P300,2019-07-23,2019-07-23 09:36:41,1.33,1.0901,1,1.3,1.0655,173,1.32,1.0819,4,1.315,1.0778,325,0
SPY190724P300,2019-07-23,2019-07-23 09:36:42,1.33,1.0901,1,1.3,1.0655,173,1.32,1.0819,4,1.315,1.0778,325,0
SPY190724P300,2019-07-23,2019-07-23 09:36:44,1.34,1.0983,78,1.3,1.0655,178,1.32,1.0819,4,1.32,1.0819,325,0
SPY190724P300,2019-07-23,2019-07-23 09:36:47,1.33,1.0901,35,1.3,1.0655,17,1.32,1.0819,4,1.315,1.0778,325,0
SPY190724P300,2019-07-23,2019-07-23 09:36:49,1.33,1.0901,20,1.3,1.0655,37,1.32,1.0819,4,1.315,1.0778,325,0
SPY190724P300,2019-07-23,2019-07-23 09:36:52,1.33,1.0901,20,1.3,1.0655,34,1.32,1.0819,4,1.315,1.0778,330,5
SPY190724P300,2019-07-23,2019-07-23 09:36:53,1.33,1.0901,20,1.3,1.0655,20,1.32,1.0819,4,1.315,1.0778,330,0
SPY190724P300,2019-07-23,2019-07-23 09:36:54,1.33,1.0901,20,1.32,1.0819,40,1.32,1.0819,4,1.325,1.086,330,0
SPY190724P300,2019-07-23,2019-07-23 09:36:55,1.33,1.0901,10,1.32,1.0819,40,1.32,1.0819,4,1.325,1.086,330,0
SPY190724P300,2019-07-23,2019-07-23 09:36:56,1.34,1.0983,52,1.32,1.0819,40,1.32,1.0819,4,1.33,1.0901,330,0
SPY190724P300,2019-07-23,2019-07-23 09:36:56,1.34,1.0983,16,1.32,1.0819,40,1.32,1.0819,4,1.33,1.0901,330,0
SPY190724P300,2019-07-23,2019-07-23 09:36:57,1.33,1.0901,7,1.32,1.0819,40,1.32,1.0819,4,1.325,1.086,330,0
SPY190724P300,2019-07-23,2019-07-23 09:36:58,1.33,1.0901,7,1.32,1.0819,40,1.32,1.0819,4,1.325,1.086,330,0
SPY190724P300,2019-07-23,2019-07-23 09:36:59,1.33,1.0901,1,1.32,1.0819,40,1.32,1.0819,4,1.325,1.086,330,0
SPY190724P300,2019-07-23,2019-07-23 09:37:00,1.34,1.0983,7,1.32,1.0819,40,1.32,1.0819,4,1.33,1.0901,330,0
SPY190724P300,2019-07-23,2019-07-23 09:37:01,1.34,1.0983,59,1.32,1.0819,40,1.32,1.0819,4,1.33,1.0901,330,0
SPY190724P300,2019-07-23,2019-07-23 09:37:01,1.34,1.0983,7,1.32,1.0819,40,1.32,1.0819,4,1.33,1.0901,330,0
SPY190724P300,2019-07-23,2019-07-23 09:37:02,1.33,1.0901,1,1.32,1.0819,40,1.32,1.0819,4,1.325,1.086,330,0
SPY190724P300,2019-07-23,2019-07-23 09:37:03,1.34,1.0983,1,1.32,1.0819,100,1.32,1.0819,4,1.33,1.0901,330,0
SPY190724P300,2019-07-23,2019-07-23 09:37:03,1.33,1.0901,11,1.32,1.0819,40,1.32,1.0819,4,1.325,1.086,330,0
SPY190724P300,2019-07-23,2019-07-23 09:37:04,1.34,1.0983,1,1.32,1.0819,100,1.32,1.0819,4,1.33,1.0901,330,0
SPY190724P300,2019-07-23,2019-07-23 09:37:04,1.34,1.0983,7,1.32,1.0819,110,1.32,1.0819,4,1.33,1.0901,330,0
SPY190724P300,2019-07-23,2019-07-23 09:37:05,1.34,1.0983,7,1.32,1.0819,100,1.32,1.0819,4,1.33,1.0901,330,0
SPY190724P300,2019-07-23,2019-07-23 09:37:06,1.34,1.0983,133,1.32,1.0819,40,1.32,1.0819,4,1.33,1.0901,330,0
SPY190724P300,2019-07-23,2019-07-23 09:37:07,1.33,1.0901,7,1.32,1.0819,40,1.32,1.0819,4,1.325,1.086,330,0
SPY190724P300,2019-07-23,2019-07-23 09:37:08,1.33,1.0901,1,1.32,1.0819,40,1.33,1.0901,1,1.325,1.086,335,5
SPY190724P300,2019-07-23,2019-07-23 09:37:09,1.33,1.0901,1,1.32,1.0819,40,1.33,1.0901,1,1.325,1.086,335,0
SPY190724P300,2019-07-23,2019-07-23 09:37:10,1.33,1.0901,10,1.32,1.0819,40,1.33,1.0901,1,1.325,1.086,335,0
SPY190724P300,2019-07-23,2019-07-23 09:37:11,1.33,1.0901,10,1.32,1.0819,40,1.33,1.0901,1,1.325,1.086,335,0
SPY190724P300,2019-07-23,2019-07-23 09:37:12,1.33,1.0901,10,1.32,1.0819,40,1.33,1.0901,1,1.325,1.086,335,0
SPY190724P300,2019-07-23,2019-07-23 09:37:13,1.33,1.0901,1,1.32,1.0819,40,1.33,1.0901,1,1.325,1.086,335,0
SPY190724P300,2019-07-23,2019-07-23 09:37:13,1.33,1.0901,10,1.32,1.0819,40,1.33,1.0901,1,1.325,1.086,335,0
SPY190724P300,2019-07-23,2019-07-23 09:37:14,1.33,1.0901,1,1.32,1.0819,40,1.33,1.0901,1,1.325,1.086,335,0
SPY190724P300,2019-07-23,2019-07-23 09:37:15,1.33,1.0901,8,1.32,1.0819,40,1.33,1.0901,1,1.325,1.086,335,0
SPY190724P300,2019-07-23,2019-07-23 09:37:16,1.33,1.0901,12,1.32,1.0819,40,1.33,1.0901,1,1.325,1.086,335,0
SPY190724P300,2019-07-23,2019-07-23 09:37:17,1.33,1.0901,17,1.32,1.0819,40,1.33,1.0901,1,1.325,1.086,335,0
SPY190724P300,2019-07-23,2019-07-23 09:37:18,1.34,1.0983,55,1.32,1.0819,40,1.33,1.0901,1,1.33,1.0901,335,0
SPY190724P300,2019-07-23,2019-07-23 09:37:18,1.33,1.0901,17,1.32,1.0819,40,1.33,1.0901,1,1.325,1.086,335,0
SPY190724P300,2019-07-23,2019-07-23 09:37:19,1.34,1.0983,10,1.32,1.0819,40,1.33,1.0901,1,1.33,1.0901,335,0
SPY190724P300,2019-07-23,2019-07-23 09:37:20,1.34,1.0983,1,1.32,1.0819,100,1.33,1.0901,1,1.33,1.0901,335,0
SPY190724P300,2019-07-23,2019-07-23 09:37:20,1.34,1.0983,11,1.32,1.0819,50,1.33,1.0901,1,1.33,1.0901,335,0
SPY190724P300,2019-07-23,2019-07-23 09:37:21,1.34,1.0983,7,1.33,1.0901,3,1.33,1.0901,1,1.335,1.0942,335,0
SPY190724P300,2019-07-23,2019-07-23 09:37:22,1.34,1.0983,7,1.33,1.0901,3,1.33,1.0901,1,1.335,1.0942,335,0
SPY190724P300,2019-07-23,2019-07-23 09:37:22,1.34,1.0983,8,1.33,1.0901,3,1.33,1.0901,1,1.335,1.0942,335,0
SPY190724P300,2019-07-23,2019-07-23 09:37:23,1.34,1.0983,20,1.33,1.0901,3,1.33,1.0901,1,1.335,1.0942,335,0
SPY190724P300,2019-07-23,2019-07-23 09:37:24,1.34,1.0983,16,1.33,1.0901,3,1.33,1.0901,1,1.335,1.0942,335,0
SPY190724P300,2019-07-23,2019-07-23 09:37:24,1.34,1.0983,3,1.33,1.0901,5,1.33,1.0901,1,1.335,1.0942,335,0
SPY190724P300,2019-07-23,2019-07-23 09:37:25,1.34,1.0983,3,1.33,1.0901,5,1.33,1.0901,1,1.335,1.0942,335,0
SPY190724P300,2019-07-23,2019-07-23 09:37:27,1.34,1.0983,7,1.33,1.0901,5,1.33,1.0901,1,1.335,1.0942,335,0
SPY190724P300,2019-07-23,2019-07-23 09:37:27,1.35,1.1065,52,1.33,1.0901,5,1.33,1.0901,1,1.34,1.0983,335,0
SPY190724P300,2019-07-23,2019-07-23 09:37:28,1.35,1.1065,52,1.33,1.0901,5,1.33,1.0901,1,1.34,1.0983,335,0
SPY190724P300,2019-07-23,2019-07-23 09:37:29,1.35,1.1065,52,1.34,1.0983,3,1.33,1.0901,1,1.345,1.1024,335,0
SPY190724P300,2019-07-23,2019-07-23 09:37:35,1.35,1.1065,17,1.32,1.0819,100,1.34,1.0983,3,1.335,1.0942,343,8
SPY190724P300,2019-07-23,2019-07-23 09:37:36,1.35,1.1065,17,1.32,1.0819,100,1.34,1.0983,3,1.335,1.0942,343,0
SPY190724P300,2019-07-23,2019-07-23 09:37:36,1.35,1.1065,20,1.32,1.0819,100,1.34,1.0983,3,1.335,1.0942,343,0
SPY190724P300,2019-07-23,2019-07-23 09:37:37,1.35,1.1065,20,1.32,1.0819,100,1.34,1.0983,3,1.335,1.0942,343,0
SPY190724P300,2019-07-23,2019-07-23 09:37:38,1.35,1.1065,1,1.34,1.0983,1,1.34,1.0983,3,1.345,1.1024,343,0
SPY190724P300,2019-07-23,2019-07-23 09:37:38,1.35,1.1065,11,1.32,1.0819,100,1.34,1.0983,3,1.335,1.0942,343,0
SPY190724P300,2019-07-23,2019-07-23 09:37:39,1.36,1.1147,7,1.34,1.0983,44,1.35,1.1065,1,1.35,1.1065,344,0
SPY190724P300,2019-07-23,2019-07-23 09:37:39,1.36,1.1147,7,1.35,1.1065,1,1.35,1.1065,1,1.355,1.1106,344,1
SPY190724P300,2019-07-23,2019-07-23 09:37:40,1.36,1.1147,7,1.34,1.0983,59,1.35,1.1065,1,1.35,1.1065,344,0
SPY190724P300,2019-07-23,2019-07-23 09:37:41,1.38,1.1311,1,1.35,1.1065,171,1.35,1.1065,1,1.365,1.1188,344,0
SPY190724P300,2019-07-23,2019-07-23 09:37:41,1.36,1.1147,7,1.34,1.0983,130,1.35,1.1065,1,1.35,1.1065,344,0
SPY190724P300,2019-07-23,2019-07-23 09:37:42,1.4,1.1475,101,1.37,1.1229,6,1.35,1.1065,1,1.385,1.1352,344,0
SPY190724P300,2019-07-23,2019-07-23 09:37:42,1.39,1.1393,10,1.36,1.1147,7,1.35,1.1065,1,1.375,1.127,344,0
SPY190724P300,2019-07-23,2019-07-23 09:37:43,1.4,1.1475,10,1.37,1.1229,170,1.35,1.1065,1,1.385,1.1352,344,0
SPY190724P300,2019-07-23,2019-07-23 09:37:44,1.4,1.1475,10,1.37,1.1229,170,1.35,1.1065,1,1.385,1.1352,344,0
SPY190724P300,2019-07-23,2019-07-23 09:37:44,1.4,1.1475,1,1.37,1.1229,170,1.35,1.1065,1,1.385,1.1352,344,0
SPY190724P300,2019-07-23,2019-07-23 09:37:45,1.4,1.1475,1,1.37,1.1229,170,1.35,1.1065,1,1.385,1.1352,344,0
SPY190724P300,2019-07-23,2019-07-23 09:37:46,1.4,1.1475,1,1.37,1.1229,171,1.35,1.1065,1,1.385,1.1352,344,0
SPY190724P300,2019-07-23,2019-07-23 09:37:47,1.41,1.1557,7,1.38,1.1311,62,1.35,1.1065,1,1.395,1.1434,344,0
SPY190724P300,2019-07-23,2019-07-23 09:37:47,1.4,1.1475,1,1.38,1.1311,1,1.35,1.1065,1,1.39,1.1393,344,0
SPY190724P300,2019-07-23,2019-07-23 09:37:48,1.42,1.1639,1,1.39,1.1393,170,1.35,1.1065,1,1.405,1.1516,344,0
SPY190724P300,2019-07-23,2019-07-23 09:37:49,1.43,1.1721,101,1.39,1.1393,181,1.35,1.1065,1,1.41,1.1557,344,0
SPY190724P300,2019-07-23,2019-07-23 09:37:50,1.44,1.1803,100,1.4,1.1475,180,1.35,1.1065,1,1.42,1.1639,344,0
SPY190724P300,2019-07-23,2019-07-23 09:37:50,1.43,1.1721,10,1.4,1.1475,66,1.35,1.1065,1,1.415,1.1598,344,0
SPY190724P300,2019-07-23,2019-07-23 09:37:51,1.43,1.1721,10,1.4,1.1475,175,1.42,1.1639,100,1.415,1.1598,444,100
SPY190724P300,2019-07-23,2019-07-23 09:37:52,1.42,1.1639,10,1.4,1.1475,39,1.42,1.1639,100,1.41,1.1557,444,0
SPY190724P300,2019-07-23,2019-07-23 09:37:52,1.42,1.1639,16,1.39,1.1393,170,1.42,1.1639,100,1.405,1.1516,444,0
SPY190724P300,2019-07-23,2019-07-23 09:37:53,1.42,1.1639,15,1.39,1.1393,170,1.42,1.1639,100,1.405,1.1516,444,0
SPY190724P300,2019-07-23,2019-07-23 09:37:54,1.41,1.1557,20,1.38,1.1311,164,1.42,1.1639,100,1.395,1.1434,444,0
SPY190724P300,2019-07-23,2019-07-23 09:37:54,1.42,1.1639,16,1.39,1.1393,222,1.42,1.1639,100,1.405,1.1516,444,0
SPY190724P300,2019-07-23,2019-07-23 09:37:55,1.4,1.1475,1,1.38,1.1311,164,1.42,1.1639,100,1.39,1.1393,444,0
SPY190724P300,2019-07-23,2019-07-23 09:37:56,1.42,1.1639,10,1.39,1.1393,164,1.42,1.1639,100,1.405,1.1516,444,0
SPY190724P300,2019-07-23,2019-07-23 09:37:56,1.42,1.1639,101,1.39,1.1393,164,1.42,1.1639,100,1.405,1.1516,444,0
SPY190724P300,2019-07-23,2019-07-23 09:37:57,1.42,1.1639,10,1.39,1.1393,164,1.42,1.1639,100,1.405,1.1516,444,0
SPY190724P300,2019-07-23,2019-07-23 09:37:57,1.42,1.1639,1,1.39,1.1393,46,1.46,1.1967,10,1.405,1.1516,466,22
SPY190724P300,2019-07-23,2019-07-23 09:37:58,1.47,1.2049,10,1.42,1.1639,125,1.46,1.1967,10,1.445,1.1844,466,0
SPY190724P300,2019-07-23,2019-07-23 09:37:58,1.47,1.2049,10,1.41,1.1557,1,1.46,1.1967,10,1.44,1.1803,466,0
SPY190724P300,2019-07-23,2019-07-23 09:37:59,1.5,1.2295,6,1.46,1.1967,125,1.46,1.1967,10,1.48,1.2131,466,0
SPY190724P300,2019-07-23,2019-07-23 09:38:00,1.54,1.2622,1,1.52,1.2459,1,1.52,1.2459,5,1.53,1.254,471,5
SPY190724P300,2019-07-23,2019-07-23 09:38:00,1.54,1.2622,1,1.51,1.2377,170,1.52,1.2459,5,1.525,1.25,471,0
SPY190724P300,2019-07-23,2019-07-23 09:38:01,1.54,1.2622,1,1.51,1.2377,170,1.52,1.2459,5,1.525,1.25,471,0
SPY190724P300,2019-07-23,2019-07-23 09:38:02,1.54,1.2622,6,1.51,1.2377,111,1.52,1.2459,5,1.525,1.25,471,0
SPY190724P300,2019-07-23,2019-07-23 09:38:02,1.53,1.254,100,1.49,1.2213,162,1.52,1.2459,5,1.51,1.2377,471,0
SPY190724P300,2019-07-23,2019-07-23 09:38:03,1.52,1.2459,1,1.49,1.2213,6,1.49,1.2213,50,1.505,1.2336,571,100
SPY190724P300,2019-07-23,2019-07-23 09:38:04,1.5,1.2295,100,1.48,1.2131,1,1.49,1.2213,50,1.49,1.2213,571,0
SPY190724P300,2019-07-23,2019-07-23 09:38:04,1.52,1.2459,1,1.49,1.2213,1,1.49,1.2213,50,1.505,1.2336,571,0
SPY190724P300,2019-07-23,2019-07-23 09:38:05,1.49,1.2213,100,1.47,1.2049,11,1.49,1.2213,50,1.48,1.2131,571,0
SPY190724P300,2019-07-23,2019-07-23 09:38:05,1.49,1.2213,127,1.45,1.1885,163,1.49,1.2213,50,1.47,1.2049,571,0
SPY190724P300,2019-07-23,2019-07-23 09:38:06,1.48,1.2131,101,1.46,1.1967,110,1.45,1.1885,5,1.47,1.2049,576,5
SPY190724P300,2019-07-23,2019-07-23 09:38:06,1.48,1.2131,134,1.44,1.1803,174,1.49,1.2213,50,1.46,1.1967,571,0
SPY190724P300,2019-07-23,2019-07-23 09:38:07,1.49,1.2213,9,1.46,1.1967,100,1.45,1.1885,5,1.475,1.209,576,0
SPY190724P300,2019-07-23,2019-07-23 09:38:08,1.49,1.2213,6,1.46,1.1967,100,1.45,1.1885,5,1.475,1.209,576,0
SPY190724P300,2019-07-23,2019-07-23 09:38:08,1.49,1.2213,10,1.46,1.1967,100,1.45,1.1885,5,1.475,1.209,576,0
SPY190724P300,2019-07-23,2019-07-23 09:38:09,1.48,1.2131,1,1.46,1.1967,110,1.45,1.1885,5,1.47,1.2049,576,0
SPY190724P300,2019-07-23,2019-07-23 09:38:10,1.49,1.2213,10,1.45,1.1885,164,1.45,1.1885,5,1.47,1.2049,576,0
SPY190724P300,2019-07-23,2019-07-23 09:38:11,1.5,1.2295,1,1.47,1.2049,20,1.45,1.1885,5,1.485,1.2172,576,0
SPY190724P300,2019-07-23,2019-07-23 09:38:11,1.48,1.2131,1,1.46,1.1967,10,1.45,1.1885,5,1.47,1.2049,576,0
SPY190724P300,2019-07-23,2019-07-23 09:38:12,1.5,1.2295,1,1.47,1.2049,85,1.45,1.1885,5,1.485,1.2172,576,0
SPY190724P300,2019-07-23,2019-07-23 09:38:13,1.52,1.2459,101,1.49,1.2213,11,1.45,1.1885,5,1.505,1.2336,576,0
SPY190724P300,2019-07-23,2019-07-23 09:38:14,1.51,1.2377,20,1.48,1.2131,41,1.5,1.2295,1,1.495,1.2254,577,0
SPY190724P300,2019-07-23,2019-07-23 09:38:14,1.51,1.2377,10,1.5,1.2295,101,1.5,1.2295,1,1.505,1.2336,577,1
SPY190724P300,2019-07-23,2019-07-23 09:38:15,1.51,1.2377,1,1.48,1.2131,101,1.5,1.2295,1,1.495,1.2254,577,0
SPY190724P300,2019-07-23,2019-07-23 09:38:16,1.52,1.2459,11,1.49,1.2213,10,1.5,1.2295,1,1.505,1.2336,577,0
SPY190724P300,2019-07-23,2019-07-23 09:38:16,1.52,1.2459,7,1.49,1.2213,7,1.5,1.2295,1,1.505,1.2336,577,0
SPY190724P300,2019-07-23,2019-07-23 09:38:18,1.51,1.2377,10,1.48,1.2131,100,1.5,1.2295,1,1.495,1.2254,577,0
SPY190724P300,2019-07-23,2019-07-23 09:38:18,1.51,1.2377,31,1.47,1.2049,44,1.5,1.2295,1,1.49,1.2213,577,0
SPY190724P300,2019-07-23,2019-07-23 09:38:19,1.5,1.2295,10,1.47,1.2049,30,1.5,1.2295,1,1.485,1.2172,577,0
SPY190724P300,2019-07-23,2019-07-23 09:38:19,1.51,1.2377,100,1.47,1.2049,163,1.5,1.2295,1,1.49,1.2213,577,0
SPY190724P300,2019-07-23,2019-07-23 09:38:20,1.5,1.2295,1,1.47,1.2049,51,1.5,1.2295,1,1.485,1.2172,577,0
SPY190724P300,2019-07-23,2019-07-23 09:38:21,1.5,1.2295,16,1.47,1.2049,61,1.5,1.2295,1,1.485,1.2172,577,0
SPY190724P300,2019-07-23,2019-07-23 09:38:21,1.5,1.2295,15,1.47,1.2049,9,1.5,1.2295,1,1.485,1.2172,577,0
SPY190724P300,2019-07-23,2019-07-23 09:38:22,1.5,1.2295,10,1.47,1.2049,10,1.5,1.2295,1,1.485,1.2172,577,0
SPY190724P300,2019-07-23,2019-07-23 09:38:23,1.5,1.2295,10,1.47,1.2049,44,1.5,1.2295,1,1.485,1.2172,577,0
SPY190724P300,2019-07-23,2019-07-23 09:38:23,1.5,1.2295,10,1.46,1.1967,164,1.5,1.2295,1,1.48,1.2131,577,0
SPY190724P300,2019-07-23,2019-07-23 09:38:24,1.5,1.2295,10,1.46,1.1967,169,1.5,1.2295,1,1.48,1.2131,577,0
SPY190724P300,2019-07-23,2019-07-23 09:38:25,1.5,1.2295,1,1.47,1.2049,55,1.5,1.2295,1,1.485,1.2172,577,0
SPY190724P300,2019-07-23,2019-07-23 09:38:26,1.52,1.2459,37,1.48,1.2131,1,1.49,1.2213,2,1.5,1.2295,580,0
SPY190724P300,2019-07-23,2019-07-23 09:38:26,1.51,1.2377,20,1.49,1.2213,1,1.49,1.2213,2,1.5,1.2295,580,3
SPY190724P300,2019-07-23,2019-07-23 09:38:27,1.52,1.2459,10,1.49,1.2213,132,1.49,1.2213,2,1.505,1.2336,580,0
SPY190724P300,2019-07-23,2019-07-23 09:38:27,1.53,1.254,63,1.49,1.2213,131,1.49,1.2213,2,1.51,1.2377,580,0
SPY190724P300,2019-07-23,2019-07-23 09:38:28,1.52,1.2459,10,1.49,1.2213,110,1.49,1.2213,9,1.505,1.2336,680,100
SPY190724P300,2019-07-23,2019-07-23 09:38:29,1.52,1.2459,10,1.49,1.2213,17,1.49,1.2213,9,1.505,1.2336,680,0
SPY190724P300,2019-07-23,2019-07-23 09:38:30,1.51,1.2377,6,1.48,1.2131,159,1.49,1.2213,9,1.495,1.2254,680,0
SPY190724P300,2019-07-23,2019-07-23 09:38:30,1.53,1.254,162,1.49,1.2213,7,1.49,1.2213,9,1.51,1.2377,680,0
SPY190724P300,2019-07-23,2019-07-23 09:38:31,1.52,1.2459,6,1.49,1.2213,51,1.49,1.2213,9,1.505,1.2336,680,0
SPY190724P300,2019-07-23,2019-07-23 09:38:32,1.52,1.2459,12,1.49,1.2213,61,1.49,1.2213,9,1.505,1.2336,680,0
SPY190724P300,2019-07-23,2019-07-23 09:38:32,1.52,1.2459,6,1.49,1.2213,61,1.49,1.2213,9,1.505,1.2336,680,0
SPY190724P300,2019-07-23,2019-07-23 09:38:33,1.52,1.2459,10,1.49,1.2213,61,1.49,1.2213,9,1.505,1.2336,680,0
SPY190724P300,2019-07-23,2019-07-23 09:38:34,1.52,1.2459,10,1.48,1.2131,100,1.49,1.2213,9,1.5,1.2295,680,0
SPY190724P300,2019-07-23,2019-07-23 09:38:35,1.51,1.2377,54,1.48,1.2131,110,1.51,1.2377,1,1.495,1.2254,681,1
SPY190724P300,2019-07-23,2019-07-23 09:38:35,1.51,1.2377,54,1.48,1.2131,110,1.51,1.2377,1,1.495,1.2254,681,0
SPY190724P300,2019-07-23,2019-07-23 09:38:36,1.51,1.2377,54,1.48,1.2131,110,1.51,1.2377,1,1.495,1.2254,681,0
SPY190724P300,2019-07-23,2019-07-23 09:38:37,1.51,1.2377,54,1.48,1.2131,110,1.51,1.2377,1,1.495,1.2254,681,0
SPY190724P300,2019-07-23,2019-07-23 09:38:38,1.5,1.2295,7,1.48,1.2131,7,1.51,1.2377,1,1.49,1.2213,681,0
SPY190724P300,2019-07-23,2019-07-23 09:38:39,1.5,1.2295,10,1.48,1.2131,7,1.51,1.2377,1,1.49,1.2213,681,0
SPY190724P300,2019-07-23,2019-07-23 09:38:39,1.5,1.2295,1,1.48,1.2131,7,1.51,1.2377,1,1.49,1.2213,681,0
SPY190724P300,2019-07-23,2019-07-23 09:38:40,1.5,1.2295,1,1.47,1.2049,178,1.51,1.2377,1,1.485,1.2172,681,0
SPY190724P300,2019-07-23,2019-07-23 09:38:40,1.49,1.2213,1,1.47,1.2049,10,1.49,1.2213,30,1.48,1.2131,711,30
SPY190724P300,2019-07-23,2019-07-23 09:38:41,1.5,1.2295,140,1.47,1.2049,100,1.49,1.2213,30,1.485,1.2172,711,0
SPY190724P300,2019-07-23,2019-07-23 09:38:42,1.49,1.2213,10,1.46,1.1967,163,1.49,1.2213,30,1.475,1.209,711,0
SPY190724P300,2019-07-23,2019-07-23 09:38:43,1.48,1.2131,7,1.45,1.1885,164,1.49,1.2213,30,1.465,1.2008,711,0
SPY190724P300,2019-07-23,2019-07-23 09:38:44,1.47,1.2049,10,1.45,1.1885,8,1.49,1.2213,30,1.46,1.1967,711,0
SPY190724P300,2019-07-23,2019-07-23 09:38:44,1.48,1.2131,11,1.45,1.1885,110,1.49,1.2213,30,1.465,1.2008,711,0
SPY190724P300,2019-07-23,2019-07-23 09:38:45,1.49,1.2213,163,1.45,1.1885,148,1.49,1.2213,30,1.47,1.2049,711,0
SPY190724P300,2019-07-23,2019-07-23 09:38:45,1.47,1.2049,10,1.45,1.1885,8,1.49,1.2213,30,1.46,1.1967,711,0
SPY190724P300,2019-07-23,2019-07-23 09:38:46,1.48,1.2131,1,1.45,1.1885,153,1.49,1.2213,30,1.465,1.2008,711,0
SPY190724P300,2019-07-23,2019-07-23 09:38:47,1.49,1.2213,10,1.46,1.1967,86,1.49,1.2213,30,1.475,1.209,711,0
SPY190724P300,2019-07-23,2019-07-23 09:38:47,1.49,1.2213,10,1.46,1.1967,7,1.49,1.2213,30,1.475,1.209,711,0
SPY190724P300,2019-07-23,2019-07-23 09:38:48,1.5,1.2295,7,1.47,1.2049,154,1.49,1.2213,30,1.485,1.2172,711,0
SPY190724P300,2019-07-23,2019-07-23 09:38:48,1.49,1.2213,10,1.46,1.1967,86,1.49,1.2213,30,1.475,1.209,711,0
SPY190724P300,2019-07-23,2019-07-23 09:38:49,1.51,1.2377,101,1.47,1.2049,169,1.49,1.2213,30,1.49,1.2213,711,0
SPY190724P300,2019-07-23,2019-07-23 09:38:50,1.51,1.2377,17,1.47,1.2049,169,1.49,1.2213,30,1.49,1.2213,711,0
SPY190724P300,2019-07-23,2019-07-23 09:38:50,1.51,1.2377,101,1.47,1.2049,169,1.49,1.2213,30,1.49,1.2213,711,0
SPY190724P300,2019-07-23,2019-07-23 09:38:51,1.51,1.2377,17,1.47,1.2049,169,1.49,1.2213,30,1.49,1.2213,711,0
SPY190724P300,2019-07-23,2019-07-23 09:38:52,1.51,1.2377,4,1.49,1.2213,157,1.49,1.2213,30,1.5,1.2295,711,0
SPY190724P300,2019-07-23,2019-07-23 09:38:53,1.51,1.2377,4,1.49,1.2213,179,1.49,1.2213,30,1.5,1.2295,711,0
SPY190724P300,2019-07-23,2019-07-23 09:38:54,1.51,1.2377,4,1.49,1.2213,179,1.49,1.2213,30,1.5,1.2295,711,0
SPY190724P300,2019-07-23,2019-07-23 09:38:55,1.51,1.2377,4,1.49,1.2213,179,1.49,1.2213,30,1.5,1.2295,711,0
SPY190724P300,2019-07-23,2019-07-23 09:38:56,1.51,1.2377,4,1.49,1.2213,179,1.49,1.2213,30,1.5,1.2295,711,0
SPY190724P300,2019-07-23,2019-07-23 09:38:57,1.51,1.2377,4,1.49,1.2213,179,1.51,1.2377,4,1.5,1.2295,711,0
SPY190724P300,2019-07-23,2019-07-23 09:38:58,1.54,1.2622,15,1.5,1.2295,178,1.51,1.2377,4,1.52,1.2459,715,4
SPY190724P300,2019-07-23,2019-07-23 09:38:58,1.51,1.2377,20,1.48,1.2131,6,1.51,1.2377,4,1.495,1.2254,715,0
SPY190724P300,2019-07-23,2019-07-23 09:38:59,1.51,1.2377,10,1.48,1.2131,7,1.51,1.2377,4,1.495,1.2254,715,0
SPY190724P300,2019-07-23,2019-07-23 09:38:59,1.51,1.2377,10,1.48,1.2131,10,1.51,1.2377,4,1.495,1.2254,715,0
SPY190724P300,2019-07-23,2019-07-23 09:39:00,1.51,1.2377,10,1.48,1.2131,8,1.51,1.2377,4,1.495,1.2254,715,0
SPY190724P300,2019-07-23,2019-07-23 09:39:01,1.49,1.2213,10,1.46,1.1967,50,1.51,1.2377,4,1.475,1.209,715,0
SPY190724P300,2019-07-23,2019-07-23 09:39:01,1.47,1.2049,1,1.45,1.1885,169,1.47,1.2049,1,1.46,1.1967,826,111
SPY190724P300,2019-07-23,2019-07-23 09:39:02,1.49,1.2213,101,1.45,1.1885,193,1.47,1.2049,1,1.47,1.2049,826,0
SPY190724P300,2019-07-23,2019-07-23 09:39:02,1.5,1.2295,1,1.48,1.2131,100,1.47,1.2049,1,1.49,1.2213,826,0
SPY190724P300,2019-07-23,2019-07-23 09:39:03,1.5,1.2295,7,1.47,1.2049,7,1.47,1.2049,1,1.485,1.2172,826,0
SPY190724P300,2019-07-23,2019-07-23 09:39:04,1.5,1.2295,7,1.47,1.2049,7,1.47,1.2049,1,1.485,1.2172,826,0
SPY190724P300,2019-07-23,2019-07-23 09:39:04,1.5,1.2295,101,1.47,1.2049,11,1.47,1.2049,1,1.485,1.2172,826,0
SPY190724P300,2019-07-23,2019-07-23 09:39:05,1.5,1.2295,10,1.47,1.2049,11,1.47,1.2049,1,1.485,1.2172,826,0
SPY190724P300,2019-07-23,2019-07-23 09:39:05,1.5,1.2295,10,1.47,1.2049,173,1.47,1.2049,1,1.485,1.2172,826,0
SPY190724P300,2019-07-23,2019-07-23 09:39:06,1.5,1.2295,10,1.47,1.2049,88,1.47,1.2049,1,1.485,1.2172,826,0
SPY190724P300,2019-07-23,2019-07-23 09:39:06,1.5,1.2295,10,1.47,1.2049,78,1.47,1.2049,1,1.485,1.2172,826,0
SPY190724P300,2019-07-23,2019-07-23 09:39:07,1.5,1.2295,10,1.47,1.2049,88,1.47,1.2049,1,1.485,1.2172,826,0
SPY190724P300,2019-07-23,2019-07-23 09:39:08,1.5,1.2295,10,1.47,1.2049,88,1.47,1.2049,1,1.485,1.2172,826,0
SPY190724P300,2019-07-23,2019-07-23 09:39:09,1.5,1.2295,10,1.47,1.2049,88,1.47,1.2049,1,1.485,1.2172,826,0
SPY190724P300,2019-07-23,2019-07-23 09:39:10,1.5,1.2295,10,1.47,1.2049,173,1.47,1.2049,1,1.485,1.2172,826,0
SPY190724P300,2019-07-23,2019-07-23 09:39:11,1.5,1.2295,10,1.47,1.2049,173,1.47,1.2049,1,1.485,1.2172,826,0
SPY190724P300,2019-07-23,2019-07-23 09:39:11,1.5,1.2295,100,1.47,1.2049,163,1.47,1.2049,1,1.485,1.2172,826,0
SPY190724P300,2019-07-23,2019-07-23 09:39:12,1.5,1.2295,100,1.47,1.2049,163,1.47,1.2049,1,1.485,1.2172,826,0
SPY190724P300,2019-07-23,2019-07-23 09:39:12,1.5,1.2295,110,1.47,1.2049,163,1.47,1.2049,1,1.485,1.2172,826,0
SPY190724P300,2019-07-23,2019-07-23 09:39:13,1.49,1.2213,10,1.46,1.1967,91,1.47,1.2049,1,1.475,1.209,826,0
SPY190724P300,2019-07-23,2019-07-23 09:39:14,1.49,1.2213,10,1.46,1.1967,101,1.47,1.2049,1,1.475,1.209,826,0
SPY190724P300,2019-07-23,2019-07-23 09:39:15,1.48,1.2131,7,1.46,1.1967,6,1.47,1.2049,1,1.47,1.2049,826,0
SPY190724P300,2019-07-23,2019-07-23 09:39:15,1.49,1.2213,10,1.46,1.1967,101,1.47,1.2049,1,1.475,1.209,826,0
SPY190724P300,2019-07-23,2019-07-23 09:39:16,1.49,1.2213,101,1.46,1.1967,74,1.47,1.2049,1,1.475,1.209,826,0
SPY190724P300,2019-07-23,2019-07-23 09:39:16,1.49,1.2213,101,1.46,1.1967,33,1.47,1.2049,1,1.475,1.209,826,0
SPY190724P300,2019-07-23,2019-07-23 09:39:17,1.48,1.2131,7,1.46,1.1967,72,1.47,1.2049,1,1.47,1.2049,826,0
SPY190724P300,2019-07-23,2019-07-23 09:39:17,1.49,1.2213,11,1.46,1.1967,72,1.47,1.2049,1,1.475,1.209,826,0
SPY190724P300,2019-07-23,2019-07-23 09:39:18,1.51,1.2377,10,1.46,1.1967,100,1.47,1.2049,1,1.485,1.2172,826,0
SPY190724P300,2019-07-23,2019-07-23 09:39:19,1.51,1.2377,17,1.47,1.2049,100,1.47,1.2049,1,1.49,1.2213,826,0
SPY190724P300,2019-07-23,2019-07-23 09:39:19,1.51,1.2377,20,1.47,1.2049,48,1.47,1.2049,1,1.49,1.2213,826,0
SPY190724P300,2019-07-23,2019-07-23 09:39:20,1.53,1.254,102,1.5,1.2295,1,1.47,1.2049,1,1.515,1.2418,826,0
SPY190724P300,2019-07-23,2019-07-23 09:39:21,1.53,1.254,102,1.49,1.2213,174,1.47,1.2049,1,1.51,1.2377,826,0
SPY190724P300,2019-07-23,2019-07-23 09:39:21,1.52,1.2459,7,1.49,1.2213,155,1.47,1.2049,1,1.505,1.2336,826,0
SPY190724P300,2019-07-23,2019-07-23 09:39:22,1.52,1.2459,6,1.49,1.2213,7,1.47,1.2049,1,1.505,1.2336,826,0
SPY190724P300,2019-07-23,2019-07-23 09:39:22,1.52,1.2459,10,1.49,1.2213,105,1.47,1.2049,1,1.505,1.2336,826,0
SPY190724P300,2019-07-23,2019-07-23 09:39:23,1.53,1.254,101,1.5,1.2295,84,1.47,1.2049,1,1.515,1.2418,826,0
SPY190724P300,2019-07-23,2019-07-23 09:39:24,1.54,1.2622,111,1.5,1.2295,178,1.47,1.2049,1,1.52,1.2459,826,0
SPY190724P300,2019-07-23,2019-07-23 09:39:24,1.54,1.2622,100,1.5,1.2295,84,1.47,1.2049,1,1.52,1.2459,826,0
SPY190724P300,2019-07-23,2019-07-23 09:39:25,1.54,1.2622,111,1.5,1.2295,178,1.47,1.2049,1,1.52,1.2459,826,0
SPY190724P300,2019-07-23,2019-07-23 09:39:25,1.53,1.254,1,1.5,1.2295,6,1.47,1.2049,1,1.515,1.2418,826,0
SPY190724P300,2019-07-23,2019-07-23 09:39:26,1.53,1.254,101,1.5,1.2295,49,1.47,1.2049,1,1.515,1.2418,826,0
SPY190724P300,2019-07-23,2019-07-23 09:39:27,1.52,1.2459,10,1.49,1.2213,99,1.47,1.2049,1,1.505,1.2336,826,0
SPY190724P300,2019-07-23,2019-07-23 09:39:27,1.53,1.254,101,1.49,1.2213,59,1.47,1.2049,1,1.51,1.2377,826,0
SPY190724P300,2019-07-23,2019-07-23 09:39:28,1.51,1.2377,7,1.49,1.2213,8,1.47,1.2049,1,1.5,1.2295,826,0
SPY190724P300,2019-07-23,2019-07-23 09:39:28,1.51,1.2377,101,1.47,1.2049,6,1.47,1.2049,1,1.49,1.2213,826,0
SPY190724P300,2019-07-23,2019-07-23 09:39:29,1.49,1.2213,100,1.46,1.1967,7,1.47,1.2049,1,1.475,1.209,826,0
SPY190724P300,2019-07-23,2019-07-23 09:39:30,1.5,1.2295,100,1.47,1.2049,7,1.47,1.2049,1,1.485,1.2172,826,0
SPY190724P300,2019-07-23,2019-07-23 09:39:30,1.5,1.2295,100,1.47,1.2049,6,1.47,1.2049,1,1.485,1.2172,826,0
SPY190724P300,2019-07-23,2019-07-23 09:39:31,1.5,1.2295,17,1.47,1.2049,10,1.47,1.2049,1,1.485,1.2172,826,0
SPY190724P300,2019-07-23,2019-07-23 09:39:31,1.5,1.2295,101,1.47,1.2049,10,1.47,1.2049,1,1.485,1.2172,826,0
SPY190724P300,2019-07-23,2019-07-23 09:39:32,1.5,1.2295,6,1.47,1.2049,10,1.47,1.2049,1,1.485,1.2172,826,0
SPY190724P300,2019-07-23,2019-07-23 09:39:33,1.5,1.2295,7,1.47,1.2049,169,1.47,1.2049,1,1.485,1.2172,826,0
SPY190724P300,2019-07-23,2019-07-23 09:39:33,1.5,1.2295,1,1.47,1.2049,169,1.47,1.2049,1,1.485,1.2172,826,0
SPY190724P300,2019-07-23,2019-07-23 09:39:34,1.52,1.2459,6,1.48,1.2131,7,1.47,1.2049,1,1.5,1.2295,826,0
SPY190724P300,2019-07-23,2019-07-23 09:39:34,1.52,1.2459,6,1.49,1.2213,7,1.47,1.2049,1,1.505,1.2336,826,0
SPY190724P300,2019-07-23,2019-07-23 09:39:35,1.53,1.254,101,1.49,1.2213,13,1.47,1.2049,1,1.51,1.2377,826,0
SPY190724P300,2019-07-23,2019-07-23 09:39:35,1.53,1.254,101,1.49,1.2213,92,1.47,1.2049,1,1.51,1.2377,826,0
SPY190724P300,2019-07-23,2019-07-23 09:39:36,1.52,1.2459,8,1.49,1.2213,92,1.47,1.2049,1,1.505,1.2336,826,0
SPY190724P300,2019-07-23,2019-07-23 09:39:37,1.52,1.2459,8,1.49,1.2213,74,1.47,1.2049,1,1.505,1.2336,826,0
SPY190724P300,2019-07-23,2019-07-23 09:39:37,1.52,1.2459,1,1.49,1.2213,74,1.47,1.2049,1,1.505,1.2336,826,0
SPY190724P300,2019-07-23,2019-07-23 09:39:38,1.52,1.2459,1,1.49,1.2213,74,1.47,1.2049,1,1.505,1.2336,826,0
SPY190724P300,2019-07-23,2019-07-23 09:39:39,1.52,1.2459,1,1.49,1.2213,113,1.47,1.2049,1,1.505,1.2336,826,0
SPY190724P300,2019-07-23,2019-07-23 09:39:39,1.52,1.2459,1,1.49,1.2213,74,1.47,1.2049,1,1.505,1.2336,826,0
SPY190724P300,2019-07-23,2019-07-23 09:39:40,1.52,1.2459,1,1.49,1.2213,113,1.47,1.2049,1,1.505,1.2336,826,0
SPY190724P300,2019-07-23,2019-07-23 09:39:41,1.52,1.2459,1,1.49,1.2213,85,1.47,1.2049,1,1.505,1.2336,826,0
SPY190724P300,2019-07-23,2019-07-23 09:39:41,1.52,1.2459,1,1.49,1.2213,101,1.47,1.2049,1,1.505,1.2336,826,0
SPY190724P300,2019-07-23,2019-07-23 09:39:42,1.52,1.2459,1,1.49,1.2213,140,1.47,1.2049,1,1.505,1.2336,826,0
SPY190724P300,2019-07-23,2019-07-23 09:39:42,1.52,1.2459,1,1.49,1.2213,101,1.47,1.2049,1,1.505,1.2336,826,0
SPY190724P300,2019-07-23,2019-07-23 09:39:43,1.52,1.2459,20,1.49,1.2213,97,1.47,1.2049,1,1.505,1.2336,826,0
SPY190724P300,2019-07-23,2019-07-23 09:39:44,1.51,1.2377,1,1.49,1.2213,34,1.47,1.2049,1,1.5,1.2295,826,0
SPY190724P300,2019-07-23,2019-07-23 09:39:44,1.51,1.2377,101,1.48,1.2131,51,1.47,1.2049,1,1.495,1.2254,826,0
SPY190724P300,2019-07-23,2019-07-23 09:39:45,1.53,1.254,129,1.48,1.2131,49,1.47,1.2049,1,1.505,1.2336,826,0
SPY190724P300,2019-07-23,2019-07-23 09:39:45,1.52,1.2459,20,1.49,1.2213,6,1.47,1.2049,1,1.505,1.2336,826,0
SPY190724P300,2019-07-23,2019-07-23 09:39:46,1.52,1.2459,10,1.49,1.2213,34,1.47,1.2049,1,1.505,1.2336,826,0
SPY190724P300,2019-07-23,2019-07-23 09:39:46,1.52,1.2459,10,1.49,1.2213,7,1.47,1.2049,1,1.505,1.2336,826,0
SPY190724P300,2019-07-23,2019-07-23 09:39:47,1.51,1.2377,101,1.48,1.2131,100,1.47,1.2049,1,1.495,1.2254,826,0
SPY190724P300,2019-07-23,2019-07-23 09:39:47,1.5,1.2295,12,1.48,1.2131,10,1.47,1.2049,1,1.49,1.2213,826,0
SPY190724P300,2019-07-23,2019-07-23 09:39:48,1.5,1.2295,12,1.47,1.2049,111,1.47,1.2049,1,1.485,1.2172,826,0
SPY190724P300,2019-07-23,2019-07-23 09:39:49,1.5,1.2295,11,1.47,1.2049,100,1.47,1.2049,1,1.485,1.2172,826,0
SPY190724P300,2019-07-23,2019-07-23 09:39:49,1.51,1.2377,111,1.47,1.2049,100,1.47,1.2049,1,1.49,1.2213,826,0
SPY190724P300,2019-07-23,2019-07-23 09:39:50,1.5,1.2295,101,1.46,1.1967,169,1.47,1.2049,1,1.48,1.2131,826,0
SPY190724P300,2019-07-23,2019-07-23 09:39:51,1.49,1.2213,110,1.45,1.1885,179,1.47,1.2049,1,1.47,1.2049,826,0
SPY190724P300,2019-07-23,2019-07-23 09:39:52,1.5,1.2295,101,1.48,1.2131,1,1.47,1.2049,1,1.49,1.2213,826,0
SPY190724P300,2019-07-23,2019-07-23 09:39:52,1.48,1.2131,1,1.46,1.1967,6,1.47,1.2049,1,1.47,1.2049,826,0
SPY190724P300,2019-07-23,2019-07-23 09:39:53,1.5,1.2295,10,1.47,1.2049,20,1.47,1.2049,1,1.485,1.2172,826,0
SPY190724P300,2019-07-23,2019-07-23 09:39:53,1.51,1.2377,101,1.47,1.2049,103,1.47,1.2049,1,1.49,1.2213,826,0
SPY190724P300,2019-07-23,2019-07-23 09:39:54,1.53,1.254,101,1.48,1.2131,168,1.47,1.2049,1,1.505,1.2336,826,0
SPY190724P300,2019-07-23,2019-07-23 09:39:54,1.52,1.2459,6,1.49,1.2213,53,1.47,1.2049,1,1.505,1.2336,826,0
SPY190724P300,2019-07-23,2019-07-23 09:39:55,1.52,1.2459,101,1.49,1.2213,64,1.47,1.2049,1,1.505,1.2336,826,0
SPY190724P300,2019-07-23,2019-07-23 09:39:56,1.52,1.2459,101,1.49,1.2213,69,1.47,1.2049,1,1.505,1.2336,826,0
SPY190724P300,2019-07-23,2019-07-23 09:39:56,1.52,1.2459,1,1.49,1.2213,69,1.47,1.2049,1,1.505,1.2336,826,0
SPY190724P300,2019-07-23,2019-07-23 09:39:57,1.52,1.2459,101,1.5,1.2295,1,1.5,1.2295,2,1.51,1.2377,831,5
SPY190724P300,2019-07-23,2019-07-23 09:39:57,1.52,1.2459,101,1.49,1.2213,64,1.5,1.2295,2,1.505,1.2336,831,0
SPY190724P300,2019-07-23,2019-07-23 09:39:58,1.52,1.2459,101,1.49,1.2213,63,1.5,1.2295,2,1.505,1.2336,831,0
SPY190724P300,2019-07-23,2019-07-23 09:39:59,1.52,1.2459,101,1.49,1.2213,20,1.5,1.2295,2,1.505,1.2336,831,0
SPY190724P300,2019-07-23,2019-07-23 09:40:00,1.52,1.2459,101,1.49,1.2213,20,1.5,1.2295,2,1.505,1.2336,831,0
SPY190724P300,2019-07-23,2019-07-23 09:40:00,1.52,1.2459,101,1.49,1.2213,17,1.5,1.2295,2,1.505,1.2336,831,0
SPY190724P300,2019-07-23,2019-07-23 09:40:01,1.51,1.2377,11,1.48,1.2131,7,1.5,1.2295,2,1.495,1.2254,831,0
SPY190724P300,2019-07-23,2019-07-23 09:40:01,1.51,1.2377,11,1.48,1.2131,13,1.5,1.2295,2,1.495,1.2254,831,0
SPY190724P300,2019-07-23,2019-07-23 09:40:02,1.5,1.2295,100,1.47,1.2049,10,1.5,1.2295,2,1.485,1.2172,831,0
SPY190724P300,2019-07-23,2019-07-23 09:40:02,1.51,1.2377,11,1.48,1.2131,6,1.5,1.2295,2,1.495,1.2254,831,0
SPY190724P300,2019-07-23,2019-07-23 09:40:03,1.5,1.2295,101,1.48,1.2131,7,1.5,1.2295,2,1.49,1.2213,831,0
SPY190724P300,2019-07-23,2019-07-23 09:40:04,1.5,1.2295,100,1.47,1.2049,20,1.48,1.2131,1,1.485,1.2172,833,2
SPY190724P300,2019-07-23,2019-07-23 09:40:04,1.5,1.2295,101,1.46,1.1967,10,1.5,1.2295,2,1.48,1.2131,831,0
SPY190724P300,2019-07-23,2019-07-23 09:40:05,1.51,1.2377,107,1.47,1.2049,20,1.48,1.2131,1,1.49,1.2213,833,0
SPY190724P300,2019-07-23,2019-07-23 09:40:05,1.5,1.2295,100,1.48,1.2131,1,1.48,1.2131,1,1.49,1.2213,833,0
SPY190724P300,2019-07-23,2019-07-23 09:40:06,1.51,1.2377,107,1.48,1.2131,11,1.48,1.2131,1,1.495,1.2254,833,0
SPY190724P300,2019-07-23,2019-07-23 09:40:06,1.51,1.2377,107,1.48,1.2131,7,1.48,1.2131,1,1.495,1.2254,833,0
SPY190724P300,2019-07-23,2019-07-23 09:40:07,1.51,1.2377,107,1.48,1.2131,7,1.48,1.2131,1,1.495,1.2254,833,0
SPY190724P300,2019-07-23,2019-07-23 09:40:08,1.51,1.2377,107,1.48,1.2131,10,1.48,1.2131,1,1.495,1.2254,833,0
SPY190724P300,2019-07-23,2019-07-23 09:40:08,1.51,1.2377,107,1.48,1.2131,20,1.48,1.2131,1,1.495,1.2254,833,0
SPY190724P300,2019-07-23,2019-07-23 09:40:09,1.51,1.2377,101,1.48,1.2131,20,1.48,1.2131,1,1.495,1.2254,833,0
SPY190724P300,2019-07-23,2019-07-23 09:40:09,1.51,1.2377,107,1.48,1.2131,10,1.48,1.2131,1,1.495,1.2254,833,0
SPY190724P300,2019-07-23,2019-07-23 09:40:10,1.51,1.2377,111,1.48,1.2131,20,1.48,1.2131,1,1.495,1.2254,833,0
SPY190724P300,2019-07-23,2019-07-23 09:40:11,1.51,1.2377,111,1.48,1.2131,10,1.48,1.2131,1,1.495,1.2254,833,0
SPY190724P300,2019-07-23,2019-07-23 09:40:11,1.51,1.2377,111,1.48,1.2131,20,1.48,1.2131,1,1.495,1.2254,833,0
SPY190724P300,2019-07-23,2019-07-23 09:40:12,1.51,1.2377,111,1.48,1.2131,10,1.48,1.2131,1,1.495,1.2254,833,0
SPY190724P300,2019-07-23,2019-07-23 09:40:13,1.51,1.2377,111,1.47,1.2049,10,1.48,1.2131,1,1.49,1.2213,833,0
SPY190724P300,2019-07-23,2019-07-23 09:40:14,1.49,1.2213,100,1.48,1.2131,10,1.48,1.2131,1,1.485,1.2172,833,0
SPY190724P300,2019-07-23,2019-07-23 09:40:14,1.5,1.2295,101,1.48,1.2131,10,1.48,1.2131,1,1.49,1.2213,833,0
SPY190724P300,2019-07-23,2019-07-23 09:40:15,1.5,1.2295,101,1.48,1.2131,10,1.48,1.2131,1,1.49,1.2213,833,0
SPY190724P300,2019-07-23,2019-07-23 09:40:16,1.5,1.2295,101,1.48,1.2131,10,1.48,1.2131,1,1.49,1.2213,833,0
SPY190724P300,2019-07-23,2019-07-23 09:40:17,1.5,1.2295,101,1.48,1.2131,10,1.48,1.2131,1,1.49,1.2213,833,0
SPY190724P300,2019-07-23,2019-07-23 09:40:18,1.5,1.2295,101,1.48,1.2131,1,1.48,1.2131,1,1.49,1.2213,833,0
SPY190724P300,2019-07-23,2019-07-23 09:40:18,1.5,1.2295,101,1.48,1.2131,10,1.48,1.2131,1,1.49,1.2213,833,0
SPY190724P300,2019-07-23,2019-07-23 09:40:19,1.5,1.2295,100,1.48,1.2131,10,1.48,1.2131,1,1.49,1.2213,833,0
SPY190724P300,2019-07-23,2019-07-23 09:40:20,1.5,1.2295,100,1.48,1.2131,1,1.48,1.2131,1,1.49,1.2213,833,0
SPY190724P300,2019-07-23,2019-07-23 09:40:21,1.5,1.2295,100,1.48,1.2131,10,1.48,1.2131,1,1.49,1.2213,833,0
SPY190724P300,2019-07-23,2019-07-23 09:40:22,1.51,1.2377,101,1.48,1.2131,20,1.48,1.2131,1,1.495,1.2254,833,0
SPY190724P300,2019-07-23,2019-07-23 09:40:22,1.51,1.2377,101,1.48,1.2131,10,1.48,1.2131,1,1.495,1.2254,833,0
SPY190724P300,2019-07-23,2019-07-23 09:40:23,1.5,1.2295,1,1.48,1.2131,10,1.48,1.2131,1,1.49,1.2213,833,0
SPY190724P300,2019-07-23,2019-07-23 09:40:23,1.51,1.2377,101,1.48,1.2131,10,1.48,1.2131,1,1.495,1.2254,833,0
SPY190724P300,2019-07-23,2019-07-23 09:40:24,1.5,1.2295,1,1.48,1.2131,10,1.48,1.2131,1,1.49,1.2213,833,0
SPY190724P300,2019-07-23,2019-07-23 09:40:24,1.5,1.2295,1,1.48,1.2131,11,1.48,1.2131,1,1.49,1.2213,833,0
SPY190724P300,2019-07-23,2019-07-23 09:40:25,1.5,1.2295,100,1.48,1.2131,11,1.48,1.2131,1,1.49,1.2213,833,0
SPY190724P300,2019-07-23,2019-07-23 09:40:26,1.5,1.2295,110,1.48,1.2131,11,1.48,1.2131,1,1.49,1.2213,833,0
SPY190724P300,2019-07-23,2019-07-23 09:40:26,1.5,1.2295,100,1.48,1.2131,11,1.48,1.2131,1,1.49,1.2213,833,0
SPY190724P300,2019-07-23,2019-07-23 09:40:27,1.5,1.2295,6,1.48,1.2131,7,1.48,1.2131,1,1.49,1.2213,833,0
SPY190724P300,2019-07-23,2019-07-23 09:40:27,1.5,1.2295,100,1.48,1.2131,1,1.48,1.2131,1,1.49,1.2213,833,0
SPY190724P300,2019-07-23,2019-07-23 09:40:28,1.5,1.2295,100,1.48,1.2131,10,1.48,1.2131,1,1.49,1.2213,833,0
SPY190724P300,2019-07-23,2019-07-23 09:40:28,1.5,1.2295,100,1.48,1.2131,17,1.48,1.2131,1,1.49,1.2213,833,0
SPY190724P300,2019-07-23,2019-07-23 09:40:29,1.51,1.2377,111,1.48,1.2131,17,1.48,1.2131,1,1.495,1.2254,833,0
SPY190724P300,2019-07-23,2019-07-23 09:40:29,1.51,1.2377,5,1.48,1.2131,11,1.48,1.2131,1,1.495,1.2254,833,0
SPY190724P300,2019-07-23,2019-07-23 09:40:30,1.52,1.2459,164,1.48,1.2131,20,1.48,1.2131,1,1.5,1.2295,833,0
SPY190724P300,2019-07-23,2019-07-23 09:40:31,1.52,1.2459,164,1.48,1.2131,11,1.48,1.2131,1,1.5,1.2295,833,0
SPY190724P300,2019-07-23,2019-07-23 09:40:32,1.52,1.2459,164,1.48,1.2131,10,1.48,1.2131,1,1.5,1.2295,833,0
SPY190724P300,2019-07-23,2019-07-23 09:40:33,1.51,1.2377,20,1.48,1.2131,6,1.48,1.2131,1,1.495,1.2254,833,0
SPY190724P300,2019-07-23,2019-07-23 09:40:33,1.5,1.2295,100,1.48,1.2131,6,1.48,1.2131,1,1.49,1.2213,833,0
SPY190724P300,2019-07-23,2019-07-23 09:40:34,1.5,1.2295,101,1.47,1.2049,20,1.48,1.2131,1,1.485,1.2172,833,0
SPY190724P300,2019-07-23,2019-07-23 09:40:34,1.5,1.2295,10,1.48,1.2131,7,1.48,1.2131,1,1.49,1.2213,833,0
SPY190724P300,2019-07-23,2019-07-23 09:40:35,1.5,1.2295,10,1.48,1.2131,1,1.48,1.2131,1,1.49,1.2213,833,0
SPY190724P300,2019-07-23,2019-07-23 09:40:36,1.49,1.2213,110,1.47,1.2049,10,1.48,1.2131,1,1.48,1.2131,833,0
SPY190724P300,2019-07-23,2019-07-23 09:40:37,1.49,1.2213,110,1.46,1.1967,17,1.48,1.2131,1,1.475,1.209,833,0
SPY190724P300,2019-07-23,2019-07-23 09:40:37,1.5,1.2295,100,1.47,1.2049,136,1.48,1.2131,1,1.485,1.2172,833,0
SPY190724P300,2019-07-23,2019-07-23 09:40:38,1.5,1.2295,100,1.47,1.2049,20,1.49,1.2213,10,1.485,1.2172,843,10
SPY190724P300,2019-07-23,2019-07-23 09:40:38,1.51,1.2377,7,1.48,1.2131,7,1.48,1.2131,1,1.495,1.2254,833,0
SPY190724P300,2019-07-23,2019-07-23 09:40:39,1.49,1.2213,6,1.47,1.2049,20,1.49,1.2213,10,1.48,1.2131,843,0
SPY190724P300,2019-07-23,2019-07-23 09:40:40,1.49,1.2213,1,1.47,1.2049,17,1.49,1.2213,10,1.48,1.2131,843,0
SPY190724P300,2019-07-23,2019-07-23 09:40:41,1.49,1.2213,1,1.47,1.2049,10,1.49,1.2213,10,1.48,1.2131,843,0
SPY190724P300,2019-07-23,2019-07-23 09:40:42,1.49,1.2213,6,1.47,1.2049,11,1.49,1.2213,10,1.48,1.2131,843,0
SPY190724P300,2019-07-23,2019-07-23 09:40:43,1.49,1.2213,10,1.47,1.2049,11,1.49,1.2213,10,1.48,1.2131,843,0
SPY190724P300,2019-07-23,2019-07-23 09:40:43,1.49,1.2213,1,1.48,1.2131,1,1.49,1.2213,10,1.485,1.2172,843,0
SPY190724P300,2019-07-23,2019-07-23 09:40:44,1.49,1.2213,1,1.48,1.2131,1,1.49,1.2213,10,1.485,1.2172,843,0
SPY190724P300,2019-07-23,2019-07-23 09:40:45,1.49,1.2213,1,1.48,1.2131,1,1.49,1.2213,10,1.485,1.2172,843,0
SPY190724P300,2019-07-23,2019-07-23 09:40:46,1.49,1.2213,1,1.48,1.2131,7,1.49,1.2213,10,1.485,1.2172,843,0
SPY190724P300,2019-07-23,2019-07-23 09:40:47,1.49,1.2213,1,1.48,1.2131,1,1.49,1.2213,10,1.485,1.2172,843,0
SPY190724P300,2019-07-23,2019-07-23 09:40:47,1.49,1.2213,112,1.46,1.1967,20,1.49,1.2213,10,1.475,1.209,843,0
SPY190724P300,2019-07-23,2019-07-23 09:40:48,1.49,1.2213,112,1.46,1.1967,20,1.49,1.2213,10,1.475,1.209,843,0
SPY190724P300,2019-07-23,2019-07-23 09:40:49,1.49,1.2213,112,1.46,1.1967,20,1.49,1.2213,10,1.475,1.209,843,0
SPY190724P300,2019-07-23,2019-07-23 09:40:50,1.49,1.2213,112,1.46,1.1967,17,1.49,1.2213,10,1.475,1.209,843,0
SPY190724P300,2019-07-23,2019-07-23 09:40:50,1.49,1.2213,112,1.46,1.1967,20,1.49,1.2213,10,1.475,1.209,843,0
SPY190724P300,2019-07-23,2019-07-23 09:40:51,1.49,1.2213,6,1.46,1.1967,163,1.49,1.2213,10,1.475,1.209,843,0
SPY190724P300,2019-07-23,2019-07-23 09:40:51,1.49,1.2213,10,1.47,1.2049,8,1.49,1.2213,10,1.48,1.2131,843,0
SPY190724P300,2019-07-23,2019-07-23 09:40:52,1.49,1.2213,1,1.47,1.2049,10,1.49,1.2213,10,1.48,1.2131,843,0
SPY190724P300,2019-07-23,2019-07-23 09:40:53,1.49,1.2213,1,1.47,1.2049,10,1.49,1.2213,10,1.48,1.2131,843,0
SPY190724P300,2019-07-23,2019-07-23 09:40:53,1.49,1.2213,1,1.48,1.2131,10,1.49,1.2213,10,1.485,1.2172,843,0
SPY190724P300,2019-07-23,2019-07-23 09:40:54,1.49,1.2213,101,1.46,1.1967,7,1.49,1.2213,10,1.475,1.209,843,0
SPY190724P300,2019-07-23,2019-07-23 09:40:55,1.49,1.2213,101,1.46,1.1967,20,1.49,1.2213,10,1.475,1.209,843,0
SPY190724P300,2019-07-23,2019-07-23 09:40:56,1.49,1.2213,6,1.47,1.2049,1,1.49,1.2213,10,1.48,1.2131,843,0
SPY190724P300,2019-07-23,2019-07-23 09:40:57,1.49,1.2213,12,1.47,1.2049,1,1.49,1.2213,10,1.48,1.2131,843,0
SPY190724P300,2019-07-23,2019-07-23 09:40:57,1.49,1.2213,8,1.46,1.1967,20,1.49,1.2213,10,1.475,1.209,843,0
SPY190724P300,2019-07-23,2019-07-23 09:40:58,1.49,1.2213,8,1.46,1.1967,10,1.49,1.2213,10,1.475,1.209,843,0
SPY190724P300,2019-07-23,2019-07-23 09:40:58,1.49,1.2213,8,1.46,1.1967,20,1.49,1.2213,10,1.475,1.209,843,0
SPY190724P300,2019-07-23,2019-07-23 09:40:59,1.49,1.2213,8,1.46,1.1967,14,1.49,1.2213,10,1.475,1.209,843,0
SPY190724P300,2019-07-23,2019-07-23 09:41:00,1.49,1.2213,8,1.46,1.1967,9,1.49,1.2213,10,1.475,1.209,843,0
SPY190724P300,2019-07-23,2019-07-23 09:41:00,1.49,1.2213,8,1.46,1.1967,8,1.49,1.2213,10,1.475,1.209,843,0
SPY190724P300,2019-07-23,2019-07-23 09:41:01,1.49,1.2213,8,1.46,1.1967,8,1.49,1.2213,10,1.475,1.209,843,0
SPY190724P300,2019-07-23,2019-07-23 09:41:02,1.49,1.2213,109,1.46,1.1967,1,1.49,1.2213,10,1.475,1.209,843,0
SPY190724P300,2019-07-23,2019-07-23 09:41:03,1.49,1.2213,135,1.46,1.1967,7,1.49,1.2213,10,1.475,1.209,843,0
SPY190724P300,2019-07-23,2019-07-23 09:41:04,1.49,1.2213,135,1.45,1.1885,7,1.49,1.2213,10,1.47,1.2049,843,0
SPY190724P300,2019-07-23,2019-07-23 09:41:04,1.49,1.2213,172,1.45,1.1885,41,1.49,1.2213,10,1.47,1.2049,843,0
SPY190724P300,2019-07-23,2019-07-23 09:41:05,1.49,1.2213,109,1.47,1.2049,1,1.47,1.2049,2,1.48,1.2131,845,2
SPY190724P300,2019-07-23,2019-07-23 09:41:05,1.49,1.2213,109,1.45,1.1885,41,1.49,1.2213,10,1.47,1.2049,843,0
SPY190724P300,2019-07-23,2019-07-23 09:41:06,1.49,1.2213,109,1.46,1.1967,11,1.47,1.2049,2,1.475,1.209,845,0
SPY190724P300,2019-07-23,2019-07-23 09:41:06,1.49,1.2213,102,1.46,1.1967,11,1.47,1.2049,2,1.475,1.209,845,0
SPY190724P300,2019-07-23,2019-07-23 09:41:07,1.49,1.2213,102,1.46,1.1967,7,1.47,1.2049,2,1.475,1.209,845,0
SPY190724P300,2019-07-23,2019-07-23 09:41:07,1.49,1.2213,102,1.46,1.1967,9,1.47,1.2049,2,1.475,1.209,845,0
SPY190724P300,2019-07-23,2019-07-23 09:41:08,1.49,1.2213,102,1.46,1.1967,9,1.47,1.2049,2,1.475,1.209,845,0
SPY190724P300,2019-07-23,2019-07-23 09:41:09,1.49,1.2213,138,1.46,1.1967,2,1.47,1.2049,2,1.475,1.209,845,0
SPY190724P300,2019-07-23,2019-07-23 09:41:09,1.49,1.2213,102,1.46,1.1967,2,1.47,1.2049,2,1.475,1.209,845,0
SPY190724P300,2019-07-23,2019-07-23 09:41:10,1.49,1.2213,109,1.46,1.1967,7,1.47,1.2049,2,1.475,1.209,845,0
SPY190724P300,2019-07-23,2019-07-23 09:41:10,1.49,1.2213,138,1.46,1.1967,2,1.47,1.2049,2,1.475,1.209,845,0
SPY190724P300,2019-07-23,2019-07-23 09:41:11,1.49,1.2213,144,1.46,1.1967,1,1.47,1.2049,2,1.475,1.209,845,0
SPY190724P300,2019-07-23,2019-07-23 09:41:12,1.48,1.2131,7,1.46,1.1967,1,1.47,1.2049,2,1.47,1.2049,845,0
SPY190724P300,2019-07-23,2019-07-23 09:41:12,1.49,1.2213,144,1.46,1.1967,1,1.47,1.2049,2,1.475,1.209,845,0
SPY190724P300,2019-07-23,2019-07-23 09:41:13,1.48,1.2131,11,1.46,1.1967,1,1.47,1.2049,2,1.47,1.2049,845,0
SPY190724P300,2019-07-23,2019-07-23 09:41:14,1.49,1.2213,109,1.46,1.1967,1,1.46,1.1967,30,1.475,1.209,875,0
SPY190724P300,2019-07-23,2019-07-23 09:41:14,1.49,1.2213,109,1.46,1.1967,1,1.46,1.1967,30,1.475,1.209,875,30
SPY190724P300,2019-07-23,2019-07-23 09:41:15,1.49,1.2213,109,1.45,1.1885,70,1.46,1.1967,30,1.47,1.2049,875,0
SPY190724P300,2019-07-23,2019-07-23 09:41:15,1.48,1.2131,20,1.45,1.1885,70,1.46,1.1967,30,1.465,1.2008,875,0
SPY190724P300,2019-07-23,2019-07-23 09:41:16,1.48,1.2131,7,1.45,1.1885,70,1.46,1.1967,30,1.465,1.2008,875,0
SPY190724P300,2019-07-23,2019-07-23 09:41:17,1.48,1.2131,7,1.45,1.1885,79,1.46,1.1967,30,1.465,1.2008,875,0
SPY190724P300,2019-07-23,2019-07-23 09:41:18,1.48,1.2131,101,1.45,1.1885,64,1.46,1.1967,30,1.465,1.2008,875,0
SPY190724P300,2019-07-23,2019-07-23 09:41:18,1.48,1.2131,101,1.45,1.1885,79,1.46,1.1967,30,1.465,1.2008,875,0
SPY190724P300,2019-07-23,2019-07-23 09:41:19,1.48,1.2131,7,1.45,1.1885,74,1.46,1.1967,30,1.465,1.2008,875,0
SPY190724P300,2019-07-23,2019-07-23 09:41:19,1.48,1.2131,10,1.45,1.1885,14,1.46,1.1967,30,1.465,1.2008,875,0
SPY190724P300,2019-07-23,2019-07-23 09:41:20,1.48,1.2131,20,1.45,1.1885,53,1.46,1.1967,30,1.465,1.2008,875,0
SPY190724P300,2019-07-23,2019-07-23 09:41:20,1.49,1.2213,140,1.45,1.1885,53,1.46,1.1967,30,1.47,1.2049,875,0
SPY190724P300,2019-07-23,2019-07-23 09:41:21,1.49,1.2213,140,1.45,1.1885,134,1.45,1.1885,3,1.47,1.2049,885,10
SPY190724P300,2019-07-23,2019-07-23 09:41:21,1.49,1.2213,140,1.45,1.1885,59,1.46,1.1967,30,1.47,1.2049,875,0
SPY190724P300,2019-07-23,2019-07-23 09:41:22,1.47,1.2049,101,1.45,1.1885,41,1.45,1.1885,3,1.46,1.1967,885,0
SPY190724P300,2019-07-23,2019-07-23 09:41:23,1.49,1.2213,158,1.45,1.1885,105,1.45,1.1885,3,1.47,1.2049,885,0
SPY190724P300,2019-07-23,2019-07-23 09:41:23,1.47,1.2049,101,1.45,1.1885,20,1.45,1.1885,3,1.46,1.1967,885,0
SPY190724P300,2019-07-23,2019-07-23 09:41:24,1.49,1.2213,158,1.45,1.1885,105,1.45,1.1885,3,1.47,1.2049,885,0
SPY190724P300,2019-07-23,2019-07-23 09:41:24,1.49,1.2213,158,1.45,1.1885,111,1.45,1.1885,3,1.47,1.2049,885,0
SPY190724P300,2019-07-23,2019-07-23 09:41:25,1.48,1.2131,7,1.45,1.1885,11,1.45,1.1885,3,1.465,1.2008,885,0
SPY190724P300,2019-07-23,2019-07-23 09:41:25,1.48,1.2131,7,1.45,1.1885,61,1.45,1.1885,3,1.465,1.2008,885,0
SPY190724P300,2019-07-23,2019-07-23 09:41:26,1.48,1.2131,7,1.45,1.1885,61,1.45,1.1885,3,1.465,1.2008,885,0
SPY190724P300,2019-07-23,2019-07-23 09:41:27,1.48,1.2131,7,1.45,1.1885,61,1.45,1.1885,3,1.465,1.2008,885,0
SPY190724P300,2019-07-23,2019-07-23 09:41:27,1.48,1.2131,12,1.45,1.1885,61,1.45,1.1885,3,1.465,1.2008,885,0
SPY190724P300,2019-07-23,2019-07-23 09:41:28,1.48,1.2131,7,1.45,1.1885,61,1.45,1.1885,3,1.465,1.2008,885,0
SPY190724P300,2019-07-23,2019-07-23 09:41:28,1.48,1.2131,9,1.45,1.1885,61,1.45,1.1885,3,1.465,1.2008,885,0
SPY190724P300,2019-07-23,2019-07-23 09:41:29,1.48,1.2131,9,1.45,1.1885,80,1.45,1.1885,3,1.465,1.2008,885,0
SPY190724P300,2019-07-23,2019-07-23 09:41:29,1.48,1.2131,9,1.45,1.1885,61,1.45,1.1885,3,1.465,1.2008,885,0
SPY190724P300,2019-07-23,2019-07-23 09:41:30,1.5,1.2295,101,1.47,1.2049,92,1.45,1.1885,3,1.485,1.2172,885,0
SPY190724P300,2019-07-23,2019-07-23 09:41:30,1.5,1.2295,110,1.48,1.2131,10,1.45,1.1885,3,1.49,1.2213,885,0
SPY190724P300,2019-07-23,2019-07-23 09:41:31,1.49,1.2213,100,1.45,1.1885,101,1.45,1.1885,3,1.47,1.2049,885,0
SPY190724P300,2019-07-23,2019-07-23 09:41:32,1.48,1.2131,100,1.45,1.1885,64,1.45,1.1885,3,1.465,1.2008,885,0
SPY190724P300,2019-07-23,2019-07-23 09:41:32,1.48,1.2131,110,1.45,1.1885,74,1.45,1.1885,3,1.465,1.2008,885,0
SPY190724P300,2019-07-23,2019-07-23 09:41:33,1.48,1.2131,100,1.45,1.1885,20,1.45,1.1885,3,1.465,1.2008,885,0
SPY190724P300,2019-07-23,2019-07-23 09:41:33,1.47,1.2049,6,1.44,1.1803,74,1.45,1.1885,3,1.455,1.1926,885,0
SPY190724P300,2019-07-23,2019-07-23 09:41:34,1.48,1.2131,100,1.45,1.1885,20,1.45,1.1885,3,1.465,1.2008,885,0
SPY190724P300,2019-07-23,2019-07-23 09:41:35,1.48,1.2131,100,1.45,1.1885,74,1.45,1.1885,3,1.465,1.2008,885,0
SPY190724P300,2019-07-23,2019-07-23 09:41:35,1.48,1.2131,7,1.45,1.1885,74,1.45,1.1885,3,1.465,1.2008,885,0
SPY190724P300,2019-07-23,2019-07-23 09:41:36,1.47,1.2049,101,1.44,1.1803,7,1.45,1.1885,3,1.455,1.1926,885,0
SPY190724P300,2019-07-23,2019-07-23 09:41:36,1.47,1.2049,101,1.44,1.1803,31,1.45,1.1885,3,1.455,1.1926,885,0
SPY190724P300,2019-07-23,2019-07-23 09:41:37,1.47,1.2049,101,1.44,1.1803,11,1.45,1.1885,3,1.455,1.1926,885,0
SPY190724P300,2019-07-23,2019-07-23 09:41:37,1.47,1.2049,101,1.44,1.1803,1,1.45,1.1885,3,1.455,1.1926,885,0
SPY190724P300,2019-07-23,2019-07-23 09:41:38,1.47,1.2049,102,1.44,1.1803,1,1.45,1.1885,3,1.455,1.1926,885,0
SPY190724P300,2019-07-23,2019-07-23 09:41:38,1.47,1.2049,101,1.44,1.1803,11,1.45,1.1885,3,1.455,1.1926,885,0
SPY190724P300,2019-07-23,2019-07-23 09:41:39,1.47,1.2049,110,1.43,1.1721,81,1.45,1.1885,3,1.45,1.1885,885,0
SPY190724P300,2019-07-23,2019-07-23 09:41:39,1.47,1.2049,101,1.43,1.1721,81,1.45,1.1885,3,1.45,1.1885,885,0
SPY190724P300,2019-07-23,2019-07-23 09:41:40,1.47,1.2049,110,1.43,1.1721,81,1.45,1.1885,3,1.45,1.1885,885,0
SPY190724P300,2019-07-23,2019-07-23 09:41:41,1.46,1.1967,146,1.42,1.1639,10,1.45,1.1885,3,1.44,1.1803,885,0
SPY190724P300,2019-07-23,2019-07-23 09:41:42,1.46,1.1967,146,1.42,1.1639,10,1.45,1.1885,3,1.44,1.1803,885,0
SPY190724P300,2019-07-23,2019-07-23 09:41:43,1.44,1.1803,9,1.42,1.1639,10,1.45,1.1885,3,1.43,1.1721,885,0
SPY190724P300,2019-07-23,2019-07-23 09:41:43,1.44,1.1803,6,1.42,1.1639,10,1.45,1.1885,3,1.43,1.1721,885,0
SPY190724P300,2019-07-23,2019-07-23 09:41:44,1.47,1.2049,162,1.44,1.1803,1,1.44,1.1803,1,1.455,1.1926,886,0
SPY190724P300,2019-07-23,2019-07-23 09:41:44,1.44,1.1803,1,1.42,1.1639,10,1.44,1.1803,1,1.43,1.1721,886,1
SPY190724P300,2019-07-23,2019-07-23 09:41:45,1.46,1.1967,10,1.44,1.1803,7,1.44,1.1803,1,1.45,1.1885,886,0
SPY190724P300,2019-07-23,2019-07-23 09:41:46,1.46,1.1967,101,1.43,1.1721,20,1.44,1.1803,1,1.445,1.1844,886,0
SPY190724P300,2019-07-23,2019-07-23 09:41:46,1.46,1.1967,20,1.43,1.1721,20,1.44,1.1803,1,1.445,1.1844,886,0
SPY190724P300,2019-07-23,2019-07-23 09:41:47,1.46,1.1967,111,1.43,1.1721,15,1.44,1.1803,1,1.445,1.1844,886,0
SPY190724P300,2019-07-23,2019-07-23 09:41:48,1.46,1.1967,111,1.43,1.1721,15,1.44,1.1803,1,1.445,1.1844,886,0
SPY190724P300,2019-07-23,2019-07-23 09:41:48,1.46,1.1967,111,1.44,1.1803,1,1.44,1.1803,1,1.45,1.1885,886,0
SPY190724P300,2019-07-23,2019-07-23 09:41:49,1.45,1.1885,2,1.43,1.1721,20,1.44,1.1803,1,1.44,1.1803,886,0
SPY190724P300,2019-07-23,2019-07-23 09:41:50,1.45,1.1885,6,1.43,1.1721,20,1.44,1.1803,1,1.44,1.1803,886,0
SPY190724P300,2019-07-23,2019-07-23 09:41:51,1.45,1.1885,102,1.42,1.1639,61,1.44,1.1803,1,1.435,1.1762,886,0
SPY190724P300,2019-07-23,2019-07-23 09:41:51,1.45,1.1885,10,1.43,1.1721,20,1.44,1.1803,1,1.44,1.1803,886,0
SPY190724P300,2019-07-23,2019-07-23 09:41:52,1.45,1.1885,102,1.42,1.1639,10,1.44,1.1803,1,1.435,1.1762,886,0
SPY190724P300,2019-07-23,2019-07-23 09:41:52,1.45,1.1885,103,1.42,1.1639,10,1.44,1.1803,1,1.435,1.1762,886,0
SPY190724P300,2019-07-23,2019-07-23 09:41:53,1.49,1.2213,163,1.43,1.1721,6,1.46,1.1967,6,1.46,1.1967,892,6
SPY190724P300,2019-07-23,2019-07-23 09:41:53,1.45,1.1885,100,1.42,1.1639,10,1.44,1.1803,1,1.435,1.1762,886,0
SPY190724P300,2019-07-23,2019-07-23 09:41:54,1.49,1.2213,163,1.45,1.1885,1,1.46,1.1967,6,1.47,1.2049,892,0
SPY190724P300,2019-07-23,2019-07-23 09:41:55,1.47,1.2049,9,1.45,1.1885,7,1.46,1.1967,6,1.46,1.1967,892,0
SPY190724P300,2019-07-23,2019-07-23 09:41:55,1.47,1.2049,21,1.44,1.1803,11,1.46,1.1967,6,1.455,1.1926,892,0
SPY190724P300,2019-07-23,2019-07-23 09:41:56,1.47,1.2049,1,1.45,1.1885,1,1.46,1.1967,6,1.46,1.1967,892,0
SPY190724P300,2019-07-23,2019-07-23 09:41:56,1.48,1.2131,101,1.45,1.1885,1,1.46,1.1967,6,1.465,1.2008,892,0
SPY190724P300,2019-07-23,2019-07-23 09:41:57,1.48,1.2131,101,1.45,1.1885,1,1.46,1.1967,6,1.465,1.2008,892,0
SPY190724P300,2019-07-23,2019-07-23 09:41:57,1.48,1.2131,10,1.45,1.1885,10,1.46,1.1967,6,1.465,1.2008,892,0
SPY190724P300,2019-07-23,2019-07-23 09:41:58,1.48,1.2131,10,1.45,1.1885,10,1.46,1.1967,6,1.465,1.2008,892,0
SPY190724P300,2019-07-23,2019-07-23 09:41:59,1.48,1.2131,12,1.44,1.1803,7,1.46,1.1967,6,1.46,1.1967,892,0
SPY190724P300,2019-07-23,2019-07-23 09:41:59,1.48,1.2131,12,1.44,1.1803,10,1.46,1.1967,6,1.46,1.1967,892,0
SPY190724P300,2019-07-23,2019-07-23 09:42:00,1.46,1.1967,7,1.44,1.1803,10,1.46,1.1967,6,1.45,1.1885,892,0
SPY190724P300,2019-07-23,2019-07-23 09:42:00,1.47,1.2049,137,1.44,1.1803,10,1.46,1.1967,6,1.455,1.1926,892,0
SPY190724P300,2019-07-23,2019-07-23 09:42:01,1.46,1.1967,7,1.44,1.1803,10,1.46,1.1967,6,1.45,1.1885,892,0
SPY190724P300,2019-07-23,2019-07-23 09:42:01,1.46,1.1967,20,1.44,1.1803,10,1.46,1.1967,6,1.45,1.1885,892,0
SPY190724P300,2019-07-23,2019-07-23 09:42:02,1.46,1.1967,7,1.44,1.1803,10,1.46,1.1967,6,1.45,1.1885,892,0
SPY190724P300,2019-07-23,2019-07-23 09:42:03,1.47,1.2049,101,1.44,1.1803,7,1.46,1.1967,6,1.455,1.1926,892,0
SPY190724P300,2019-07-23,2019-07-23 09:42:03,1.47,1.2049,101,1.44,1.1803,10,1.46,1.1967,6,1.455,1.1926,892,0
SPY190724P300,2019-07-23,2019-07-23 09:42:04,1.48,1.2131,101,1.44,1.1803,134,1.44,1.1803,1,1.46,1.1967,893,0
SPY190724P300,2019-07-23,2019-07-23 09:42:04,1.47,1.2049,101,1.44,1.1803,7,1.44,1.1803,1,1.455,1.1926,893,1
SPY190724P300,2019-07-23,2019-07-23 09:42:05,1.48,1.2131,163,1.45,1.1885,16,1.44,1.1803,1,1.465,1.2008,893,0
SPY190724P300,2019-07-23,2019-07-23 09:42:05,1.48,1.2131,163,1.45,1.1885,7,1.44,1.1803,1,1.465,1.2008,893,0
SPY190724P300,2019-07-23,2019-07-23 09:42:06,1.48,1.2131,163,1.45,1.1885,10,1.44,1.1803,1,1.465,1.2008,893,0
SPY190724P300,2019-07-23,2019-07-23 09:42:07,1.47,1.2049,100,1.45,1.1885,1,1.44,1.1803,1,1.46,1.1967,893,0
SPY190724P300,2019-07-23,2019-07-23 09:42:08,1.47,1.2049,100,1.45,1.1885,16,1.44,1.1803,1,1.46,1.1967,893,0
SPY190724P300,2019-07-23,2019-07-23 09:42:08,1.48,1.2131,102,1.45,1.1885,10,1.44,1.1803,1,1.465,1.2008,893,0
SPY190724P300,2019-07-23,2019-07-23 09:42:09,1.48,1.2131,140,1.45,1.1885,20,1.44,1.1803,1,1.465,1.2008,893,0
SPY190724P300,2019-07-23,2019-07-23 09:42:09,1.48,1.2131,111,1.45,1.1885,10,1.44,1.1803,1,1.465,1.2008,893,0
SPY190724P300,2019-07-23,2019-07-23 09:42:10,1.48,1.2131,140,1.45,1.1885,20,1.44,1.1803,1,1.465,1.2008,893,0
SPY190724P300,2019-07-23,2019-07-23 09:42:11,1.48,1.2131,140,1.45,1.1885,20,1.44,1.1803,1,1.465,1.2008,893,0
SPY190724P300,2019-07-23,2019-07-23 09:42:12,1.48,1.2131,140,1.45,1.1885,10,1.44,1.1803,1,1.465,1.2008,893,0
SPY190724P300,2019-07-23,2019-07-23 09:42:12,1.48,1.2131,140,1.45,1.1885,1,1.44,1.1803,1,1.465,1.2008,893,0
SPY190724P300,2019-07-23,2019-07-23 09:42:13,1.48,1.2131,140,1.44,1.1803,20,1.44,1.1803,1,1.46,1.1967,893,0
SPY190724P300,2019-07-23,2019-07-23 09:42:13,1.46,1.1967,100,1.44,1.1803,20,1.44,1.1803,1,1.45,1.1885,893,0
SPY190724P300,2019-07-23,2019-07-23 09:42:14,1.46,1.1967,100,1.44,1.1803,10,1.44,1.1803,1,1.45,1.1885,893,0
SPY190724P300,2019-07-23,2019-07-23 09:42:15,1.46,1.1967,100,1.44,1.1803,10,1.44,1.1803,1,1.45,1.1885,893,0
SPY190724P300,2019-07-23,2019-07-23 09:42:16,1.46,1.1967,101,1.43,1.1721,20,1.44,1.1803,1,1.445,1.1844,893,0
SPY190724P300,2019-07-23,2019-07-23 09:42:16,1.46,1.1967,101,1.43,1.1721,10,1.44,1.1803,1,1.445,1.1844,893,0
SPY190724P300,2019-07-23,2019-07-23 09:42:17,1.45,1.1885,7,1.42,1.1639,7,1.44,1.1803,1,1.435,1.1762,893,0
SPY190724P300,2019-07-23,2019-07-23 09:42:18,1.45,1.1885,10,1.4,1.1475,1,1.44,1.1803,1,1.425,1.168,893,0
SPY190724P300,2019-07-23,2019-07-23 09:42:18,1.45,1.1885,10,1.41,1.1557,6,1.44,1.1803,1,1.43,1.1721,893,0
SPY190724P300,2019-07-23,2019-07-23 09:42:19,1.43,1.1721,110,1.4,1.1475,16,1.44,1.1803,1,1.415,1.1598,893,0
SPY190724P300,2019-07-23,2019-07-23 09:42:20,1.43,1.1721,110,1.4,1.1475,10,1.44,1.1803,1,1.415,1.1598,893,0
SPY190724P300,2019-07-23,2019-07-23 09:42:21,1.43,1.1721,110,1.4,1.1475,10,1.44,1.1803,1,1.415,1.1598,893,0
SPY190724P300,2019-07-23,2019-07-23 09:42:22,1.43,1.1721,110,1.4,1.1475,10,1.44,1.1803,1,1.415,1.1598,893,0
SPY190724P300,2019-07-23,2019-07-23 09:42:23,1.43,1.1721,146,1.4,1.1475,10,1.44,1.1803,1,1.415,1.1598,893,0
SPY190724P300,2019-07-23,2019-07-23 09:42:24,1.43,1.1721,156,1.4,1.1475,10,1.44,1.1803,1,1.415,1.1598,893,0
SPY190724P300,2019-07-23,2019-07-23 09:42:25,1.43,1.1721,156,1.4,1.1475,10,1.44,1.1803,1,1.415,1.1598,893,0
SPY190724P300,2019-07-23,2019-07-23 09:42:25,1.41,1.1557,110,1.38,1.1311,17,1.44,1.1803,1,1.395,1.1434,893,0
SPY190724P300,2019-07-23,2019-07-23 09:42:26,1.41,1.1557,111,1.39,1.1393,1,1.44,1.1803,1,1.4,1.1475,893,0
SPY190724P300,2019-07-23,2019-07-23 09:42:27,1.41,1.1557,111,1.39,1.1393,1,1.44,1.1803,1,1.4,1.1475,893,0
SPY190724P300,2019-07-23,2019-07-23 09:42:27,1.41,1.1557,111,1.38,1.1311,20,1.44,1.1803,1,1.395,1.1434,893,0
SPY190724P300,2019-07-23,2019-07-23 09:42:28,1.41,1.1557,139,1.38,1.1311,20,1.44,1.1803,1,1.395,1.1434,893,0
SPY190724P300,2019-07-23,2019-07-23 09:42:29,1.41,1.1557,139,1.38,1.1311,20,1.44,1.1803,1,1.395,1.1434,893,0
SPY190724P300,2019-07-23,2019-07-23 09:42:30,1.41,1.1557,139,1.38,1.1311,1,1.39,1.1393,1,1.395,1.1434,903,10
SPY190724P300,2019-07-23,2019-07-23 09:42:31,1.39,1.1393,101,1.36,1.1147,20,1.39,1.1393,1,1.375,1.127,904,1
SPY190724P300,2019-07-23,2019-07-23 09:42:31,1.39,1.1393,101,1.36,1.1147,20,1.39,1.1393,1,1.375,1.127,904,0
SPY190724P300,2019-07-23,2019-07-23 09:42:32,1.39,1.1393,3,1.36,1.1147,17,1.39,1.1393,1,1.375,1.127,904,0
SPY190724P300,2019-07-23,2019-07-23 09:42:32,1.39,1.1393,43,1.36,1.1147,10,1.39,1.1393,1,1.375,1.127,904,0
SPY190724P300,2019-07-23,2019-07-23 09:42:33,1.38,1.1311,2,1.36,1.1147,10,1.39,1.1393,1,1.37,1.1229,904,0
SPY190724P300,2019-07-23,2019-07-23 09:42:34,1.38,1.1311,6,1.36,1.1147,10,1.39,1.1393,1,1.37,1.1229,904,0
SPY190724P300,2019-07-23,2019-07-23 09:42:35,1.38,1.1311,6,1.36,1.1147,10,1.39,1.1393,1,1.37,1.1229,904,0
SPY190724P300,2019-07-23,2019-07-23 09:42:35,1.38,1.1311,2,1.36,1.1147,10,1.39,1.1393,1,1.37,1.1229,904,0
SPY190724P300,2019-07-23,2019-07-23 09:42:36,1.38,1.1311,2,1.36,1.1147,20,1.39,1.1393,1,1.37,1.1229,904,0
SPY190724P300,2019-07-23,2019-07-23 09:42:36,1.38,1.1311,2,1.37,1.1229,10,1.39,1.1393,1,1.375,1.127,904,0
SPY190724P300,2019-07-23,2019-07-23 09:42:37,1.39,1.1393,151,1.37,1.1229,10,1.39,1.1393,1,1.38,1.1311,904,0
SPY190724P300,2019-07-23,2019-07-23 09:42:37,1.38,1.1311,1,1.36,1.1147,1,1.39,1.1393,1,1.37,1.1229,904,0
SPY190724P300,2019-07-23,2019-07-23 09:42:38,1.38,1.1311,7,1.35,1.1065,7,1.39,1.1393,1,1.365,1.1188,904,0
SPY190724P300,2019-07-23,2019-07-23 09:42:39,1.37,1.1229,101,1.35,1.1065,7,1.37,1.1229,10,1.36,1.1147,914,0
SPY190724P300,2019-07-23,2019-07-23 09:42:39,1.38,1.1311,63,1.35,1.1065,1,1.37,1.1229,10,1.365,1.1188,914,10
SPY190724P300,2019-07-23,2019-07-23 09:42:40,1.37,1.1229,101,1.34,1.0983,20,1.37,1.1229,10,1.355,1.1106,914,0
SPY190724P300,2019-07-23,2019-07-23 09:42:41,1.37,1.1229,101,1.34,1.0983,31,1.37,1.1229,10,1.355,1.1106,914,0
SPY190724P300,2019-07-23,2019-07-23 09:42:41,1.37,1.1229,101,1.34,1.0983,33,1.37,1.1229,10,1.355,1.1106,914,0
SPY190724P300,2019-07-23,2019-07-23 09:42:42,1.37,1.1229,101,1.34,1.0983,43,1.37,1.1229,10,1.355,1.1106,914,0
SPY190724P300,2019-07-23,2019-07-23 09:42:42,1.37,1.1229,101,1.35,1.1065,7,1.37,1.1229,10,1.36,1.1147,914,0
