symbol,Date,quote_time,ask_price,norm_ask_price,ask_size,bid_price,norm_bid_price,bid_size,last_trade_price,norm_last_trade_price,last_trade_size,mark_price,norm_mark_price,volume,Volume
SPY190809P289,2019-08-08,2019-08-08 09:30:00,1.51,1.0,232,1.44,0.9536,232,2.64,1.7483,4,1.475,0.9768,0,0
SPY190809P289,2019-08-08,2019-08-08 09:30:01,1.49,0.9867,85,1.39,0.9205,85,1.44,0.9536,1,1.44,0.9536,1,0
SPY190809P289,2019-08-08,2019-08-08 09:30:01,1.5,0.9933,55,1.47,0.9735,5,1.44,0.9536,1,1.485,0.9834,1,1
SPY190809P289,2019-08-08,2019-08-08 09:30:02,1.48,0.9801,56,1.43,0.947,60,1.44,0.9536,1,1.455,0.9635,1,0
SPY190809P289,2019-08-08,2019-08-08 09:30:02,1.47,0.9735,5,1.43,0.947,5,1.44,0.9536,1,1.45,0.9602,1,0
SPY190809P289,2019-08-08,2019-08-08 09:30:03,1.47,0.9735,60,1.43,0.947,5,1.44,0.9536,1,1.45,0.9602,1,0
SPY190809P289,2019-08-08,2019-08-08 09:30:04,1.47,0.9735,60,1.42,0.9403,50,1.44,0.9536,1,1.445,0.9569,1,0
SPY190809P289,2019-08-08,2019-08-08 09:30:04,1.47,0.9735,60,1.42,0.9403,100,1.44,0.9536,1,1.445,0.9569,1,0
SPY190809P289,2019-08-08,2019-08-08 09:30:05,1.47,0.9735,60,1.42,0.9403,50,1.44,0.9536,1,1.445,0.9569,1,0
SPY190809P289,2019-08-08,2019-08-08 09:30:06,1.47,0.9735,60,1.41,0.9337,60,1.44,0.9536,1,1.44,0.9536,1,0
SPY190809P289,2019-08-08,2019-08-08 09:30:07,1.47,0.9735,60,1.41,0.9337,60,1.44,0.9536,1,1.44,0.9536,1,0
SPY190809P289,2019-08-08,2019-08-08 09:30:08,1.46,0.9668,55,1.42,0.9403,5,1.44,0.9536,1,1.44,0.9536,1,0
SPY190809P289,2019-08-08,2019-08-08 09:30:09,1.46,0.9668,97,1.42,0.9403,5,1.44,0.9536,1,1.44,0.9536,1,0
SPY190809P289,2019-08-08,2019-08-08 09:30:10,1.46,0.9668,97,1.42,0.9403,5,1.44,0.9536,1,1.44,0.9536,1,0
SPY190809P289,2019-08-08,2019-08-08 09:30:10,1.46,0.9668,60,1.41,0.9337,100,1.44,0.9536,1,1.435,0.9503,1,0
SPY190809P289,2019-08-08,2019-08-08 09:30:11,1.46,0.9668,60,1.41,0.9337,100,1.44,0.9536,1,1.435,0.9503,1,0
SPY190809P289,2019-08-08,2019-08-08 09:30:12,1.46,0.9668,60,1.41,0.9337,100,1.44,0.9536,1,1.435,0.9503,1,0
SPY190809P289,2019-08-08,2019-08-08 09:30:12,1.46,0.9668,60,1.41,0.9337,287,1.44,0.9536,1,1.435,0.9503,1,0
SPY190809P289,2019-08-08,2019-08-08 09:30:13,1.46,0.9668,60,1.42,0.9403,5,1.44,0.9536,1,1.44,0.9536,1,0
SPY190809P289,2019-08-08,2019-08-08 09:30:13,1.47,0.9735,163,1.42,0.9403,60,1.44,0.9536,1,1.445,0.9569,1,0
SPY190809P289,2019-08-08,2019-08-08 09:30:14,1.48,0.9801,450,1.39,0.9205,225,1.44,0.9536,1,1.435,0.9503,1,0
SPY190809P289,2019-08-08,2019-08-08 09:30:14,1.45,0.9602,163,1.42,0.9403,5,1.44,0.9536,1,1.435,0.9503,1,0
SPY190809P289,2019-08-08,2019-08-08 09:30:15,1.43,0.947,177,1.39,0.9205,121,1.44,0.9536,1,1.41,0.9337,1,0
SPY190809P289,2019-08-08,2019-08-08 09:30:15,1.44,0.9536,5,1.4,0.9271,5,1.44,0.9536,1,1.42,0.9403,1,0
SPY190809P289,2019-08-08,2019-08-08 09:30:16,1.42,0.9403,6,1.4,0.9271,16,1.44,0.9536,1,1.41,0.9337,1,0
SPY190809P289,2019-08-08,2019-08-08 09:30:16,1.43,0.947,5,1.39,0.9205,5,1.44,0.9536,1,1.41,0.9337,1,0
SPY190809P289,2019-08-08,2019-08-08 09:30:17,1.44,0.9536,100,1.41,0.9337,5,1.44,0.9536,1,1.425,0.9437,1,0
SPY190809P289,2019-08-08,2019-08-08 09:30:17,1.42,0.9403,58,1.4,0.9271,5,1.44,0.9536,1,1.41,0.9337,1,0
SPY190809P289,2019-08-08,2019-08-08 09:30:18,1.45,0.9602,100,1.41,0.9337,16,1.44,0.9536,1,1.43,0.947,1,0
SPY190809P289,2019-08-08,2019-08-08 09:30:18,1.48,0.9801,171,1.44,0.9536,5,1.44,0.9536,1,1.46,0.9668,1,0
SPY190809P289,2019-08-08,2019-08-08 09:30:19,1.47,0.9735,5,1.44,0.9536,5,1.44,0.9536,1,1.455,0.9635,1,0
SPY190809P289,2019-08-08,2019-08-08 09:30:19,1.48,0.9801,121,1.44,0.9536,5,1.44,0.9536,1,1.46,0.9668,1,0
SPY190809P289,2019-08-08,2019-08-08 09:30:20,1.48,0.9801,121,1.44,0.9536,100,1.44,0.9536,1,1.46,0.9668,2,1
SPY190809P289,2019-08-08,2019-08-08 09:30:20,1.48,0.9801,87,1.44,0.9536,12,1.44,0.9536,1,1.46,0.9668,2,0
SPY190809P289,2019-08-08,2019-08-08 09:30:21,1.47,0.9735,1,1.45,0.9602,12,1.47,0.9735,5,1.46,0.9668,13,0
SPY190809P289,2019-08-08,2019-08-08 09:30:21,1.47,0.9735,4,1.45,0.9602,12,1.47,0.9735,5,1.46,0.9668,13,11
SPY190809P289,2019-08-08,2019-08-08 09:30:22,1.48,0.9801,50,1.44,0.9536,225,1.47,0.9735,5,1.46,0.9668,13,0
SPY190809P289,2019-08-08,2019-08-08 09:30:22,1.53,1.0132,4,1.44,0.9536,275,1.47,0.9735,5,1.485,0.9834,13,0
SPY190809P289,2019-08-08,2019-08-08 09:30:23,1.47,0.9735,12,1.45,0.9602,12,1.47,0.9735,5,1.46,0.9668,13,0
SPY190809P289,2019-08-08,2019-08-08 09:30:23,1.47,0.9735,16,1.45,0.9602,12,1.47,0.9735,5,1.46,0.9668,13,0
SPY190809P289,2019-08-08,2019-08-08 09:30:24,1.45,0.9602,4,1.42,0.9403,58,1.47,0.9735,5,1.435,0.9503,13,0
SPY190809P289,2019-08-08,2019-08-08 09:30:24,1.45,0.9602,4,1.42,0.9403,100,1.45,0.9602,1,1.435,0.9503,14,1
SPY190809P289,2019-08-08,2019-08-08 09:30:25,1.45,0.9602,16,1.43,0.947,12,1.45,0.9602,1,1.44,0.9536,14,0
SPY190809P289,2019-08-08,2019-08-08 09:30:25,1.44,0.9536,4,1.42,0.9403,12,1.45,0.9602,1,1.43,0.947,14,0
SPY190809P289,2019-08-08,2019-08-08 09:30:26,1.44,0.9536,5,1.41,0.9337,225,1.45,0.9602,1,1.425,0.9437,14,0
SPY190809P289,2019-08-08,2019-08-08 09:30:26,1.44,0.9536,5,1.42,0.9403,12,1.45,0.9602,1,1.43,0.947,14,0
SPY190809P289,2019-08-08,2019-08-08 09:30:27,1.45,0.9602,5,1.41,0.9337,225,1.45,0.9602,1,1.43,0.947,14,0
SPY190809P289,2019-08-08,2019-08-08 09:30:27,1.44,0.9536,50,1.4,0.9271,225,1.45,0.9602,1,1.42,0.9403,14,0
SPY190809P289,2019-08-08,2019-08-08 09:30:28,1.44,0.9536,5,1.41,0.9337,5,1.45,0.9602,1,1.425,0.9437,14,0
SPY190809P289,2019-08-08,2019-08-08 09:30:28,1.44,0.9536,16,1.41,0.9337,16,1.45,0.9602,1,1.425,0.9437,14,0
SPY190809P289,2019-08-08,2019-08-08 09:30:29,1.45,0.9602,50,1.4,0.9271,275,1.45,0.9602,1,1.425,0.9437,14,0
SPY190809P289,2019-08-08,2019-08-08 09:30:29,1.44,0.9536,166,1.4,0.9271,121,1.45,0.9602,1,1.42,0.9403,14,0
SPY190809P289,2019-08-08,2019-08-08 09:30:30,1.44,0.9536,86,1.41,0.9337,5,1.45,0.9602,1,1.425,0.9437,14,0
SPY190809P289,2019-08-08,2019-08-08 09:30:31,1.44,0.9536,5,1.41,0.9337,5,1.45,0.9602,1,1.425,0.9437,14,0
SPY190809P289,2019-08-08,2019-08-08 09:30:31,1.44,0.9536,16,1.41,0.9337,16,1.45,0.9602,1,1.425,0.9437,14,0
SPY190809P289,2019-08-08,2019-08-08 09:30:32,1.44,0.9536,5,1.41,0.9337,5,1.45,0.9602,1,1.425,0.9437,14,0
SPY190809P289,2019-08-08,2019-08-08 09:30:32,1.44,0.9536,50,1.41,0.9337,121,1.45,0.9602,1,1.425,0.9437,14,0
SPY190809P289,2019-08-08,2019-08-08 09:30:33,1.44,0.9536,5,1.41,0.9337,5,1.45,0.9602,1,1.425,0.9437,14,0
SPY190809P289,2019-08-08,2019-08-08 09:30:34,1.43,0.947,4,1.41,0.9337,16,1.45,0.9602,1,1.42,0.9403,14,0
SPY190809P289,2019-08-08,2019-08-08 09:30:34,1.43,0.947,5,1.41,0.9337,4,1.45,0.9602,1,1.42,0.9403,14,0
SPY190809P289,2019-08-08,2019-08-08 09:30:35,1.43,0.947,5,1.41,0.9337,4,1.45,0.9602,1,1.42,0.9403,14,0
SPY190809P289,2019-08-08,2019-08-08 09:30:35,1.45,0.9602,61,1.39,0.9205,61,1.45,0.9602,1,1.42,0.9403,14,0
SPY190809P289,2019-08-08,2019-08-08 09:30:36,1.42,0.9403,171,1.39,0.9205,16,1.45,0.9602,1,1.405,0.9304,14,0
SPY190809P289,2019-08-08,2019-08-08 09:30:36,1.43,0.947,371,1.39,0.9205,5,1.45,0.9602,1,1.41,0.9337,14,0
SPY190809P289,2019-08-08,2019-08-08 09:30:37,1.42,0.9403,171,1.39,0.9205,16,1.45,0.9602,1,1.405,0.9304,14,0
SPY190809P289,2019-08-08,2019-08-08 09:30:38,1.41,0.9337,5,1.38,0.9139,5,1.45,0.9602,1,1.395,0.9238,14,0
SPY190809P289,2019-08-08,2019-08-08 09:30:38,1.4,0.9271,16,1.38,0.9139,16,1.45,0.9602,1,1.39,0.9205,14,0
SPY190809P289,2019-08-08,2019-08-08 09:30:39,1.4,0.9271,5,1.37,0.9072,5,1.45,0.9602,1,1.385,0.9172,14,0
SPY190809P289,2019-08-08,2019-08-08 09:30:39,1.41,0.9337,151,1.38,0.9139,96,1.45,0.9602,1,1.395,0.9238,14,0
SPY190809P289,2019-08-08,2019-08-08 09:30:40,1.4,0.9271,16,1.37,0.9072,16,1.45,0.9602,1,1.385,0.9172,14,0
SPY190809P289,2019-08-08,2019-08-08 09:30:40,1.41,0.9337,177,1.37,0.9072,5,1.45,0.9602,1,1.39,0.9205,14,0
SPY190809P289,2019-08-08,2019-08-08 09:30:41,1.41,0.9337,50,1.38,0.9139,5,1.45,0.9602,1,1.395,0.9238,14,0
SPY190809P289,2019-08-08,2019-08-08 09:30:41,1.41,0.9337,50,1.37,0.9072,171,1.45,0.9602,1,1.39,0.9205,14,0
SPY190809P289,2019-08-08,2019-08-08 09:30:42,1.4,0.9271,16,1.39,0.9205,16,1.45,0.9602,1,1.395,0.9238,14,0
SPY190809P289,2019-08-08,2019-08-08 09:30:42,1.4,0.9271,4,1.38,0.9139,5,1.45,0.9602,1,1.39,0.9205,14,0
SPY190809P289,2019-08-08,2019-08-08 09:30:43,1.4,0.9271,4,1.37,0.9072,5,1.45,0.9602,1,1.385,0.9172,14,0
SPY190809P289,2019-08-08,2019-08-08 09:30:43,1.4,0.9271,16,1.39,0.9205,16,1.45,0.9602,1,1.395,0.9238,14,0
SPY190809P289,2019-08-08,2019-08-08 09:30:44,1.41,0.9337,171,1.38,0.9139,5,1.45,0.9602,1,1.395,0.9238,14,0
SPY190809P289,2019-08-08,2019-08-08 09:30:44,1.41,0.9337,171,1.38,0.9139,110,1.45,0.9602,1,1.395,0.9238,14,0
SPY190809P289,2019-08-08,2019-08-08 09:30:45,1.42,0.9403,122,1.37,0.9072,3,1.45,0.9602,1,1.395,0.9238,14,0
SPY190809P289,2019-08-08,2019-08-08 09:30:45,1.42,0.9403,122,1.36,0.9006,60,1.45,0.9602,1,1.39,0.9205,14,0
SPY190809P289,2019-08-08,2019-08-08 09:30:46,1.41,0.9337,100,1.38,0.9139,5,1.45,0.9602,1,1.395,0.9238,14,0
SPY190809P289,2019-08-08,2019-08-08 09:30:46,1.4,0.9271,4,1.39,0.9205,16,1.45,0.9602,1,1.395,0.9238,14,0
SPY190809P289,2019-08-08,2019-08-08 09:30:47,1.4,0.9271,4,1.38,0.9139,4,1.45,0.9602,1,1.39,0.9205,14,0
SPY190809P289,2019-08-08,2019-08-08 09:30:47,1.41,0.9337,171,1.37,0.9072,171,1.45,0.9602,1,1.39,0.9205,14,0
SPY190809P289,2019-08-08,2019-08-08 09:30:48,1.4,0.9271,4,1.38,0.9139,5,1.45,0.9602,1,1.39,0.9205,14,0
SPY190809P289,2019-08-08,2019-08-08 09:30:48,1.4,0.9271,16,1.39,0.9205,16,1.45,0.9602,1,1.395,0.9238,14,0
SPY190809P289,2019-08-08,2019-08-08 09:30:49,1.41,0.9337,16,1.39,0.9205,16,1.45,0.9602,1,1.4,0.9271,14,0
SPY190809P289,2019-08-08,2019-08-08 09:30:49,1.4,0.9271,4,1.38,0.9139,5,1.45,0.9602,1,1.39,0.9205,14,0
SPY190809P289,2019-08-08,2019-08-08 09:30:50,1.42,0.9403,5,1.4,0.9271,34,1.45,0.9602,1,1.41,0.9337,14,0
SPY190809P289,2019-08-08,2019-08-08 09:30:50,1.41,0.9337,16,1.4,0.9271,16,1.45,0.9602,1,1.405,0.9304,14,0
SPY190809P289,2019-08-08,2019-08-08 09:30:51,1.42,0.9403,121,1.4,0.9271,4,1.45,0.9602,1,1.41,0.9337,14,0
SPY190809P289,2019-08-08,2019-08-08 09:30:52,1.42,0.9403,5,1.39,0.9205,91,1.45,0.9602,1,1.405,0.9304,14,0
SPY190809P289,2019-08-08,2019-08-08 09:30:52,1.42,0.9403,55,1.39,0.9205,101,1.45,0.9602,1,1.405,0.9304,14,0
SPY190809P289,2019-08-08,2019-08-08 09:30:53,1.41,0.9337,4,1.4,0.9271,84,1.45,0.9602,1,1.405,0.9304,14,0
SPY190809P289,2019-08-08,2019-08-08 09:30:53,1.43,0.947,5,1.39,0.9205,101,1.45,0.9602,1,1.41,0.9337,14,0
SPY190809P289,2019-08-08,2019-08-08 09:30:54,1.42,0.9403,100,1.38,0.9139,50,1.45,0.9602,1,1.4,0.9271,14,0
SPY190809P289,2019-08-08,2019-08-08 09:30:55,1.42,0.9403,100,1.38,0.9139,67,1.45,0.9602,1,1.4,0.9271,14,0
SPY190809P289,2019-08-08,2019-08-08 09:30:55,1.41,0.9337,5,1.38,0.9139,62,1.41,0.9337,10,1.395,0.9238,24,10
SPY190809P289,2019-08-08,2019-08-08 09:30:56,1.41,0.9337,97,1.39,0.9205,4,1.41,0.9337,10,1.4,0.9271,24,0
SPY190809P289,2019-08-08,2019-08-08 09:30:56,1.41,0.9337,97,1.39,0.9205,12,1.41,0.9337,10,1.4,0.9271,24,0
SPY190809P289,2019-08-08,2019-08-08 09:30:57,1.42,0.9403,12,1.38,0.9139,138,1.41,0.9337,10,1.4,0.9271,24,0
SPY190809P289,2019-08-08,2019-08-08 09:30:57,1.41,0.9337,5,1.38,0.9139,50,1.41,0.9337,10,1.395,0.9238,24,0
SPY190809P289,2019-08-08,2019-08-08 09:30:58,1.43,0.947,196,1.39,0.9205,81,1.41,0.9337,10,1.41,0.9337,24,0
SPY190809P289,2019-08-08,2019-08-08 09:30:58,1.43,0.947,196,1.39,0.9205,137,1.41,0.9337,10,1.41,0.9337,24,0
SPY190809P289,2019-08-08,2019-08-08 09:30:59,1.42,0.9403,16,1.41,0.9337,31,1.41,0.9337,10,1.415,0.937,24,0
SPY190809P289,2019-08-08,2019-08-08 09:30:59,1.43,0.947,196,1.4,0.9271,12,1.41,0.9337,10,1.415,0.937,24,0
SPY190809P289,2019-08-08,2019-08-08 09:31:00,1.43,0.947,121,1.41,0.9337,27,1.41,0.9337,10,1.42,0.9403,24,0
SPY190809P289,2019-08-08,2019-08-08 09:31:00,1.43,0.947,121,1.39,0.9205,235,1.41,0.9337,10,1.41,0.9337,24,0
SPY190809P289,2019-08-08,2019-08-08 09:31:01,1.45,0.9602,110,1.41,0.9337,92,1.47,0.9735,5,1.43,0.947,29,0
SPY190809P289,2019-08-08,2019-08-08 09:31:01,1.47,0.9735,121,1.42,0.9403,433,1.47,0.9735,5,1.445,0.9569,29,5
SPY190809P289,2019-08-08,2019-08-08 09:31:02,1.45,0.9602,112,1.42,0.9403,17,1.47,0.9735,5,1.435,0.9503,29,0
SPY190809P289,2019-08-08,2019-08-08 09:31:02,1.45,0.9602,100,1.42,0.9403,15,1.47,0.9735,5,1.435,0.9503,29,0
SPY190809P289,2019-08-08,2019-08-08 09:31:03,1.45,0.9602,100,1.41,0.9337,96,1.47,0.9735,5,1.43,0.947,29,0
SPY190809P289,2019-08-08,2019-08-08 09:31:03,1.46,0.9668,192,1.42,0.9403,15,1.47,0.9735,5,1.44,0.9536,29,0
SPY190809P289,2019-08-08,2019-08-08 09:31:04,1.52,1.0066,450,1.44,0.9536,10,1.47,0.9735,5,1.48,0.9801,29,0
SPY190809P289,2019-08-08,2019-08-08 09:31:04,1.47,0.9735,182,1.42,0.9403,201,1.47,0.9735,5,1.445,0.9569,29,0
SPY190809P289,2019-08-08,2019-08-08 09:31:05,1.49,0.9867,197,1.44,0.9536,199,1.47,0.9735,5,1.465,0.9701,29,0
SPY190809P289,2019-08-08,2019-08-08 09:31:06,1.49,0.9867,129,1.45,0.9602,49,1.47,0.9735,5,1.47,0.9735,29,0
SPY190809P289,2019-08-08,2019-08-08 09:31:06,1.49,0.9867,104,1.45,0.9602,50,1.47,0.9735,5,1.47,0.9735,29,0
SPY190809P289,2019-08-08,2019-08-08 09:31:07,1.51,1.0,50,1.46,0.9668,50,1.47,0.9735,5,1.485,0.9834,29,0
SPY190809P289,2019-08-08,2019-08-08 09:31:07,1.51,1.0,75,1.47,0.9735,32,1.47,0.9735,5,1.49,0.9867,29,0
SPY190809P289,2019-08-08,2019-08-08 09:31:08,1.51,1.0,50,1.47,0.9735,10,1.47,0.9735,5,1.49,0.9867,29,0
SPY190809P289,2019-08-08,2019-08-08 09:31:08,1.51,1.0,75,1.47,0.9735,32,1.47,0.9735,5,1.49,0.9867,29,0
SPY190809P289,2019-08-08,2019-08-08 09:31:09,1.5,0.9933,165,1.47,0.9735,10,1.47,0.9735,5,1.485,0.9834,29,0
SPY190809P289,2019-08-08,2019-08-08 09:31:09,1.5,0.9933,278,1.47,0.9735,10,1.47,0.9735,5,1.485,0.9834,29,0
SPY190809P289,2019-08-08,2019-08-08 09:31:10,1.51,1.0,62,1.47,0.9735,78,1.47,0.9735,5,1.49,0.9867,29,0
SPY190809P289,2019-08-08,2019-08-08 09:31:10,1.5,0.9933,308,1.47,0.9735,10,1.47,0.9735,5,1.485,0.9834,29,0
SPY190809P289,2019-08-08,2019-08-08 09:31:11,1.5,0.9933,56,1.47,0.9735,18,1.47,0.9735,5,1.485,0.9834,29,0
SPY190809P289,2019-08-08,2019-08-08 09:31:11,1.51,1.0,60,1.47,0.9735,12,1.47,0.9735,5,1.49,0.9867,29,0
SPY190809P289,2019-08-08,2019-08-08 09:31:12,1.5,0.9933,6,1.47,0.9735,34,1.47,0.9735,5,1.485,0.9834,29,0
SPY190809P289,2019-08-08,2019-08-08 09:31:12,1.51,1.0,118,1.48,0.9801,48,1.47,0.9735,5,1.495,0.99,29,0
SPY190809P289,2019-08-08,2019-08-08 09:31:13,1.52,1.0066,98,1.48,0.9801,18,1.47,0.9735,5,1.5,0.9933,29,0
SPY190809P289,2019-08-08,2019-08-08 09:31:13,1.51,1.0,118,1.47,0.9735,121,1.47,0.9735,5,1.49,0.9867,29,0
SPY190809P289,2019-08-08,2019-08-08 09:31:14,1.52,1.0066,50,1.49,0.9867,12,1.47,0.9735,5,1.505,0.9966,29,0
SPY190809P289,2019-08-08,2019-08-08 09:31:14,1.51,1.0,5,1.48,0.9801,18,1.47,0.9735,5,1.495,0.99,29,0
SPY190809P289,2019-08-08,2019-08-08 09:31:15,1.52,1.0066,100,1.48,0.9801,74,1.47,0.9735,5,1.5,0.9933,29,0
SPY190809P289,2019-08-08,2019-08-08 09:31:15,1.51,1.0,60,1.47,0.9735,36,1.47,0.9735,5,1.49,0.9867,29,0
SPY190809P289,2019-08-08,2019-08-08 09:31:16,1.51,1.0,168,1.47,0.9735,36,1.47,0.9735,5,1.49,0.9867,29,0
SPY190809P289,2019-08-08,2019-08-08 09:31:16,1.51,1.0,34,1.46,0.9668,30,1.47,0.9735,5,1.485,0.9834,29,0
SPY190809P289,2019-08-08,2019-08-08 09:31:17,1.49,0.9867,10,1.46,0.9668,49,1.47,0.9735,5,1.475,0.9768,29,0
SPY190809P289,2019-08-08,2019-08-08 09:31:17,1.52,1.0066,110,1.47,0.9735,50,1.47,0.9735,5,1.495,0.99,29,0
SPY190809P289,2019-08-08,2019-08-08 09:31:18,1.49,0.9867,186,1.45,0.9602,10,1.47,0.9735,5,1.47,0.9735,29,0
SPY190809P289,2019-08-08,2019-08-08 09:31:18,1.49,0.9867,70,1.45,0.9602,15,1.47,0.9735,5,1.47,0.9735,29,0
SPY190809P289,2019-08-08,2019-08-08 09:31:19,1.48,0.9801,15,1.45,0.9602,30,1.47,0.9735,5,1.465,0.9701,29,0
SPY190809P289,2019-08-08,2019-08-08 09:31:19,1.47,0.9735,4,1.45,0.9602,45,1.47,0.9735,5,1.46,0.9668,29,0
SPY190809P289,2019-08-08,2019-08-08 09:31:20,1.48,0.9801,58,1.44,0.9536,150,1.47,0.9735,5,1.46,0.9668,29,0
SPY190809P289,2019-08-08,2019-08-08 09:31:20,1.48,0.9801,171,1.44,0.9536,42,1.47,0.9735,5,1.46,0.9668,29,0
SPY190809P289,2019-08-08,2019-08-08 09:31:21,1.46,0.9668,5,1.44,0.9536,37,1.47,0.9735,5,1.45,0.9602,29,0
SPY190809P289,2019-08-08,2019-08-08 09:31:21,1.46,0.9668,38,1.44,0.9536,37,1.47,0.9735,5,1.45,0.9602,29,0
SPY190809P289,2019-08-08,2019-08-08 09:31:22,1.46,0.9668,60,1.42,0.9403,76,1.47,0.9735,5,1.44,0.9536,29,0
SPY190809P289,2019-08-08,2019-08-08 09:31:22,1.46,0.9668,34,1.43,0.947,168,1.47,0.9735,5,1.445,0.9569,29,0
SPY190809P289,2019-08-08,2019-08-08 09:31:23,1.47,0.9735,130,1.43,0.947,187,1.47,0.9735,5,1.45,0.9602,29,0
SPY190809P289,2019-08-08,2019-08-08 09:31:23,1.46,0.9668,50,1.42,0.9403,76,1.47,0.9735,5,1.44,0.9536,29,0
SPY190809P289,2019-08-08,2019-08-08 09:31:24,1.46,0.9668,20,1.43,0.947,178,1.47,0.9735,5,1.445,0.9569,29,0
SPY190809P289,2019-08-08,2019-08-08 09:31:24,1.47,0.9735,130,1.43,0.947,168,1.47,0.9735,5,1.45,0.9602,29,0
SPY190809P289,2019-08-08,2019-08-08 09:31:25,1.49,0.9867,16,1.44,0.9536,225,1.47,0.9735,5,1.465,0.9701,29,0
SPY190809P289,2019-08-08,2019-08-08 09:31:25,1.48,0.9801,50,1.44,0.9536,2,1.47,0.9735,5,1.46,0.9668,29,0
SPY190809P289,2019-08-08,2019-08-08 09:31:26,1.49,0.9867,136,1.46,0.9668,72,1.47,0.9735,5,1.475,0.9768,29,0
SPY190809P289,2019-08-08,2019-08-08 09:31:26,1.49,0.9867,34,1.46,0.9668,5,1.47,0.9735,5,1.475,0.9768,29,0
SPY190809P289,2019-08-08,2019-08-08 09:31:27,1.48,0.9801,16,1.46,0.9668,18,1.47,0.9735,5,1.47,0.9735,29,0
SPY190809P289,2019-08-08,2019-08-08 09:31:28,1.5,0.9933,130,1.47,0.9735,5,1.47,0.9735,5,1.485,0.9834,29,0
SPY190809P289,2019-08-08,2019-08-08 09:31:28,1.5,0.9933,281,1.46,0.9668,14,1.47,0.9735,5,1.48,0.9801,29,0
SPY190809P289,2019-08-08,2019-08-08 09:31:29,1.5,0.9933,281,1.46,0.9668,14,1.47,0.9735,5,1.48,0.9801,29,0
SPY190809P289,2019-08-08,2019-08-08 09:31:29,1.49,0.9867,147,1.46,0.9668,51,1.47,0.9735,5,1.475,0.9768,29,0
SPY190809P289,2019-08-08,2019-08-08 09:31:30,1.48,0.9801,31,1.46,0.9668,63,1.47,0.9735,5,1.47,0.9735,29,0
SPY190809P289,2019-08-08,2019-08-08 09:31:30,1.48,0.9801,31,1.46,0.9668,59,1.47,0.9735,5,1.47,0.9735,29,0
SPY190809P289,2019-08-08,2019-08-08 09:31:31,1.48,0.9801,16,1.46,0.9668,73,1.47,0.9735,5,1.47,0.9735,29,0
SPY190809P289,2019-08-08,2019-08-08 09:31:31,1.48,0.9801,99,1.46,0.9668,73,1.47,0.9735,5,1.47,0.9735,29,0
SPY190809P289,2019-08-08,2019-08-08 09:31:32,1.49,0.9867,149,1.46,0.9668,55,1.47,0.9735,5,1.475,0.9768,29,0
SPY190809P289,2019-08-08,2019-08-08 09:31:32,1.49,0.9867,1,1.46,0.9668,19,1.47,0.9735,5,1.475,0.9768,29,0
SPY190809P289,2019-08-08,2019-08-08 09:31:33,1.49,0.9867,1,1.46,0.9668,118,1.47,0.9735,5,1.475,0.9768,29,0
SPY190809P289,2019-08-08,2019-08-08 09:31:33,1.49,0.9867,31,1.47,0.9735,4,1.47,0.9735,5,1.48,0.9801,29,0
SPY190809P289,2019-08-08,2019-08-08 09:31:34,1.48,0.9801,16,1.46,0.9668,131,1.47,0.9735,5,1.47,0.9735,29,0
SPY190809P289,2019-08-08,2019-08-08 09:31:34,1.49,0.9867,82,1.46,0.9668,111,1.47,0.9735,5,1.475,0.9768,29,0
SPY190809P289,2019-08-08,2019-08-08 09:31:35,1.49,0.9867,5,1.46,0.9668,144,1.47,0.9735,5,1.475,0.9768,29,0
SPY190809P289,2019-08-08,2019-08-08 09:31:35,1.49,0.9867,5,1.46,0.9668,56,1.47,0.9735,5,1.475,0.9768,29,0
SPY190809P289,2019-08-08,2019-08-08 09:31:36,1.48,0.9801,9,1.46,0.9668,149,1.47,0.9735,5,1.47,0.9735,29,0
SPY190809P289,2019-08-08,2019-08-08 09:31:36,1.49,0.9867,123,1.46,0.9668,129,1.47,0.9735,5,1.475,0.9768,29,0
SPY190809P289,2019-08-08,2019-08-08 09:31:37,1.48,0.9801,9,1.46,0.9668,149,1.47,0.9735,5,1.47,0.9735,29,0
SPY190809P289,2019-08-08,2019-08-08 09:31:37,1.47,0.9735,16,1.46,0.9668,11,1.47,0.9735,5,1.465,0.9701,29,0
SPY190809P289,2019-08-08,2019-08-08 09:31:38,1.48,0.9801,118,1.46,0.9668,1,1.47,0.9735,5,1.47,0.9735,29,0
SPY190809P289,2019-08-08,2019-08-08 09:31:38,1.48,0.9801,133,1.46,0.9668,1,1.47,0.9735,5,1.47,0.9735,29,0
SPY190809P289,2019-08-08,2019-08-08 09:31:39,1.47,0.9735,48,1.46,0.9668,1,1.47,0.9735,5,1.465,0.9701,29,0
SPY190809P289,2019-08-08,2019-08-08 09:31:39,1.47,0.9735,15,1.46,0.9668,1,1.47,0.9735,5,1.465,0.9701,29,0
SPY190809P289,2019-08-08,2019-08-08 09:31:40,1.49,0.9867,1,1.46,0.9668,1,1.47,0.9735,5,1.475,0.9768,29,0
SPY190809P289,2019-08-08,2019-08-08 09:31:40,1.47,0.9735,30,1.46,0.9668,1,1.47,0.9735,5,1.465,0.9701,29,0
SPY190809P289,2019-08-08,2019-08-08 09:31:41,1.48,0.9801,27,1.46,0.9668,1,1.47,0.9735,5,1.47,0.9735,29,0
SPY190809P289,2019-08-08,2019-08-08 09:31:41,1.49,0.9867,71,1.46,0.9668,133,1.47,0.9735,5,1.475,0.9768,29,0
SPY190809P289,2019-08-08,2019-08-08 09:31:42,1.49,0.9867,94,1.46,0.9668,148,1.47,0.9735,5,1.475,0.9768,29,0
SPY190809P289,2019-08-08,2019-08-08 09:31:43,1.49,0.9867,94,1.46,0.9668,148,1.47,0.9735,5,1.475,0.9768,29,0
SPY190809P289,2019-08-08,2019-08-08 09:31:44,1.48,0.9801,85,1.46,0.9668,14,1.49,0.9867,3,1.47,0.9735,39,0
SPY190809P289,2019-08-08,2019-08-08 09:31:44,1.47,0.9735,1,1.46,0.9668,48,1.49,0.9867,3,1.465,0.9701,39,10
SPY190809P289,2019-08-08,2019-08-08 09:31:45,1.47,0.9735,113,1.44,0.9536,29,1.47,0.9735,11,1.455,0.9635,70,31
SPY190809P289,2019-08-08,2019-08-08 09:31:46,1.46,0.9668,48,1.44,0.9536,28,1.47,0.9735,11,1.45,0.9602,70,0
SPY190809P289,2019-08-08,2019-08-08 09:31:46,1.47,0.9735,163,1.44,0.9536,119,1.47,0.9735,11,1.455,0.9635,70,0
SPY190809P289,2019-08-08,2019-08-08 09:31:47,1.49,0.9867,50,1.44,0.9536,93,1.47,0.9735,11,1.465,0.9701,70,0
SPY190809P289,2019-08-08,2019-08-08 09:31:47,1.49,0.9867,34,1.44,0.9536,28,1.47,0.9735,11,1.465,0.9701,70,0
SPY190809P289,2019-08-08,2019-08-08 09:31:48,1.48,0.9801,5,1.44,0.9536,93,1.47,0.9735,11,1.46,0.9668,70,0
SPY190809P289,2019-08-08,2019-08-08 09:31:48,1.48,0.9801,5,1.47,0.9735,70,1.47,0.9735,11,1.475,0.9768,70,0
SPY190809P289,2019-08-08,2019-08-08 09:31:49,1.49,0.9867,110,1.46,0.9668,79,1.47,0.9735,1,1.475,0.9768,71,1
SPY190809P289,2019-08-08,2019-08-08 09:31:49,1.49,0.9867,16,1.47,0.9735,70,1.47,0.9735,11,1.48,0.9801,70,0
SPY190809P289,2019-08-08,2019-08-08 09:31:50,1.48,0.9801,14,1.46,0.9668,14,1.47,0.9735,1,1.47,0.9735,71,0
SPY190809P289,2019-08-08,2019-08-08 09:31:50,1.49,0.9867,1,1.45,0.9602,5,1.47,0.9735,1,1.47,0.9735,71,0
SPY190809P289,2019-08-08,2019-08-08 09:31:51,1.48,0.9801,29,1.45,0.9602,127,1.47,0.9735,1,1.465,0.9701,71,0
SPY190809P289,2019-08-08,2019-08-08 09:31:51,1.46,0.9668,4,1.45,0.9602,14,1.47,0.9735,1,1.455,0.9635,71,0
SPY190809P289,2019-08-08,2019-08-08 09:31:52,1.47,0.9735,4,1.45,0.9602,14,1.47,0.9735,1,1.46,0.9668,71,0
SPY190809P289,2019-08-08,2019-08-08 09:31:52,1.48,0.9801,192,1.45,0.9602,28,1.47,0.9735,1,1.465,0.9701,71,0
SPY190809P289,2019-08-08,2019-08-08 09:31:53,1.47,0.9735,100,1.44,0.9536,14,1.47,0.9735,1,1.455,0.9635,71,0
SPY190809P289,2019-08-08,2019-08-08 09:31:53,1.47,0.9735,161,1.44,0.9536,100,1.47,0.9735,1,1.455,0.9635,71,0
SPY190809P289,2019-08-08,2019-08-08 09:31:54,1.48,0.9801,131,1.44,0.9536,14,1.47,0.9735,1,1.46,0.9668,71,0
SPY190809P289,2019-08-08,2019-08-08 09:31:54,1.46,0.9668,63,1.43,0.947,145,1.47,0.9735,1,1.445,0.9569,71,0
SPY190809P289,2019-08-08,2019-08-08 09:31:55,1.48,0.9801,181,1.45,0.9602,145,1.47,0.9735,1,1.465,0.9701,71,0
SPY190809P289,2019-08-08,2019-08-08 09:31:55,1.48,0.9801,125,1.45,0.9602,145,1.47,0.9735,1,1.465,0.9701,71,0
SPY190809P289,2019-08-08,2019-08-08 09:31:56,1.48,0.9801,182,1.45,0.9602,145,1.47,0.9735,1,1.465,0.9701,71,0
SPY190809P289,2019-08-08,2019-08-08 09:31:56,1.48,0.9801,137,1.45,0.9602,145,1.47,0.9735,1,1.465,0.9701,71,0
SPY190809P289,2019-08-08,2019-08-08 09:31:57,1.46,0.9668,4,1.45,0.9602,21,1.47,0.9735,2,1.455,0.9635,73,0
SPY190809P289,2019-08-08,2019-08-08 09:31:57,1.47,0.9735,1,1.45,0.9602,155,1.47,0.9735,2,1.46,0.9668,73,2
SPY190809P289,2019-08-08,2019-08-08 09:31:58,1.46,0.9668,4,1.45,0.9602,54,1.45,0.9602,10,1.455,0.9635,83,10
SPY190809P289,2019-08-08,2019-08-08 09:31:58,1.47,0.9735,50,1.45,0.9602,54,1.45,0.9602,10,1.46,0.9668,83,0
SPY190809P289,2019-08-08,2019-08-08 09:31:59,1.47,0.9735,62,1.45,0.9602,54,1.45,0.9602,10,1.46,0.9668,83,0
SPY190809P289,2019-08-08,2019-08-08 09:31:59,1.47,0.9735,50,1.45,0.9602,54,1.45,0.9602,10,1.46,0.9668,83,0
SPY190809P289,2019-08-08,2019-08-08 09:32:00,1.45,0.9602,4,1.44,0.9536,14,1.45,0.9602,10,1.445,0.9569,83,0
SPY190809P289,2019-08-08,2019-08-08 09:32:00,1.45,0.9602,4,1.44,0.9536,84,1.45,0.9602,10,1.445,0.9569,83,0
SPY190809P289,2019-08-08,2019-08-08 09:32:01,1.45,0.9602,4,1.44,0.9536,55,1.46,0.9668,10,1.445,0.9569,93,0
SPY190809P289,2019-08-08,2019-08-08 09:32:01,1.45,0.9602,4,1.44,0.9536,72,1.46,0.9668,10,1.445,0.9569,93,10
SPY190809P289,2019-08-08,2019-08-08 09:32:02,1.47,0.9735,29,1.45,0.9602,38,1.46,0.9668,10,1.46,0.9668,93,0
SPY190809P289,2019-08-08,2019-08-08 09:32:02,1.48,0.9801,50,1.45,0.9602,38,1.46,0.9668,10,1.465,0.9701,93,0
SPY190809P289,2019-08-08,2019-08-08 09:32:03,1.48,0.9801,79,1.46,0.9668,5,1.46,0.9668,10,1.47,0.9735,93,0
SPY190809P289,2019-08-08,2019-08-08 09:32:03,1.48,0.9801,65,1.46,0.9668,8,1.46,0.9668,10,1.47,0.9735,93,0
SPY190809P289,2019-08-08,2019-08-08 09:32:04,1.48,0.9801,65,1.45,0.9602,5,1.46,0.9668,10,1.465,0.9701,93,0
SPY190809P289,2019-08-08,2019-08-08 09:32:04,1.49,0.9867,50,1.46,0.9668,5,1.46,0.9668,10,1.475,0.9768,93,0
SPY190809P289,2019-08-08,2019-08-08 09:32:05,1.47,0.9735,29,1.46,0.9668,94,1.47,0.9735,1,1.465,0.9701,94,1
SPY190809P289,2019-08-08,2019-08-08 09:32:05,1.48,0.9801,65,1.46,0.9668,94,1.46,0.9668,10,1.47,0.9735,93,0
SPY190809P289,2019-08-08,2019-08-08 09:32:06,1.47,0.9735,9,1.45,0.9602,145,1.46,0.9668,1,1.46,0.9668,159,0
SPY190809P289,2019-08-08,2019-08-08 09:32:06,1.48,0.9801,80,1.45,0.9602,63,1.46,0.9668,1,1.465,0.9701,159,65
SPY190809P289,2019-08-08,2019-08-08 09:32:07,1.47,0.9735,12,1.45,0.9602,113,1.46,0.9668,1,1.46,0.9668,159,0
SPY190809P289,2019-08-08,2019-08-08 09:32:07,1.47,0.9735,60,1.44,0.9536,5,1.46,0.9668,1,1.455,0.9635,159,0
SPY190809P289,2019-08-08,2019-08-08 09:32:08,1.45,0.9602,4,1.44,0.9536,140,1.46,0.9668,1,1.445,0.9569,159,0
SPY190809P289,2019-08-08,2019-08-08 09:32:09,1.45,0.9602,50,1.45,0.9602,2,1.45,0.9602,1,1.45,0.9602,162,3
SPY190809P289,2019-08-08,2019-08-08 09:32:09,1.46,0.9668,60,1.44,0.9536,25,1.44,0.9536,1,1.45,0.9602,169,7
SPY190809P289,2019-08-08,2019-08-08 09:32:10,1.46,0.9668,89,1.44,0.9536,5,1.44,0.9536,1,1.45,0.9602,169,0
SPY190809P289,2019-08-08,2019-08-08 09:32:10,1.46,0.9668,89,1.44,0.9536,62,1.44,0.9536,1,1.45,0.9602,169,0
SPY190809P289,2019-08-08,2019-08-08 09:32:11,1.45,0.9602,4,1.44,0.9536,5,1.44,0.9536,1,1.445,0.9569,169,0
SPY190809P289,2019-08-08,2019-08-08 09:32:11,1.46,0.9668,89,1.44,0.9536,5,1.44,0.9536,1,1.45,0.9602,169,0
SPY190809P289,2019-08-08,2019-08-08 09:32:12,1.45,0.9602,18,1.42,0.9403,49,1.44,0.9536,1,1.435,0.9503,175,0
SPY190809P289,2019-08-08,2019-08-08 09:32:12,1.46,0.9668,56,1.41,0.9337,105,1.44,0.9536,1,1.435,0.9503,175,6
SPY190809P289,2019-08-08,2019-08-08 09:32:13,1.46,0.9668,86,1.41,0.9337,105,1.44,0.9536,1,1.435,0.9503,175,0
SPY190809P289,2019-08-08,2019-08-08 09:32:13,1.45,0.9602,29,1.42,0.9403,10,1.44,0.9536,1,1.435,0.9503,175,0
SPY190809P289,2019-08-08,2019-08-08 09:32:14,1.45,0.9602,56,1.41,0.9337,55,1.44,0.9536,1,1.43,0.947,175,0
SPY190809P289,2019-08-08,2019-08-08 09:32:14,1.45,0.9602,48,1.43,0.947,16,1.44,0.9536,1,1.44,0.9536,175,0
SPY190809P289,2019-08-08,2019-08-08 09:32:15,1.43,0.947,4,1.4,0.9271,98,1.44,0.9536,1,1.415,0.937,175,0
SPY190809P289,2019-08-08,2019-08-08 09:32:15,1.44,0.9536,56,1.4,0.9271,88,1.44,0.9536,1,1.42,0.9403,175,0
SPY190809P289,2019-08-08,2019-08-08 09:32:16,1.44,0.9536,35,1.4,0.9271,68,1.44,0.9536,1,1.42,0.9403,175,0
SPY190809P289,2019-08-08,2019-08-08 09:32:16,1.44,0.9536,108,1.4,0.9271,71,1.44,0.9536,1,1.42,0.9403,176,1
SPY190809P289,2019-08-08,2019-08-08 09:32:17,1.43,0.947,43,1.41,0.9337,16,1.42,0.9403,1,1.42,0.9403,177,0
SPY190809P289,2019-08-08,2019-08-08 09:32:17,1.44,0.9536,15,1.4,0.9271,50,1.42,0.9403,1,1.42,0.9403,177,1
SPY190809P289,2019-08-08,2019-08-08 09:32:18,1.43,0.947,4,1.41,0.9337,33,1.42,0.9403,1,1.42,0.9403,177,0
SPY190809P289,2019-08-08,2019-08-08 09:32:18,1.48,0.9801,183,1.43,0.947,50,1.42,0.9403,1,1.455,0.9635,177,0
SPY190809P289,2019-08-08,2019-08-08 09:32:19,1.47,0.9735,15,1.43,0.947,50,1.42,0.9403,1,1.45,0.9602,177,0
SPY190809P289,2019-08-08,2019-08-08 09:32:19,1.48,0.9801,145,1.42,0.9403,55,1.42,0.9403,1,1.45,0.9602,177,0
SPY190809P289,2019-08-08,2019-08-08 09:32:20,1.48,0.9801,29,1.42,0.9403,5,1.42,0.9403,1,1.45,0.9602,177,0
SPY190809P289,2019-08-08,2019-08-08 09:32:20,1.47,0.9735,29,1.41,0.9337,56,1.42,0.9403,1,1.44,0.9536,177,0
SPY190809P289,2019-08-08,2019-08-08 09:32:21,1.48,0.9801,58,1.44,0.9536,50,1.42,0.9403,1,1.46,0.9668,177,0
SPY190809P289,2019-08-08,2019-08-08 09:32:21,1.47,0.9735,29,1.44,0.9536,50,1.42,0.9403,1,1.455,0.9635,177,0
SPY190809P289,2019-08-08,2019-08-08 09:32:22,1.48,0.9801,12,1.45,0.9602,50,1.42,0.9403,1,1.465,0.9701,177,0
SPY190809P289,2019-08-08,2019-08-08 09:32:22,1.48,0.9801,59,1.44,0.9536,68,1.42,0.9403,1,1.46,0.9668,177,0
SPY190809P289,2019-08-08,2019-08-08 09:32:23,1.48,0.9801,12,1.45,0.9602,60,1.42,0.9403,1,1.465,0.9701,177,0
SPY190809P289,2019-08-08,2019-08-08 09:32:23,1.49,0.9867,100,1.45,0.9602,64,1.42,0.9403,1,1.47,0.9735,177,0
SPY190809P289,2019-08-08,2019-08-08 09:32:24,1.48,0.9801,28,1.45,0.9602,55,1.42,0.9403,1,1.465,0.9701,177,0
SPY190809P289,2019-08-08,2019-08-08 09:32:24,1.48,0.9801,12,1.45,0.9602,67,1.42,0.9403,1,1.465,0.9701,177,0
SPY190809P289,2019-08-08,2019-08-08 09:32:25,1.49,0.9867,12,1.45,0.9602,72,1.42,0.9403,1,1.47,0.9735,177,0
SPY190809P289,2019-08-08,2019-08-08 09:32:25,1.49,0.9867,29,1.45,0.9602,53,1.42,0.9403,1,1.47,0.9735,177,0
SPY190809P289,2019-08-08,2019-08-08 09:32:26,1.48,0.9801,12,1.44,0.9536,50,1.42,0.9403,1,1.46,0.9668,177,0
SPY190809P289,2019-08-08,2019-08-08 09:32:26,1.48,0.9801,29,1.45,0.9602,53,1.42,0.9403,1,1.465,0.9701,177,0
SPY190809P289,2019-08-08,2019-08-08 09:32:27,1.49,0.9867,1,1.46,0.9668,10,1.42,0.9403,1,1.475,0.9768,177,0
SPY190809P289,2019-08-08,2019-08-08 09:32:27,1.49,0.9867,1,1.46,0.9668,55,1.42,0.9403,1,1.475,0.9768,177,0
SPY190809P289,2019-08-08,2019-08-08 09:32:28,1.49,0.9867,1,1.46,0.9668,69,1.42,0.9403,1,1.475,0.9768,177,0
SPY190809P289,2019-08-08,2019-08-08 09:32:28,1.49,0.9867,1,1.46,0.9668,100,1.42,0.9403,1,1.475,0.9768,177,0
SPY190809P289,2019-08-08,2019-08-08 09:32:29,1.49,0.9867,1,1.47,0.9735,79,1.42,0.9403,1,1.48,0.9801,177,0
SPY190809P289,2019-08-08,2019-08-08 09:32:29,1.49,0.9867,1,1.48,0.9801,12,1.42,0.9403,1,1.485,0.9834,177,0
SPY190809P289,2019-08-08,2019-08-08 09:32:30,1.49,0.9867,1,1.46,0.9668,11,1.42,0.9403,1,1.475,0.9768,177,0
SPY190809P289,2019-08-08,2019-08-08 09:32:30,1.49,0.9867,1,1.47,0.9735,55,1.42,0.9403,1,1.48,0.9801,177,0
SPY190809P289,2019-08-08,2019-08-08 09:32:31,1.52,1.0066,14,1.48,0.9801,55,1.49,0.9867,1,1.5,0.9933,178,1
SPY190809P289,2019-08-08,2019-08-08 09:32:32,1.54,1.0198,38,1.48,0.9801,15,1.49,0.9867,1,1.51,1.0,178,0
SPY190809P289,2019-08-08,2019-08-08 09:32:32,1.51,1.0,49,1.48,0.9801,16,1.49,0.9867,1,1.495,0.99,178,0
SPY190809P289,2019-08-08,2019-08-08 09:32:33,1.53,1.0132,131,1.49,0.9867,81,1.53,1.0132,3,1.51,1.0,184,3
SPY190809P289,2019-08-08,2019-08-08 09:32:33,1.54,1.0198,50,1.47,0.9735,313,1.51,1.0,3,1.505,0.9966,181,3
SPY190809P289,2019-08-08,2019-08-08 09:32:34,1.53,1.0132,148,1.49,0.9867,69,1.53,1.0132,3,1.51,1.0,184,0
SPY190809P289,2019-08-08,2019-08-08 09:32:34,1.53,1.0132,21,1.49,0.9867,23,1.53,1.0132,3,1.51,1.0,184,0
SPY190809P289,2019-08-08,2019-08-08 09:32:35,1.52,1.0066,22,1.49,0.9867,10,1.53,1.0132,1,1.505,0.9966,185,1
SPY190809P289,2019-08-08,2019-08-08 09:32:35,1.53,1.0132,77,1.48,0.9801,81,1.53,1.0132,3,1.505,0.9966,184,0
SPY190809P289,2019-08-08,2019-08-08 09:32:36,1.5,0.9933,10,1.46,0.9668,55,1.53,1.0132,1,1.48,0.9801,185,0
SPY190809P289,2019-08-08,2019-08-08 09:32:36,1.53,1.0132,269,1.49,0.9867,14,1.53,1.0132,1,1.51,1.0,185,0
SPY190809P289,2019-08-08,2019-08-08 09:32:37,1.5,0.9933,22,1.47,0.9735,28,1.53,1.0132,1,1.485,0.9834,185,0
SPY190809P289,2019-08-08,2019-08-08 09:32:37,1.51,1.0,116,1.47,0.9735,11,1.53,1.0132,1,1.49,0.9867,185,0
SPY190809P289,2019-08-08,2019-08-08 09:32:38,1.5,0.9933,70,1.47,0.9735,6,1.53,1.0132,1,1.485,0.9834,185,0
SPY190809P289,2019-08-08,2019-08-08 09:32:38,1.5,0.9933,60,1.47,0.9735,28,1.53,1.0132,1,1.485,0.9834,185,0
SPY190809P289,2019-08-08,2019-08-08 09:32:39,1.49,0.9867,14,1.46,0.9668,63,1.49,0.9867,2,1.475,0.9768,187,2
SPY190809P289,2019-08-08,2019-08-08 09:32:39,1.47,0.9735,16,1.45,0.9602,37,1.49,0.9867,2,1.46,0.9668,187,0
SPY190809P289,2019-08-08,2019-08-08 09:32:40,1.47,0.9735,113,1.44,0.9536,64,1.49,0.9867,2,1.455,0.9635,187,0
SPY190809P289,2019-08-08,2019-08-08 09:32:40,1.48,0.9801,25,1.44,0.9536,64,1.49,0.9867,2,1.46,0.9668,187,0
SPY190809P289,2019-08-08,2019-08-08 09:32:41,1.46,0.9668,16,1.44,0.9536,5,1.49,0.9867,2,1.45,0.9602,187,0
SPY190809P289,2019-08-08,2019-08-08 09:32:41,1.47,0.9735,12,1.44,0.9536,4,1.49,0.9867,2,1.455,0.9635,187,0
SPY190809P289,2019-08-08,2019-08-08 09:32:42,1.45,0.9602,4,1.44,0.9536,16,1.49,0.9867,2,1.445,0.9569,187,0
SPY190809P289,2019-08-08,2019-08-08 09:32:42,1.46,0.9668,145,1.43,0.947,118,1.49,0.9867,2,1.445,0.9569,187,0
SPY190809P289,2019-08-08,2019-08-08 09:32:43,1.44,0.9536,5,1.42,0.9403,131,1.49,0.9867,2,1.43,0.947,187,0
SPY190809P289,2019-08-08,2019-08-08 09:32:43,1.43,0.947,19,1.41,0.9337,12,1.49,0.9867,2,1.42,0.9403,187,0
SPY190809P289,2019-08-08,2019-08-08 09:32:44,1.44,0.9536,143,1.41,0.9337,5,1.49,0.9867,2,1.425,0.9437,187,0
SPY190809P289,2019-08-08,2019-08-08 09:32:44,1.44,0.9536,5,1.41,0.9337,5,1.49,0.9867,2,1.425,0.9437,187,0
SPY190809P289,2019-08-08,2019-08-08 09:32:45,1.44,0.9536,65,1.42,0.9403,5,1.49,0.9867,2,1.43,0.947,187,0
SPY190809P289,2019-08-08,2019-08-08 09:32:45,1.46,0.9668,207,1.43,0.947,118,1.49,0.9867,2,1.445,0.9569,187,0
SPY190809P289,2019-08-08,2019-08-08 09:32:46,1.46,0.9668,15,1.44,0.9536,129,1.49,0.9867,2,1.45,0.9602,187,0
SPY190809P289,2019-08-08,2019-08-08 09:32:46,1.46,0.9668,30,1.44,0.9536,5,1.49,0.9867,2,1.45,0.9602,187,0
SPY190809P289,2019-08-08,2019-08-08 09:32:47,1.47,0.9735,103,1.44,0.9536,10,1.49,0.9867,2,1.455,0.9635,187,0
SPY190809P289,2019-08-08,2019-08-08 09:32:47,1.46,0.9668,7,1.44,0.9536,5,1.49,0.9867,2,1.45,0.9602,187,0
SPY190809P289,2019-08-08,2019-08-08 09:32:48,1.5,0.9933,50,1.44,0.9536,100,1.47,0.9735,7,1.47,0.9735,264,43
SPY190809P289,2019-08-08,2019-08-08 09:32:48,1.47,0.9735,15,1.44,0.9536,15,1.47,0.9735,4,1.455,0.9635,221,34
SPY190809P289,2019-08-08,2019-08-08 09:32:49,1.49,0.9867,175,1.45,0.9602,5,1.47,0.9735,7,1.47,0.9735,264,0
SPY190809P289,2019-08-08,2019-08-08 09:32:49,1.5,0.9933,120,1.47,0.9735,15,1.47,0.9735,7,1.485,0.9834,264,0
SPY190809P289,2019-08-08,2019-08-08 09:32:50,1.48,0.9801,4,1.45,0.9602,100,1.47,0.9735,7,1.465,0.9701,264,0
SPY190809P289,2019-08-08,2019-08-08 09:32:50,1.5,0.9933,186,1.46,0.9668,5,1.47,0.9735,7,1.48,0.9801,264,0
SPY190809P289,2019-08-08,2019-08-08 09:32:51,1.48,0.9801,7,1.46,0.9668,5,1.47,0.9735,7,1.47,0.9735,264,0
SPY190809P289,2019-08-08,2019-08-08 09:32:52,1.47,0.9735,14,1.46,0.9668,83,1.47,0.9735,7,1.465,0.9701,264,0
SPY190809P289,2019-08-08,2019-08-08 09:32:52,1.48,0.9801,7,1.46,0.9668,5,1.47,0.9735,7,1.47,0.9735,264,0
SPY190809P289,2019-08-08,2019-08-08 09:32:53,1.46,0.9668,34,1.45,0.9602,100,1.47,0.9735,7,1.455,0.9635,264,0
SPY190809P289,2019-08-08,2019-08-08 09:32:54,1.46,0.9668,26,1.45,0.9602,100,1.47,0.9735,7,1.455,0.9635,264,0
SPY190809P289,2019-08-08,2019-08-08 09:32:54,1.46,0.9668,47,1.44,0.9536,50,1.45,0.9602,5,1.45,0.9602,269,5
SPY190809P289,2019-08-08,2019-08-08 09:32:55,1.45,0.9602,28,1.43,0.947,12,1.45,0.9602,5,1.44,0.9536,269,0
SPY190809P289,2019-08-08,2019-08-08 09:32:55,1.45,0.9602,20,1.42,0.9403,229,1.44,0.9536,5,1.435,0.9503,274,5
SPY190809P289,2019-08-08,2019-08-08 09:32:56,1.45,0.9602,37,1.43,0.947,12,1.44,0.9536,1,1.44,0.9536,277,3
SPY190809P289,2019-08-08,2019-08-08 09:32:56,1.45,0.9602,28,1.43,0.947,130,1.44,0.9536,1,1.44,0.9536,277,0
SPY190809P289,2019-08-08,2019-08-08 09:32:57,1.46,0.9668,16,1.44,0.9536,15,1.44,0.9536,1,1.45,0.9602,277,0
SPY190809P289,2019-08-08,2019-08-08 09:32:57,1.45,0.9602,8,1.43,0.947,68,1.44,0.9536,15,1.44,0.9536,292,15
SPY190809P289,2019-08-08,2019-08-08 09:32:58,1.44,0.9536,40,1.41,0.9337,50,1.44,0.9536,15,1.425,0.9437,292,0
SPY190809P289,2019-08-08,2019-08-08 09:32:58,1.44,0.9536,18,1.42,0.9403,46,1.44,0.9536,15,1.43,0.947,292,0
SPY190809P289,2019-08-08,2019-08-08 09:32:59,1.43,0.947,25,1.41,0.9337,12,1.44,0.9536,15,1.42,0.9403,292,0
SPY190809P289,2019-08-08,2019-08-08 09:32:59,1.43,0.947,25,1.41,0.9337,98,1.44,0.9536,15,1.42,0.9403,292,0
SPY190809P289,2019-08-08,2019-08-08 09:33:00,1.44,0.9536,25,1.41,0.9337,116,1.44,0.9536,15,1.425,0.9437,292,0
SPY190809P289,2019-08-08,2019-08-08 09:33:00,1.43,0.947,25,1.41,0.9337,108,1.44,0.9536,15,1.42,0.9403,292,0
SPY190809P289,2019-08-08,2019-08-08 09:33:01,1.45,0.9602,20,1.41,0.9337,50,1.44,0.9536,15,1.43,0.947,292,0
SPY190809P289,2019-08-08,2019-08-08 09:33:01,1.44,0.9536,31,1.42,0.9403,6,1.44,0.9536,15,1.43,0.947,292,0
SPY190809P289,2019-08-08,2019-08-08 09:33:02,1.44,0.9536,41,1.42,0.9403,12,1.44,0.9536,15,1.43,0.947,292,0
SPY190809P289,2019-08-08,2019-08-08 09:33:02,1.44,0.9536,67,1.42,0.9403,1,1.44,0.9536,15,1.43,0.947,292,0
SPY190809P289,2019-08-08,2019-08-08 09:33:03,1.42,0.9403,23,1.41,0.9337,30,1.44,0.9536,15,1.415,0.937,292,0
SPY190809P289,2019-08-08,2019-08-08 09:33:03,1.44,0.9536,67,1.42,0.9403,44,1.44,0.9536,15,1.43,0.947,292,0
SPY190809P289,2019-08-08,2019-08-08 09:33:04,1.42,0.9403,27,1.4,0.9271,100,1.44,0.9536,15,1.41,0.9337,292,0
SPY190809P289,2019-08-08,2019-08-08 09:33:04,1.42,0.9403,32,1.4,0.9271,110,1.42,0.9403,1,1.41,0.9337,293,1
SPY190809P289,2019-08-08,2019-08-08 09:33:05,1.41,0.9337,143,1.4,0.9271,4,1.42,0.9403,1,1.405,0.9304,293,0
SPY190809P289,2019-08-08,2019-08-08 09:33:05,1.42,0.9403,27,1.4,0.9271,118,1.42,0.9403,1,1.41,0.9337,293,0
SPY190809P289,2019-08-08,2019-08-08 09:33:06,1.41,0.9337,141,1.4,0.9271,1,1.4,0.9271,4,1.405,0.9304,297,4
SPY190809P289,2019-08-08,2019-08-08 09:33:06,1.41,0.9337,12,1.4,0.9271,4,1.42,0.9403,1,1.405,0.9304,293,0
SPY190809P289,2019-08-08,2019-08-08 09:33:07,1.4,0.9271,154,1.37,0.9072,119,1.4,0.9271,1,1.385,0.9172,298,0
SPY190809P289,2019-08-08,2019-08-08 09:33:07,1.4,0.9271,13,1.38,0.9139,5,1.4,0.9271,1,1.39,0.9205,298,1
SPY190809P289,2019-08-08,2019-08-08 09:33:08,1.4,0.9271,154,1.37,0.9072,5,1.4,0.9271,1,1.385,0.9172,298,0
SPY190809P289,2019-08-08,2019-08-08 09:33:09,1.38,0.9139,1,1.37,0.9072,100,1.4,0.9271,1,1.375,0.9105,298,0
SPY190809P289,2019-08-08,2019-08-08 09:33:09,1.39,0.9205,34,1.37,0.9072,12,1.4,0.9271,1,1.38,0.9139,298,0
SPY190809P289,2019-08-08,2019-08-08 09:33:10,1.39,0.9205,15,1.37,0.9072,100,1.4,0.9271,1,1.38,0.9139,298,0
SPY190809P289,2019-08-08,2019-08-08 09:33:10,1.41,0.9337,65,1.38,0.9139,5,1.4,0.9271,1,1.395,0.9238,298,0
SPY190809P289,2019-08-08,2019-08-08 09:33:11,1.4,0.9271,12,1.37,0.9072,15,1.4,0.9271,1,1.385,0.9172,299,1
SPY190809P289,2019-08-08,2019-08-08 09:33:11,1.4,0.9271,29,1.38,0.9139,13,1.4,0.9271,1,1.39,0.9205,299,0
SPY190809P289,2019-08-08,2019-08-08 09:33:12,1.4,0.9271,29,1.38,0.9139,1,1.4,0.9271,1,1.39,0.9205,299,0
SPY190809P289,2019-08-08,2019-08-08 09:33:12,1.4,0.9271,68,1.38,0.9139,5,1.4,0.9271,1,1.39,0.9205,299,0
SPY190809P289,2019-08-08,2019-08-08 09:33:13,1.4,0.9271,179,1.37,0.9072,5,1.4,0.9271,1,1.385,0.9172,299,0
SPY190809P289,2019-08-08,2019-08-08 09:33:14,1.39,0.9205,23,1.37,0.9072,5,1.4,0.9271,1,1.38,0.9139,299,0
SPY190809P289,2019-08-08,2019-08-08 09:33:14,1.39,0.9205,39,1.37,0.9072,12,1.4,0.9271,1,1.38,0.9139,299,0
SPY190809P289,2019-08-08,2019-08-08 09:33:15,1.38,0.9139,14,1.36,0.9006,5,1.4,0.9271,1,1.37,0.9072,299,0
SPY190809P289,2019-08-08,2019-08-08 09:33:15,1.38,0.9139,28,1.36,0.9006,5,1.4,0.9271,1,1.37,0.9072,299,0
SPY190809P289,2019-08-08,2019-08-08 09:33:16,1.39,0.9205,184,1.36,0.9006,5,1.4,0.9271,1,1.375,0.9105,299,0
SPY190809P289,2019-08-08,2019-08-08 09:33:16,1.38,0.9139,28,1.36,0.9006,100,1.4,0.9271,1,1.37,0.9072,299,0
SPY190809P289,2019-08-08,2019-08-08 09:33:17,1.39,0.9205,160,1.37,0.9072,1,1.4,0.9271,1,1.38,0.9139,299,0
SPY190809P289,2019-08-08,2019-08-08 09:33:17,1.39,0.9205,229,1.37,0.9072,1,1.4,0.9271,1,1.38,0.9139,299,0
SPY190809P289,2019-08-08,2019-08-08 09:33:18,1.38,0.9139,1,1.36,0.9006,569,1.38,0.9139,1,1.37,0.9072,310,11
SPY190809P289,2019-08-08,2019-08-08 09:33:18,1.38,0.9139,117,1.36,0.9006,112,1.38,0.9139,1,1.37,0.9072,310,0
SPY190809P289,2019-08-08,2019-08-08 09:33:19,1.37,0.9072,15,1.35,0.894,468,1.38,0.9139,10,1.36,0.9006,320,10
SPY190809P289,2019-08-08,2019-08-08 09:33:19,1.38,0.9139,135,1.35,0.894,593,1.38,0.9139,1,1.365,0.9039,310,0
SPY190809P289,2019-08-08,2019-08-08 09:33:20,1.37,0.9072,42,1.36,0.9006,1,1.36,0.9006,2,1.365,0.9039,322,2
SPY190809P289,2019-08-08,2019-08-08 09:33:20,1.38,0.9139,131,1.36,0.9006,31,1.36,0.9006,2,1.37,0.9072,322,0
SPY190809P289,2019-08-08,2019-08-08 09:33:21,1.38,0.9139,101,1.36,0.9006,5,1.36,0.9006,2,1.37,0.9072,322,0
SPY190809P289,2019-08-08,2019-08-08 09:33:21,1.38,0.9139,131,1.36,0.9006,31,1.36,0.9006,2,1.37,0.9072,322,0
SPY190809P289,2019-08-08,2019-08-08 09:33:22,1.38,0.9139,4,1.36,0.9006,4,1.36,0.9006,2,1.37,0.9072,322,0
SPY190809P289,2019-08-08,2019-08-08 09:33:22,1.39,0.9205,150,1.35,0.894,191,1.36,0.9006,2,1.37,0.9072,322,0
SPY190809P289,2019-08-08,2019-08-08 09:33:23,1.38,0.9139,1,1.35,0.894,270,1.36,0.9006,2,1.365,0.9039,322,0
SPY190809P289,2019-08-08,2019-08-08 09:33:23,1.38,0.9139,149,1.36,0.9006,4,1.36,0.9006,2,1.37,0.9072,322,0
SPY190809P289,2019-08-08,2019-08-08 09:33:24,1.37,0.9072,31,1.35,0.894,199,1.36,0.9006,2,1.36,0.9006,322,0
SPY190809P289,2019-08-08,2019-08-08 09:33:24,1.38,0.9139,149,1.36,0.9006,4,1.36,0.9006,2,1.37,0.9072,322,0
SPY190809P289,2019-08-08,2019-08-08 09:33:25,1.37,0.9072,29,1.35,0.894,370,1.36,0.9006,2,1.36,0.9006,322,0
SPY190809P289,2019-08-08,2019-08-08 09:33:25,1.37,0.9072,5,1.35,0.894,199,1.36,0.9006,2,1.36,0.9006,322,0
SPY190809P289,2019-08-08,2019-08-08 09:33:26,1.37,0.9072,54,1.34,0.8874,181,1.36,0.9006,2,1.355,0.8973,322,0
SPY190809P289,2019-08-08,2019-08-08 09:33:26,1.38,0.9139,29,1.34,0.8874,82,1.36,0.9006,2,1.36,0.9006,322,0
SPY190809P289,2019-08-08,2019-08-08 09:33:27,1.36,0.9006,5,1.35,0.894,1,1.36,0.9006,2,1.355,0.8973,322,0
SPY190809P289,2019-08-08,2019-08-08 09:33:27,1.37,0.9072,54,1.34,0.8874,180,1.36,0.9006,2,1.355,0.8973,322,0
SPY190809P289,2019-08-08,2019-08-08 09:33:28,1.37,0.9072,97,1.36,0.9006,1,1.36,0.9006,2,1.365,0.9039,322,0
SPY190809P289,2019-08-08,2019-08-08 09:33:28,1.37,0.9072,82,1.36,0.9006,1,1.36,0.9006,2,1.365,0.9039,322,0
SPY190809P289,2019-08-08,2019-08-08 09:33:29,1.39,0.9205,61,1.35,0.894,44,1.36,0.9006,2,1.37,0.9072,322,0
SPY190809P289,2019-08-08,2019-08-08 09:33:29,1.37,0.9072,72,1.36,0.9006,1,1.36,0.9006,2,1.365,0.9039,322,0
SPY190809P289,2019-08-08,2019-08-08 09:33:30,1.38,0.9139,1,1.36,0.9006,156,1.38,0.9139,1,1.37,0.9072,324,2
SPY190809P289,2019-08-08,2019-08-08 09:33:30,1.39,0.9205,55,1.36,0.9006,393,1.38,0.9139,1,1.375,0.9105,324,0
SPY190809P289,2019-08-08,2019-08-08 09:33:31,1.39,0.9205,60,1.36,0.9006,122,1.38,0.9139,1,1.375,0.9105,324,0
SPY190809P289,2019-08-08,2019-08-08 09:33:31,1.39,0.9205,70,1.36,0.9006,393,1.38,0.9139,1,1.375,0.9105,324,0
SPY190809P289,2019-08-08,2019-08-08 09:33:32,1.39,0.9205,111,1.37,0.9072,5,1.38,0.9139,1,1.38,0.9139,324,0
SPY190809P289,2019-08-08,2019-08-08 09:33:32,1.39,0.9205,116,1.36,0.9006,122,1.38,0.9139,1,1.375,0.9105,324,0
SPY190809P289,2019-08-08,2019-08-08 09:33:33,1.39,0.9205,111,1.36,0.9006,544,1.38,0.9139,1,1.375,0.9105,324,0
SPY190809P289,2019-08-08,2019-08-08 09:33:33,1.39,0.9205,111,1.37,0.9072,5,1.38,0.9139,1,1.38,0.9139,324,0
SPY190809P289,2019-08-08,2019-08-08 09:33:34,1.39,0.9205,58,1.36,0.9006,213,1.38,0.9139,1,1.375,0.9105,324,0
SPY190809P289,2019-08-08,2019-08-08 09:33:34,1.39,0.9205,69,1.37,0.9072,5,1.38,0.9139,1,1.38,0.9139,324,0
SPY190809P289,2019-08-08,2019-08-08 09:33:35,1.38,0.9139,5,1.35,0.894,441,1.38,0.9139,1,1.365,0.9039,324,0
SPY190809P289,2019-08-08,2019-08-08 09:33:35,1.38,0.9139,77,1.35,0.894,360,1.38,0.9139,1,1.365,0.9039,324,0
SPY190809P289,2019-08-08,2019-08-08 09:33:36,1.37,0.9072,5,1.35,0.894,185,1.38,0.9139,1,1.36,0.9006,324,0
SPY190809P289,2019-08-08,2019-08-08 09:33:36,1.38,0.9139,50,1.35,0.894,185,1.38,0.9139,1,1.365,0.9039,324,0
SPY190809P289,2019-08-08,2019-08-08 09:33:37,1.37,0.9072,1,1.36,0.9006,1,1.37,0.9072,1,1.365,0.9039,325,0
SPY190809P289,2019-08-08,2019-08-08 09:33:37,1.38,0.9139,127,1.36,0.9006,1,1.37,0.9072,1,1.37,0.9072,325,1
SPY190809P289,2019-08-08,2019-08-08 09:33:38,1.39,0.9205,5,1.35,0.894,616,1.37,0.9072,1,1.37,0.9072,325,0
SPY190809P289,2019-08-08,2019-08-08 09:33:39,1.4,0.9271,113,1.36,0.9006,31,1.37,0.9072,1,1.38,0.9139,325,0
SPY190809P289,2019-08-08,2019-08-08 09:33:39,1.4,0.9271,133,1.37,0.9072,151,1.37,0.9072,1,1.385,0.9172,325,0
SPY190809P289,2019-08-08,2019-08-08 09:33:40,1.39,0.9205,131,1.36,0.9006,6,1.37,0.9072,1,1.375,0.9105,325,0
SPY190809P289,2019-08-08,2019-08-08 09:33:40,1.4,0.9271,20,1.37,0.9072,1,1.37,0.9072,1,1.385,0.9172,325,0
SPY190809P289,2019-08-08,2019-08-08 09:33:41,1.39,0.9205,135,1.36,0.9006,87,1.37,0.9072,1,1.375,0.9105,325,0
SPY190809P289,2019-08-08,2019-08-08 09:33:42,1.39,0.9205,185,1.36,0.9006,5,1.37,0.9072,1,1.375,0.9105,325,0
SPY190809P289,2019-08-08,2019-08-08 09:33:42,1.39,0.9205,135,1.36,0.9006,5,1.37,0.9072,1,1.375,0.9105,325,0
SPY190809P289,2019-08-08,2019-08-08 09:33:43,1.38,0.9139,96,1.35,0.894,270,1.37,0.9072,1,1.365,0.9039,325,0
SPY190809P289,2019-08-08,2019-08-08 09:33:43,1.38,0.9139,135,1.35,0.894,270,1.37,0.9072,1,1.365,0.9039,325,0
SPY190809P289,2019-08-08,2019-08-08 09:33:44,1.38,0.9139,121,1.36,0.9006,5,1.37,0.9072,1,1.37,0.9072,325,0
SPY190809P289,2019-08-08,2019-08-08 09:33:44,1.39,0.9205,171,1.36,0.9006,5,1.37,0.9072,1,1.375,0.9105,325,0
SPY190809P289,2019-08-08,2019-08-08 09:33:45,1.38,0.9139,5,1.35,0.894,590,1.37,0.9072,1,1.365,0.9039,325,0
SPY190809P289,2019-08-08,2019-08-08 09:33:45,1.37,0.9072,50,1.35,0.894,61,1.37,0.9072,1,1.36,0.9006,325,0
SPY190809P289,2019-08-08,2019-08-08 09:33:46,1.37,0.9072,136,1.34,0.8874,444,1.37,0.9072,1,1.355,0.8973,325,0
SPY190809P289,2019-08-08,2019-08-08 09:33:46,1.37,0.9072,50,1.34,0.8874,125,1.37,0.9072,1,1.355,0.8973,325,0
SPY190809P289,2019-08-08,2019-08-08 09:33:47,1.37,0.9072,115,1.34,0.8874,76,1.37,0.9072,1,1.355,0.8973,325,0
SPY190809P289,2019-08-08,2019-08-08 09:33:47,1.37,0.9072,121,1.34,0.8874,121,1.37,0.9072,1,1.355,0.8973,325,0
SPY190809P289,2019-08-08,2019-08-08 09:33:48,1.36,0.9006,5,1.34,0.8874,581,1.37,0.9072,1,1.35,0.894,325,0
SPY190809P289,2019-08-08,2019-08-08 09:33:49,1.37,0.9072,21,1.34,0.8874,213,1.37,0.9072,6,1.355,0.8973,335,0
SPY190809P289,2019-08-08,2019-08-08 09:33:49,1.37,0.9072,118,1.34,0.8874,213,1.37,0.9072,6,1.355,0.8973,335,10
SPY190809P289,2019-08-08,2019-08-08 09:33:50,1.37,0.9072,1,1.35,0.894,157,1.37,0.9072,6,1.36,0.9006,335,0
SPY190809P289,2019-08-08,2019-08-08 09:33:50,1.37,0.9072,5,1.35,0.894,51,1.36,0.9006,1,1.36,0.9006,341,6
SPY190809P289,2019-08-08,2019-08-08 09:33:51,1.37,0.9072,5,1.35,0.894,51,1.36,0.9006,1,1.36,0.9006,341,0
SPY190809P289,2019-08-08,2019-08-08 09:33:51,1.38,0.9139,58,1.35,0.894,93,1.36,0.9006,1,1.365,0.9039,341,0
SPY190809P289,2019-08-08,2019-08-08 09:33:52,1.38,0.9139,115,1.35,0.894,98,1.36,0.9006,1,1.365,0.9039,341,0
SPY190809P289,2019-08-08,2019-08-08 09:33:52,1.38,0.9139,5,1.35,0.894,30,1.36,0.9006,1,1.365,0.9039,341,0
SPY190809P289,2019-08-08,2019-08-08 09:33:53,1.36,0.9006,13,1.34,0.8874,171,1.36,0.9006,1,1.35,0.894,341,0
SPY190809P289,2019-08-08,2019-08-08 09:33:53,1.37,0.9072,18,1.35,0.894,5,1.36,0.9006,1,1.36,0.9006,341,0
SPY190809P289,2019-08-08,2019-08-08 09:33:54,1.37,0.9072,184,1.34,0.8874,33,1.37,0.9072,1,1.355,0.8973,344,3
SPY190809P289,2019-08-08,2019-08-08 09:33:54,1.36,0.9006,13,1.34,0.8874,171,1.36,0.9006,1,1.35,0.894,341,0
SPY190809P289,2019-08-08,2019-08-08 09:33:55,1.36,0.9006,65,1.33,0.8807,180,1.37,0.9072,1,1.345,0.8907,344,0
SPY190809P289,2019-08-08,2019-08-08 09:33:55,1.37,0.9072,184,1.33,0.8807,127,1.37,0.9072,1,1.35,0.894,344,0
SPY190809P289,2019-08-08,2019-08-08 09:33:56,1.36,0.9006,10,1.33,0.8807,877,1.37,0.9072,1,1.345,0.8907,344,0
SPY190809P289,2019-08-08,2019-08-08 09:33:56,1.36,0.9006,128,1.33,0.8807,137,1.37,0.9072,1,1.345,0.8907,344,0
SPY190809P289,2019-08-08,2019-08-08 09:33:57,1.36,0.9006,83,1.33,0.8807,692,1.37,0.9072,1,1.345,0.8907,344,0
SPY190809P289,2019-08-08,2019-08-08 09:33:58,1.36,0.9006,104,1.33,0.8807,629,1.37,0.9072,1,1.345,0.8907,344,0
SPY190809P289,2019-08-08,2019-08-08 09:33:59,1.36,0.9006,140,1.33,0.8807,499,1.35,0.894,2,1.345,0.8907,346,2
SPY190809P289,2019-08-08,2019-08-08 09:33:59,1.36,0.9006,15,1.34,0.8874,1,1.35,0.894,2,1.35,0.894,346,0
SPY190809P289,2019-08-08,2019-08-08 09:34:00,1.36,0.9006,73,1.34,0.8874,1,1.35,0.894,2,1.35,0.894,346,0
SPY190809P289,2019-08-08,2019-08-08 09:34:00,1.37,0.9072,288,1.34,0.8874,369,1.35,0.894,2,1.355,0.8973,346,0
SPY190809P289,2019-08-08,2019-08-08 09:34:01,1.38,0.9139,50,1.34,0.8874,369,1.35,0.894,2,1.36,0.9006,346,0
SPY190809P289,2019-08-08,2019-08-08 09:34:01,1.38,0.9139,191,1.34,0.8874,830,1.35,0.894,2,1.36,0.9006,346,0
SPY190809P289,2019-08-08,2019-08-08 09:34:02,1.36,0.9006,93,1.33,0.8807,705,1.35,0.894,2,1.345,0.8907,346,0
SPY190809P289,2019-08-08,2019-08-08 09:34:02,1.36,0.9006,20,1.34,0.8874,754,1.35,0.894,2,1.35,0.894,346,0
SPY190809P289,2019-08-08,2019-08-08 09:34:03,1.37,0.9072,157,1.34,0.8874,734,1.35,0.894,2,1.355,0.8973,346,0
SPY190809P289,2019-08-08,2019-08-08 09:34:03,1.37,0.9072,53,1.34,0.8874,734,1.35,0.894,2,1.355,0.8973,346,0
SPY190809P289,2019-08-08,2019-08-08 09:34:04,1.37,0.9072,12,1.34,0.8874,522,1.35,0.894,2,1.355,0.8973,346,0
SPY190809P289,2019-08-08,2019-08-08 09:34:04,1.37,0.9072,50,1.34,0.8874,522,1.35,0.894,2,1.355,0.8973,346,0
SPY190809P289,2019-08-08,2019-08-08 09:34:05,1.39,0.9205,221,1.36,0.9006,77,1.35,0.894,2,1.375,0.9105,346,0
SPY190809P289,2019-08-08,2019-08-08 09:34:05,1.38,0.9139,233,1.35,0.894,646,1.35,0.894,2,1.365,0.9039,346,0
SPY190809P289,2019-08-08,2019-08-08 09:34:06,1.39,0.9205,138,1.36,0.9006,129,1.36,0.9006,1,1.375,0.9105,347,1
SPY190809P289,2019-08-08,2019-08-08 09:34:06,1.39,0.9205,134,1.36,0.9006,108,1.36,0.9006,1,1.375,0.9105,347,0
SPY190809P289,2019-08-08,2019-08-08 09:34:07,1.39,0.9205,140,1.36,0.9006,108,1.36,0.9006,1,1.375,0.9105,347,0
SPY190809P289,2019-08-08,2019-08-08 09:34:07,1.39,0.9205,140,1.36,0.9006,51,1.36,0.9006,1,1.375,0.9105,347,0
SPY190809P289,2019-08-08,2019-08-08 09:34:08,1.38,0.9139,181,1.35,0.894,16,1.36,0.9006,1,1.365,0.9039,347,0
SPY190809P289,2019-08-08,2019-08-08 09:34:08,1.39,0.9205,140,1.36,0.9006,51,1.36,0.9006,1,1.375,0.9105,347,0
SPY190809P289,2019-08-08,2019-08-08 09:34:09,1.37,0.9072,92,1.35,0.894,31,1.36,0.9006,1,1.36,0.9006,347,0
SPY190809P289,2019-08-08,2019-08-08 09:34:09,1.37,0.9072,101,1.35,0.894,10,1.35,0.894,10,1.36,0.9006,357,10
SPY190809P289,2019-08-08,2019-08-08 09:34:10,1.36,0.9006,73,1.33,0.8807,670,1.35,0.894,10,1.345,0.8907,357,0
SPY190809P289,2019-08-08,2019-08-08 09:34:10,1.36,0.9006,50,1.33,0.8807,497,1.35,0.894,10,1.345,0.8907,357,0
SPY190809P289,2019-08-08,2019-08-08 09:34:11,1.36,0.9006,56,1.34,0.8874,31,1.35,0.894,10,1.35,0.894,357,0
SPY190809P289,2019-08-08,2019-08-08 09:34:11,1.36,0.9006,61,1.33,0.8807,495,1.35,0.894,10,1.345,0.8907,357,0
SPY190809P289,2019-08-08,2019-08-08 09:34:12,1.36,0.9006,61,1.33,0.8807,689,1.35,0.894,10,1.345,0.8907,357,0
SPY190809P289,2019-08-08,2019-08-08 09:34:12,1.36,0.9006,61,1.33,0.8807,658,1.35,0.894,10,1.345,0.8907,357,0
SPY190809P289,2019-08-08,2019-08-08 09:34:13,1.35,0.894,1,1.33,0.8807,665,1.35,0.894,10,1.34,0.8874,357,0
SPY190809P289,2019-08-08,2019-08-08 09:34:13,1.36,0.9006,20,1.33,0.8807,437,1.35,0.894,10,1.345,0.8907,357,0
SPY190809P289,2019-08-08,2019-08-08 09:34:14,1.36,0.9006,51,1.34,0.8874,53,1.35,0.894,10,1.35,0.894,357,0
SPY190809P289,2019-08-08,2019-08-08 09:34:14,1.36,0.9006,46,1.33,0.8807,665,1.35,0.894,10,1.345,0.8907,357,0
SPY190809P289,2019-08-08,2019-08-08 09:34:15,1.36,0.9006,10,1.35,0.894,1,1.35,0.894,10,1.355,0.8973,357,0
SPY190809P289,2019-08-08,2019-08-08 09:34:15,1.37,0.9072,177,1.35,0.894,1,1.35,0.894,10,1.36,0.9006,357,0
SPY190809P289,2019-08-08,2019-08-08 09:34:16,1.37,0.9072,105,1.35,0.894,1,1.35,0.894,10,1.36,0.9006,357,0
SPY190809P289,2019-08-08,2019-08-08 09:34:17,1.39,0.9205,121,1.36,0.9006,14,1.35,0.894,10,1.375,0.9105,357,0
SPY190809P289,2019-08-08,2019-08-08 09:34:17,1.38,0.9139,130,1.35,0.894,53,1.35,0.894,10,1.365,0.9039,357,0
SPY190809P289,2019-08-08,2019-08-08 09:34:18,1.39,0.9205,100,1.36,0.9006,28,1.35,0.894,10,1.375,0.9105,357,0
SPY190809P289,2019-08-08,2019-08-08 09:34:18,1.38,0.9139,19,1.36,0.9006,93,1.35,0.894,10,1.37,0.9072,357,0
SPY190809P289,2019-08-08,2019-08-08 09:34:19,1.38,0.9139,20,1.35,0.894,31,1.35,0.894,10,1.365,0.9039,357,0
SPY190809P289,2019-08-08,2019-08-08 09:34:20,1.37,0.9072,46,1.35,0.894,31,1.35,0.894,10,1.36,0.9006,357,0
SPY190809P289,2019-08-08,2019-08-08 09:34:20,1.38,0.9139,87,1.35,0.894,333,1.35,0.894,10,1.365,0.9039,357,0
SPY190809P289,2019-08-08,2019-08-08 09:34:21,1.38,0.9139,76,1.35,0.894,234,1.35,0.894,10,1.365,0.9039,357,0
SPY190809P289,2019-08-08,2019-08-08 09:34:21,1.38,0.9139,87,1.35,0.894,333,1.35,0.894,10,1.365,0.9039,357,0
SPY190809P289,2019-08-08,2019-08-08 09:34:22,1.38,0.9139,5,1.35,0.894,65,1.35,0.894,10,1.365,0.9039,357,0
SPY190809P289,2019-08-08,2019-08-08 09:34:22,1.38,0.9139,76,1.35,0.894,234,1.35,0.894,10,1.365,0.9039,357,0
SPY190809P289,2019-08-08,2019-08-08 09:34:23,1.37,0.9072,10,1.35,0.894,369,1.35,0.894,10,1.36,0.9006,357,0
SPY190809P289,2019-08-08,2019-08-08 09:34:23,1.37,0.9072,17,1.35,0.894,678,1.35,0.894,10,1.36,0.9006,357,0
SPY190809P289,2019-08-08,2019-08-08 09:34:24,1.37,0.9072,86,1.35,0.894,31,1.35,0.894,10,1.36,0.9006,357,0
SPY190809P289,2019-08-08,2019-08-08 09:34:25,1.36,0.9006,20,1.35,0.894,2,1.35,0.894,10,1.355,0.8973,357,0
SPY190809P289,2019-08-08,2019-08-08 09:34:25,1.37,0.9072,86,1.35,0.894,31,1.35,0.894,10,1.36,0.9006,357,0
SPY190809P289,2019-08-08,2019-08-08 09:34:26,1.36,0.9006,1,1.35,0.894,2,1.35,0.894,10,1.355,0.8973,357,0
SPY190809P289,2019-08-08,2019-08-08 09:34:26,1.36,0.9006,5,1.35,0.894,32,1.35,0.894,10,1.355,0.8973,357,0
SPY190809P289,2019-08-08,2019-08-08 09:34:27,1.36,0.9006,5,1.35,0.894,2,1.35,0.894,10,1.355,0.8973,357,0
SPY190809P289,2019-08-08,2019-08-08 09:34:27,1.37,0.9072,171,1.35,0.894,31,1.35,0.894,10,1.36,0.9006,357,0
SPY190809P289,2019-08-08,2019-08-08 09:34:28,1.37,0.9072,187,1.35,0.894,32,1.35,0.894,10,1.36,0.9006,357,0
SPY190809P289,2019-08-08,2019-08-08 09:34:29,1.38,0.9139,118,1.35,0.894,194,1.35,0.894,10,1.365,0.9039,357,0
SPY190809P289,2019-08-08,2019-08-08 09:34:29,1.37,0.9072,171,1.35,0.894,32,1.35,0.894,10,1.36,0.9006,357,0
SPY190809P289,2019-08-08,2019-08-08 09:34:30,1.38,0.9139,50,1.36,0.9006,72,1.35,0.894,10,1.37,0.9072,357,0
SPY190809P289,2019-08-08,2019-08-08 09:34:30,1.38,0.9139,118,1.35,0.894,194,1.35,0.894,10,1.365,0.9039,357,0
SPY190809P289,2019-08-08,2019-08-08 09:34:31,1.38,0.9139,171,1.36,0.9006,31,1.35,0.894,10,1.37,0.9072,357,0
SPY190809P289,2019-08-08,2019-08-08 09:34:31,1.38,0.9139,187,1.36,0.9006,31,1.35,0.894,10,1.37,0.9072,357,0
SPY190809P289,2019-08-08,2019-08-08 09:34:32,1.37,0.9072,16,1.35,0.894,128,1.35,0.894,10,1.36,0.9006,357,0
SPY190809P289,2019-08-08,2019-08-08 09:34:32,1.38,0.9139,192,1.35,0.894,128,1.35,0.894,10,1.365,0.9039,357,0
SPY190809P289,2019-08-08,2019-08-08 09:34:33,1.38,0.9139,32,1.35,0.894,2,1.35,0.894,10,1.365,0.9039,357,0
SPY190809P289,2019-08-08,2019-08-08 09:34:33,1.37,0.9072,112,1.35,0.894,2,1.35,0.894,10,1.36,0.9006,357,0
SPY190809P289,2019-08-08,2019-08-08 09:34:34,1.36,0.9006,5,1.35,0.894,2,1.36,0.9006,1,1.355,0.8973,358,1
SPY190809P289,2019-08-08,2019-08-08 09:34:34,1.36,0.9006,7,1.35,0.894,2,1.35,0.894,10,1.355,0.8973,357,0
SPY190809P289,2019-08-08,2019-08-08 09:34:35,1.37,0.9072,362,1.35,0.894,2,1.36,0.9006,1,1.36,0.9006,358,0
SPY190809P289,2019-08-08,2019-08-08 09:34:35,1.36,0.9006,86,1.35,0.894,2,1.36,0.9006,1,1.355,0.8973,358,0
SPY190809P289,2019-08-08,2019-08-08 09:34:36,1.38,0.9139,100,1.35,0.894,21,1.36,0.9006,3,1.365,0.9039,363,0
SPY190809P289,2019-08-08,2019-08-08 09:34:36,1.36,0.9006,30,1.35,0.894,2,1.36,0.9006,3,1.355,0.8973,363,5
SPY190809P289,2019-08-08,2019-08-08 09:34:37,1.37,0.9072,5,1.35,0.894,29,1.36,0.9006,3,1.36,0.9006,363,0
SPY190809P289,2019-08-08,2019-08-08 09:34:37,1.37,0.9072,5,1.35,0.894,2,1.36,0.9006,3,1.36,0.9006,363,0
SPY190809P289,2019-08-08,2019-08-08 09:34:38,1.36,0.9006,53,1.35,0.894,2,1.36,0.9006,3,1.355,0.8973,363,0
SPY190809P289,2019-08-08,2019-08-08 09:34:38,1.36,0.9006,17,1.35,0.894,2,1.36,0.9006,3,1.355,0.8973,363,0
SPY190809P289,2019-08-08,2019-08-08 09:34:39,1.36,0.9006,112,1.35,0.894,2,1.36,0.9006,3,1.355,0.8973,363,0
SPY190809P289,2019-08-08,2019-08-08 09:34:39,1.36,0.9006,183,1.35,0.894,2,1.36,0.9006,3,1.355,0.8973,363,0
SPY190809P289,2019-08-08,2019-08-08 09:34:40,1.37,0.9072,185,1.34,0.8874,365,1.35,0.894,1,1.355,0.8973,365,0
SPY190809P289,2019-08-08,2019-08-08 09:34:40,1.35,0.894,1,1.34,0.8874,1,1.35,0.894,1,1.345,0.8907,365,2
SPY190809P289,2019-08-08,2019-08-08 09:34:41,1.37,0.9072,43,1.35,0.894,455,1.35,0.894,1,1.36,0.9006,365,0
SPY190809P289,2019-08-08,2019-08-08 09:34:41,1.37,0.9072,43,1.35,0.894,365,1.35,0.894,1,1.36,0.9006,365,0
SPY190809P289,2019-08-08,2019-08-08 09:34:42,1.4,0.9271,288,1.37,0.9072,31,1.35,0.894,1,1.385,0.9172,365,0
SPY190809P289,2019-08-08,2019-08-08 09:34:42,1.4,0.9271,135,1.35,0.894,432,1.35,0.894,1,1.375,0.9105,365,0
SPY190809P289,2019-08-08,2019-08-08 09:34:43,1.39,0.9205,133,1.36,0.9006,131,1.35,0.894,1,1.375,0.9105,365,0
SPY190809P289,2019-08-08,2019-08-08 09:34:43,1.39,0.9205,12,1.36,0.9006,80,1.35,0.894,1,1.375,0.9105,365,0
SPY190809P289,2019-08-08,2019-08-08 09:34:44,1.39,0.9205,133,1.36,0.9006,133,1.35,0.894,1,1.375,0.9105,365,0
SPY190809P289,2019-08-08,2019-08-08 09:34:44,1.39,0.9205,171,1.36,0.9006,3,1.35,0.894,1,1.375,0.9105,365,0
SPY190809P289,2019-08-08,2019-08-08 09:34:45,1.37,0.9072,112,1.35,0.894,1,1.35,0.894,1,1.36,0.9006,365,0
SPY190809P289,2019-08-08,2019-08-08 09:34:45,1.38,0.9139,112,1.35,0.894,51,1.35,0.894,1,1.365,0.9039,365,0
SPY190809P289,2019-08-08,2019-08-08 09:34:46,1.37,0.9072,5,1.35,0.894,47,1.35,0.894,1,1.36,0.9006,365,0
SPY190809P289,2019-08-08,2019-08-08 09:34:46,1.37,0.9072,183,1.35,0.894,31,1.35,0.894,1,1.36,0.9006,365,0
SPY190809P289,2019-08-08,2019-08-08 09:34:47,1.38,0.9139,277,1.35,0.894,47,1.35,0.894,1,1.365,0.9039,365,0
SPY190809P289,2019-08-08,2019-08-08 09:34:47,1.38,0.9139,222,1.35,0.894,366,1.35,0.894,1,1.365,0.9039,365,0
SPY190809P289,2019-08-08,2019-08-08 09:34:48,1.38,0.9139,62,1.35,0.894,121,1.35,0.894,1,1.365,0.9039,365,0
SPY190809P289,2019-08-08,2019-08-08 09:34:48,1.39,0.9205,216,1.36,0.9006,31,1.38,0.9139,1,1.375,0.9105,366,1
SPY190809P289,2019-08-08,2019-08-08 09:34:49,1.39,0.9205,5,1.36,0.9006,112,1.38,0.9139,1,1.375,0.9105,366,0
SPY190809P289,2019-08-08,2019-08-08 09:34:50,1.41,0.9337,158,1.38,0.9139,16,1.38,0.9139,1,1.395,0.9238,366,0
SPY190809P289,2019-08-08,2019-08-08 09:34:50,1.4,0.9271,233,1.36,0.9006,112,1.38,0.9139,1,1.38,0.9139,366,0
SPY190809P289,2019-08-08,2019-08-08 09:34:51,1.41,0.9337,12,1.38,0.9139,68,1.38,0.9139,1,1.395,0.9238,366,0
SPY190809P289,2019-08-08,2019-08-08 09:34:51,1.42,0.9403,121,1.39,0.9205,90,1.38,0.9139,1,1.405,0.9304,366,0
SPY190809P289,2019-08-08,2019-08-08 09:34:52,1.42,0.9403,1,1.39,0.9205,97,1.42,0.9403,25,1.405,0.9304,391,25
SPY190809P289,2019-08-08,2019-08-08 09:34:52,1.43,0.947,105,1.39,0.9205,421,1.42,0.9403,25,1.41,0.9337,391,0
SPY190809P289,2019-08-08,2019-08-08 09:34:53,1.43,0.947,95,1.4,0.9271,151,1.42,0.9403,25,1.415,0.937,391,0
SPY190809P289,2019-08-08,2019-08-08 09:34:53,1.44,0.9536,100,1.4,0.9271,421,1.42,0.9403,25,1.42,0.9403,391,0
SPY190809P289,2019-08-08,2019-08-08 09:34:54,1.44,0.9536,10,1.42,0.9403,31,1.42,0.9403,25,1.43,0.947,391,0
SPY190809P289,2019-08-08,2019-08-08 09:34:54,1.44,0.9536,58,1.42,0.9403,5,1.42,0.9403,25,1.43,0.947,391,0
SPY190809P289,2019-08-08,2019-08-08 09:34:55,1.45,0.9602,18,1.43,0.947,13,1.42,0.9403,25,1.44,0.9536,391,0
SPY190809P289,2019-08-08,2019-08-08 09:34:55,1.44,0.9536,36,1.42,0.9403,31,1.42,0.9403,25,1.43,0.947,391,0
SPY190809P289,2019-08-08,2019-08-08 09:34:56,1.45,0.9602,10,1.43,0.947,13,1.42,0.9403,25,1.44,0.9536,391,0
SPY190809P289,2019-08-08,2019-08-08 09:34:56,1.45,0.9602,19,1.42,0.9403,305,1.42,0.9403,25,1.435,0.9503,391,0
SPY190809P289,2019-08-08,2019-08-08 09:34:57,1.45,0.9602,5,1.43,0.947,459,1.42,0.9403,25,1.44,0.9536,391,0
SPY190809P289,2019-08-08,2019-08-08 09:34:57,1.45,0.9602,5,1.44,0.9536,300,1.42,0.9403,25,1.445,0.9569,391,0
SPY190809P289,2019-08-08,2019-08-08 09:34:58,1.45,0.9602,5,1.44,0.9536,51,1.42,0.9403,25,1.445,0.9569,391,0
SPY190809P289,2019-08-08,2019-08-08 09:34:58,1.46,0.9668,15,1.44,0.9536,51,1.45,0.9602,5,1.45,0.9602,396,5
SPY190809P289,2019-08-08,2019-08-08 09:34:59,1.46,0.9668,7,1.44,0.9536,51,1.46,0.9668,5,1.45,0.9602,422,26
SPY190809P289,2019-08-08,2019-08-08 09:34:59,1.49,0.9867,50,1.45,0.9602,376,1.46,0.9668,4,1.47,0.9735,519,97
SPY190809P289,2019-08-08,2019-08-08 09:35:00,1.49,0.9867,5,1.46,0.9668,98,1.46,0.9668,4,1.475,0.9768,519,0
SPY190809P289,2019-08-08,2019-08-08 09:35:00,1.5,0.9933,50,1.47,0.9735,31,1.46,0.9668,4,1.485,0.9834,519,0
SPY190809P289,2019-08-08,2019-08-08 09:35:01,1.5,0.9933,50,1.46,0.9668,418,1.46,0.9668,4,1.48,0.9801,519,0
SPY190809P289,2019-08-08,2019-08-08 09:35:01,1.48,0.9801,63,1.44,0.9536,136,1.46,0.9668,4,1.46,0.9668,519,0
SPY190809P289,2019-08-08,2019-08-08 09:35:02,1.48,0.9801,100,1.45,0.9602,16,1.46,0.9668,4,1.465,0.9701,519,0
SPY190809P289,2019-08-08,2019-08-08 09:35:02,1.48,0.9801,72,1.44,0.9536,34,1.46,0.9668,4,1.46,0.9668,519,0
SPY190809P289,2019-08-08,2019-08-08 09:35:03,1.47,0.9735,50,1.45,0.9602,16,1.46,0.9668,4,1.46,0.9668,519,0
SPY190809P289,2019-08-08,2019-08-08 09:35:03,1.49,0.9867,75,1.45,0.9602,31,1.46,0.9668,4,1.47,0.9735,519,0
SPY190809P289,2019-08-08,2019-08-08 09:35:04,1.48,0.9801,71,1.47,0.9735,1,1.46,0.9668,4,1.475,0.9768,519,0
SPY190809P289,2019-08-08,2019-08-08 09:35:04,1.47,0.9735,48,1.45,0.9602,16,1.46,0.9668,4,1.46,0.9668,519,0
SPY190809P289,2019-08-08,2019-08-08 09:35:05,1.5,0.9933,100,1.48,0.9801,1,1.46,0.9668,4,1.49,0.9867,519,0
SPY190809P289,2019-08-08,2019-08-08 09:35:05,1.5,0.9933,86,1.48,0.9801,1,1.46,0.9668,4,1.49,0.9867,519,0
SPY190809P289,2019-08-08,2019-08-08 09:35:06,1.49,0.9867,168,1.48,0.9801,1,1.49,0.9867,1,1.485,0.9834,520,1
SPY190809P289,2019-08-08,2019-08-08 09:35:06,1.49,0.9867,50,1.46,0.9668,55,1.49,0.9867,1,1.475,0.9768,520,0
SPY190809P289,2019-08-08,2019-08-08 09:35:07,1.49,0.9867,50,1.47,0.9735,14,1.49,0.9867,1,1.48,0.9801,520,0
SPY190809P289,2019-08-08,2019-08-08 09:35:07,1.5,0.9933,100,1.46,0.9668,85,1.49,0.9867,1,1.48,0.9801,520,0
SPY190809P289,2019-08-08,2019-08-08 09:35:08,1.49,0.9867,168,1.46,0.9668,121,1.49,0.9867,1,1.475,0.9768,520,0
SPY190809P289,2019-08-08,2019-08-08 09:35:08,1.5,0.9933,5,1.46,0.9668,85,1.49,0.9867,1,1.48,0.9801,520,0
SPY190809P289,2019-08-08,2019-08-08 09:35:09,1.5,0.9933,300,1.45,0.9602,116,1.49,0.9867,1,1.475,0.9768,520,0
SPY190809P289,2019-08-08,2019-08-08 09:35:09,1.49,0.9867,282,1.45,0.9602,150,1.49,0.9867,1,1.47,0.9735,520,0
SPY190809P289,2019-08-08,2019-08-08 09:35:10,1.47,0.9735,168,1.44,0.9536,121,1.49,0.9867,1,1.455,0.9635,520,0
SPY190809P289,2019-08-08,2019-08-08 09:35:10,1.47,0.9735,168,1.45,0.9602,16,1.49,0.9867,1,1.46,0.9668,520,0
SPY190809P289,2019-08-08,2019-08-08 09:35:11,1.48,0.9801,100,1.44,0.9536,418,1.49,0.9867,1,1.46,0.9668,520,0
SPY190809P289,2019-08-08,2019-08-08 09:35:11,1.49,0.9867,134,1.44,0.9536,134,1.49,0.9867,1,1.465,0.9701,520,0
SPY190809P289,2019-08-08,2019-08-08 09:35:12,1.48,0.9801,50,1.45,0.9602,116,1.49,0.9867,1,1.465,0.9701,520,0
SPY190809P289,2019-08-08,2019-08-08 09:35:13,1.51,1.0,29,1.46,0.9668,50,1.49,0.9867,1,1.485,0.9834,520,0
SPY190809P289,2019-08-08,2019-08-08 09:35:13,1.51,1.0,5,1.47,0.9735,148,1.49,0.9867,1,1.49,0.9867,520,0
SPY190809P289,2019-08-08,2019-08-08 09:35:14,1.52,1.0066,5,1.48,0.9801,150,1.51,1.0,2,1.5,0.9933,522,0
SPY190809P289,2019-08-08,2019-08-08 09:35:14,1.52,1.0066,50,1.48,0.9801,150,1.51,1.0,2,1.5,0.9933,522,2
SPY190809P289,2019-08-08,2019-08-08 09:35:15,1.52,1.0066,5,1.49,0.9867,133,1.51,1.0,2,1.505,0.9966,522,0
SPY190809P289,2019-08-08,2019-08-08 09:35:15,1.53,1.0132,145,1.5,0.9933,24,1.51,1.0,2,1.515,1.0033,522,0
SPY190809P289,2019-08-08,2019-08-08 09:35:16,1.53,1.0132,10,1.5,0.9933,135,1.51,1.0,2,1.515,1.0033,522,0
SPY190809P289,2019-08-08,2019-08-08 09:35:16,1.53,1.0132,5,1.49,0.9867,425,1.51,1.0,2,1.51,1.0,522,0
SPY190809P289,2019-08-08,2019-08-08 09:35:17,1.54,1.0198,100,1.51,1.0,16,1.51,1.0,2,1.525,1.0099,522,0
SPY190809P289,2019-08-08,2019-08-08 09:35:17,1.54,1.0198,165,1.51,1.0,16,1.51,1.0,2,1.525,1.0099,522,0
SPY190809P289,2019-08-08,2019-08-08 09:35:18,1.54,1.0198,165,1.51,1.0,51,1.51,1.0,2,1.525,1.0099,522,0
SPY190809P289,2019-08-08,2019-08-08 09:35:18,1.54,1.0198,143,1.52,1.0066,16,1.52,1.0066,2,1.53,1.0132,524,2
SPY190809P289,2019-08-08,2019-08-08 09:35:19,1.55,1.0264,220,1.52,1.0066,37,1.52,1.0066,2,1.535,1.0165,524,0
SPY190809P289,2019-08-08,2019-08-08 09:35:19,1.54,1.0198,82,1.52,1.0066,74,1.52,1.0066,2,1.53,1.0132,524,0
SPY190809P289,2019-08-08,2019-08-08 09:35:20,1.54,1.0198,5,1.53,1.0132,31,1.52,1.0066,2,1.535,1.0165,524,0
SPY190809P289,2019-08-08,2019-08-08 09:35:20,1.54,1.0198,5,1.52,1.0066,88,1.52,1.0066,2,1.53,1.0132,524,0
SPY190809P289,2019-08-08,2019-08-08 09:35:21,1.54,1.0198,264,1.51,1.0,84,1.54,1.0198,1,1.525,1.0099,526,2
SPY190809P289,2019-08-08,2019-08-08 09:35:21,1.54,1.0198,5,1.52,1.0066,28,1.52,1.0066,2,1.53,1.0132,524,0
SPY190809P289,2019-08-08,2019-08-08 09:35:22,1.54,1.0198,19,1.49,0.9867,1,1.51,1.0,8,1.515,1.0033,584,58
SPY190809P289,2019-08-08,2019-08-08 09:35:22,1.51,1.0,160,1.48,0.9801,16,1.49,0.9867,1,1.495,0.99,585,1
SPY190809P289,2019-08-08,2019-08-08 09:35:23,1.5,0.9933,151,1.48,0.9801,31,1.49,0.9867,1,1.49,0.9867,585,0
SPY190809P289,2019-08-08,2019-08-08 09:35:23,1.48,0.9801,36,1.47,0.9735,31,1.47,0.9735,10,1.475,0.9768,595,10
SPY190809P289,2019-08-08,2019-08-08 09:35:24,1.49,0.9867,165,1.46,0.9668,107,1.47,0.9735,10,1.475,0.9768,595,0
SPY190809P289,2019-08-08,2019-08-08 09:35:25,1.46,0.9668,34,1.44,0.9536,115,1.46,0.9668,65,1.45,0.9602,660,65
SPY190809P289,2019-08-08,2019-08-08 09:35:25,1.47,0.9735,5,1.45,0.9602,31,1.46,0.9668,65,1.46,0.9668,660,0
SPY190809P289,2019-08-08,2019-08-08 09:35:26,1.47,0.9735,127,1.44,0.9536,132,1.46,0.9668,16,1.455,0.9635,676,0
SPY190809P289,2019-08-08,2019-08-08 09:35:26,1.47,0.9735,127,1.44,0.9536,132,1.46,0.9668,16,1.455,0.9635,676,16
SPY190809P289,2019-08-08,2019-08-08 09:35:27,1.47,0.9735,95,1.44,0.9536,124,1.46,0.9668,1,1.455,0.9635,677,1
SPY190809P289,2019-08-08,2019-08-08 09:35:27,1.46,0.9668,106,1.44,0.9536,24,1.46,0.9668,1,1.45,0.9602,677,0
SPY190809P289,2019-08-08,2019-08-08 09:35:28,1.46,0.9668,168,1.43,0.947,91,1.46,0.9668,1,1.445,0.9569,677,0
SPY190809P289,2019-08-08,2019-08-08 09:35:29,1.46,0.9668,105,1.45,0.9602,1,1.46,0.9668,1,1.455,0.9635,677,0
SPY190809P289,2019-08-08,2019-08-08 09:35:30,1.48,0.9801,118,1.45,0.9602,24,1.46,0.9668,1,1.465,0.9701,677,0
SPY190809P289,2019-08-08,2019-08-08 09:35:30,1.48,0.9801,168,1.45,0.9602,114,1.46,0.9668,1,1.465,0.9701,677,0
SPY190809P289,2019-08-08,2019-08-08 09:35:31,1.47,0.9735,84,1.46,0.9668,5,1.46,0.9668,1,1.465,0.9701,677,0
SPY190809P289,2019-08-08,2019-08-08 09:35:31,1.47,0.9735,44,1.45,0.9602,27,1.46,0.9668,1,1.46,0.9668,677,0
SPY190809P289,2019-08-08,2019-08-08 09:35:32,1.47,0.9735,60,1.45,0.9602,27,1.46,0.9668,1,1.46,0.9668,677,0
SPY190809P289,2019-08-08,2019-08-08 09:35:33,1.46,0.9668,80,1.42,0.9403,65,1.46,0.9668,1,1.44,0.9536,677,0
SPY190809P289,2019-08-08,2019-08-08 09:35:33,1.45,0.9602,50,1.44,0.9536,5,1.46,0.9668,1,1.445,0.9569,677,0
SPY190809P289,2019-08-08,2019-08-08 09:35:34,1.44,0.9536,1,1.43,0.947,9,1.46,0.9668,1,1.435,0.9503,677,0
SPY190809P289,2019-08-08,2019-08-08 09:35:34,1.45,0.9602,106,1.43,0.947,8,1.46,0.9668,1,1.44,0.9536,677,0
SPY190809P289,2019-08-08,2019-08-08 09:35:35,1.45,0.9602,130,1.42,0.9403,136,1.46,0.9668,1,1.435,0.9503,677,0
SPY190809P289,2019-08-08,2019-08-08 09:35:35,1.45,0.9602,183,1.43,0.947,8,1.46,0.9668,1,1.44,0.9536,677,0
SPY190809P289,2019-08-08,2019-08-08 09:35:36,1.45,0.9602,183,1.43,0.947,5,1.46,0.9668,1,1.44,0.9536,677,0
SPY190809P289,2019-08-08,2019-08-08 09:35:36,1.45,0.9602,120,1.43,0.947,15,1.46,0.9668,1,1.44,0.9536,677,0
SPY190809P289,2019-08-08,2019-08-08 09:35:37,1.44,0.9536,47,1.42,0.9403,133,1.46,0.9668,1,1.43,0.947,677,0
SPY190809P289,2019-08-08,2019-08-08 09:35:37,1.44,0.9536,123,1.41,0.9337,178,1.46,0.9668,1,1.425,0.9437,677,0
SPY190809P289,2019-08-08,2019-08-08 09:35:38,1.43,0.947,63,1.4,0.9271,65,1.46,0.9668,1,1.415,0.937,677,0
SPY190809P289,2019-08-08,2019-08-08 09:35:38,1.43,0.947,80,1.4,0.9271,122,1.43,0.947,10,1.415,0.937,687,10
SPY190809P289,2019-08-08,2019-08-08 09:35:39,1.41,0.9337,1,1.4,0.9271,122,1.43,0.947,10,1.405,0.9304,687,0
SPY190809P289,2019-08-08,2019-08-08 09:35:39,1.43,0.947,130,1.4,0.9271,117,1.41,0.9337,1,1.415,0.937,688,1
SPY190809P289,2019-08-08,2019-08-08 09:35:40,1.42,0.9403,59,1.4,0.9271,117,1.41,0.9337,1,1.41,0.9337,688,0
SPY190809P289,2019-08-08,2019-08-08 09:35:40,1.42,0.9403,5,1.4,0.9271,27,1.41,0.9337,1,1.41,0.9337,688,0
SPY190809P289,2019-08-08,2019-08-08 09:35:41,1.41,0.9337,122,1.38,0.9139,120,1.41,0.9337,1,1.395,0.9238,688,0
SPY190809P289,2019-08-08,2019-08-08 09:35:41,1.41,0.9337,15,1.39,0.9205,122,1.41,0.9337,1,1.4,0.9271,688,0
SPY190809P289,2019-08-08,2019-08-08 09:35:42,1.4,0.9271,15,1.38,0.9139,128,1.41,0.9337,1,1.39,0.9205,688,0
SPY190809P289,2019-08-08,2019-08-08 09:35:42,1.4,0.9271,30,1.38,0.9139,12,1.4,0.9271,2,1.39,0.9205,691,3
SPY190809P289,2019-08-08,2019-08-08 09:35:43,1.4,0.9271,70,1.38,0.9139,73,1.4,0.9271,1,1.39,0.9205,695,1
SPY190809P289,2019-08-08,2019-08-08 09:35:43,1.4,0.9271,50,1.38,0.9139,73,1.38,0.9139,3,1.39,0.9205,694,3
SPY190809P289,2019-08-08,2019-08-08 09:35:44,1.39,0.9205,135,1.38,0.9139,7,1.39,0.9205,1,1.385,0.9172,696,1
SPY190809P289,2019-08-08,2019-08-08 09:35:44,1.4,0.9271,68,1.38,0.9139,39,1.4,0.9271,1,1.39,0.9205,695,0
SPY190809P289,2019-08-08,2019-08-08 09:35:45,1.39,0.9205,81,1.36,0.9006,117,1.38,0.9139,7,1.375,0.9105,703,0
SPY190809P289,2019-08-08,2019-08-08 09:35:45,1.39,0.9205,171,1.36,0.9006,121,1.38,0.9139,7,1.375,0.9105,703,7
SPY190809P289,2019-08-08,2019-08-08 09:35:46,1.38,0.9139,147,1.35,0.894,138,1.38,0.9139,7,1.365,0.9039,703,0
SPY190809P289,2019-08-08,2019-08-08 09:35:46,1.39,0.9205,171,1.36,0.9006,106,1.38,0.9139,7,1.375,0.9105,703,0
SPY190809P289,2019-08-08,2019-08-08 09:35:47,1.38,0.9139,48,1.36,0.9006,180,1.38,0.9139,7,1.37,0.9072,703,0
SPY190809P289,2019-08-08,2019-08-08 09:35:47,1.38,0.9139,115,1.36,0.9006,51,1.38,0.9139,7,1.37,0.9072,703,0
SPY190809P289,2019-08-08,2019-08-08 09:35:48,1.39,0.9205,56,1.37,0.9072,5,1.38,0.9139,7,1.38,0.9139,703,0
SPY190809P289,2019-08-08,2019-08-08 09:35:49,1.39,0.9205,46,1.36,0.9006,143,1.38,0.9139,7,1.375,0.9105,703,0
SPY190809P289,2019-08-08,2019-08-08 09:35:49,1.39,0.9205,15,1.37,0.9072,109,1.38,0.9139,7,1.38,0.9139,703,0
SPY190809P289,2019-08-08,2019-08-08 09:35:50,1.39,0.9205,215,1.36,0.9006,67,1.38,0.9139,7,1.375,0.9105,703,0
SPY190809P289,2019-08-08,2019-08-08 09:35:50,1.39,0.9205,15,1.35,0.894,18,1.38,0.9139,7,1.37,0.9072,703,0
SPY190809P289,2019-08-08,2019-08-08 09:35:51,1.39,0.9205,170,1.36,0.9006,18,1.38,0.9139,7,1.375,0.9105,703,0
SPY190809P289,2019-08-08,2019-08-08 09:35:51,1.37,0.9072,1,1.36,0.9006,72,1.38,0.9139,7,1.365,0.9039,703,0
SPY190809P289,2019-08-08,2019-08-08 09:35:52,1.39,0.9205,207,1.36,0.9006,72,1.38,0.9139,7,1.375,0.9105,703,0
SPY190809P289,2019-08-08,2019-08-08 09:35:52,1.38,0.9139,97,1.36,0.9006,72,1.38,0.9139,7,1.37,0.9072,703,0
SPY190809P289,2019-08-08,2019-08-08 09:35:53,1.38,0.9139,150,1.35,0.894,50,1.38,0.9139,7,1.365,0.9039,703,0
SPY190809P289,2019-08-08,2019-08-08 09:35:53,1.38,0.9139,200,1.35,0.894,76,1.38,0.9139,7,1.365,0.9039,703,0
SPY190809P289,2019-08-08,2019-08-08 09:35:54,1.37,0.9072,66,1.35,0.894,76,1.38,0.9139,7,1.36,0.9006,703,0
SPY190809P289,2019-08-08,2019-08-08 09:35:54,1.36,0.9006,1,1.35,0.894,76,1.38,0.9139,7,1.355,0.8973,703,0
SPY190809P289,2019-08-08,2019-08-08 09:35:55,1.37,0.9072,77,1.35,0.894,76,1.38,0.9139,7,1.36,0.9006,703,0
SPY190809P289,2019-08-08,2019-08-08 09:35:55,1.37,0.9072,64,1.35,0.894,87,1.38,0.9139,7,1.36,0.9006,703,0
SPY190809P289,2019-08-08,2019-08-08 09:35:56,1.37,0.9072,150,1.35,0.894,50,1.38,0.9139,7,1.36,0.9006,703,0
SPY190809P289,2019-08-08,2019-08-08 09:35:56,1.36,0.9006,30,1.35,0.894,50,1.38,0.9139,7,1.355,0.8973,703,0
SPY190809P289,2019-08-08,2019-08-08 09:35:57,1.37,0.9072,150,1.35,0.894,50,1.38,0.9139,7,1.36,0.9006,703,0
SPY190809P289,2019-08-08,2019-08-08 09:35:57,1.38,0.9139,142,1.35,0.894,67,1.38,0.9139,7,1.365,0.9039,703,0
SPY190809P289,2019-08-08,2019-08-08 09:35:58,1.38,0.9139,142,1.35,0.894,67,1.38,0.9139,7,1.365,0.9039,703,0
SPY190809P289,2019-08-08,2019-08-08 09:35:58,1.37,0.9072,1,1.36,0.9006,10,1.38,0.9139,7,1.365,0.9039,703,0
SPY190809P289,2019-08-08,2019-08-08 09:35:59,1.38,0.9139,171,1.36,0.9006,10,1.38,0.9139,7,1.37,0.9072,703,0
SPY190809P289,2019-08-08,2019-08-08 09:35:59,1.37,0.9072,5,1.36,0.9006,10,1.38,0.9139,7,1.365,0.9039,703,0
SPY190809P289,2019-08-08,2019-08-08 09:36:00,1.38,0.9139,27,1.36,0.9006,15,1.37,0.9072,17,1.37,0.9072,753,0
SPY190809P289,2019-08-08,2019-08-08 09:36:00,1.38,0.9139,3,1.36,0.9006,10,1.37,0.9072,17,1.37,0.9072,753,50
SPY190809P289,2019-08-08,2019-08-08 09:36:01,1.38,0.9139,27,1.36,0.9006,15,1.37,0.9072,17,1.37,0.9072,753,0
SPY190809P289,2019-08-08,2019-08-08 09:36:01,1.38,0.9139,99,1.36,0.9006,81,1.37,0.9072,17,1.37,0.9072,753,0
SPY190809P289,2019-08-08,2019-08-08 09:36:02,1.38,0.9139,99,1.36,0.9006,55,1.37,0.9072,17,1.37,0.9072,753,0
SPY190809P289,2019-08-08,2019-08-08 09:36:02,1.38,0.9139,86,1.36,0.9006,71,1.37,0.9072,17,1.37,0.9072,753,0
SPY190809P289,2019-08-08,2019-08-08 09:36:03,1.38,0.9139,86,1.36,0.9006,66,1.37,0.9072,17,1.37,0.9072,753,0
SPY190809P289,2019-08-08,2019-08-08 09:36:03,1.38,0.9139,41,1.37,0.9072,19,1.37,0.9072,17,1.375,0.9105,753,0
SPY190809P289,2019-08-08,2019-08-08 09:36:04,1.38,0.9139,48,1.37,0.9072,19,1.37,0.9072,17,1.375,0.9105,753,0
SPY190809P289,2019-08-08,2019-08-08 09:36:05,1.38,0.9139,77,1.36,0.9006,40,1.38,0.9139,1,1.37,0.9072,754,1
SPY190809P289,2019-08-08,2019-08-08 09:36:05,1.38,0.9139,77,1.37,0.9072,1,1.37,0.9072,17,1.375,0.9105,753,0
SPY190809P289,2019-08-08,2019-08-08 09:36:06,1.37,0.9072,94,1.36,0.9006,10,1.38,0.9139,1,1.365,0.9039,754,0
SPY190809P289,2019-08-08,2019-08-08 09:36:06,1.37,0.9072,68,1.36,0.9006,40,1.38,0.9139,1,1.365,0.9039,754,0
SPY190809P289,2019-08-08,2019-08-08 09:36:07,1.37,0.9072,94,1.36,0.9006,10,1.37,0.9072,2,1.365,0.9039,756,2
SPY190809P289,2019-08-08,2019-08-08 09:36:07,1.36,0.9006,25,1.34,0.8874,102,1.36,0.9006,5,1.35,0.894,771,15
SPY190809P289,2019-08-08,2019-08-08 09:36:08,1.36,0.9006,74,1.34,0.8874,58,1.36,0.9006,5,1.35,0.894,771,0
SPY190809P289,2019-08-08,2019-08-08 09:36:08,1.36,0.9006,20,1.34,0.8874,92,1.36,0.9006,5,1.35,0.894,771,0
SPY190809P289,2019-08-08,2019-08-08 09:36:09,1.36,0.9006,66,1.35,0.894,19,1.36,0.9006,5,1.355,0.8973,771,0
SPY190809P289,2019-08-08,2019-08-08 09:36:09,1.36,0.9006,94,1.34,0.8874,5,1.36,0.9006,5,1.35,0.894,771,0
SPY190809P289,2019-08-08,2019-08-08 09:36:10,1.37,0.9072,102,1.34,0.8874,104,1.36,0.9006,5,1.355,0.8973,771,0
SPY190809P289,2019-08-08,2019-08-08 09:36:10,1.36,0.9006,76,1.34,0.8874,35,1.36,0.9006,5,1.35,0.894,771,0
SPY190809P289,2019-08-08,2019-08-08 09:36:11,1.36,0.9006,5,1.35,0.894,26,1.36,0.9006,5,1.355,0.8973,771,0
SPY190809P289,2019-08-08,2019-08-08 09:36:11,1.36,0.9006,29,1.35,0.894,26,1.36,0.9006,5,1.355,0.8973,771,0
SPY190809P289,2019-08-08,2019-08-08 09:36:12,1.36,0.9006,425,1.34,0.8874,1,1.36,0.9006,5,1.35,0.894,771,0
SPY190809P289,2019-08-08,2019-08-08 09:36:12,1.36,0.9006,3,1.34,0.8874,26,1.36,0.9006,5,1.35,0.894,771,0
SPY190809P289,2019-08-08,2019-08-08 09:36:13,1.35,0.894,64,1.34,0.8874,1,1.36,0.9006,5,1.345,0.8907,771,0
SPY190809P289,2019-08-08,2019-08-08 09:36:14,1.35,0.894,1,1.34,0.8874,1,1.36,0.9006,5,1.345,0.8907,771,0
SPY190809P289,2019-08-08,2019-08-08 09:36:14,1.35,0.894,64,1.34,0.8874,1,1.36,0.9006,5,1.345,0.8907,771,0
SPY190809P289,2019-08-08,2019-08-08 09:36:15,1.35,0.894,30,1.34,0.8874,1,1.36,0.9006,5,1.345,0.8907,771,0
SPY190809P289,2019-08-08,2019-08-08 09:36:15,1.36,0.9006,222,1.34,0.8874,5,1.36,0.9006,5,1.35,0.894,771,0
SPY190809P289,2019-08-08,2019-08-08 09:36:16,1.35,0.894,30,1.34,0.8874,1,1.36,0.9006,5,1.345,0.8907,771,0
SPY190809P289,2019-08-08,2019-08-08 09:36:16,1.36,0.9006,171,1.34,0.8874,24,1.36,0.9006,5,1.35,0.894,771,0
SPY190809P289,2019-08-08,2019-08-08 09:36:17,1.36,0.9006,211,1.34,0.8874,51,1.36,0.9006,5,1.35,0.894,771,0
SPY190809P289,2019-08-08,2019-08-08 09:36:17,1.36,0.9006,171,1.34,0.8874,51,1.36,0.9006,5,1.35,0.894,771,0
SPY190809P289,2019-08-08,2019-08-08 09:36:18,1.35,0.894,14,1.31,0.8675,50,1.34,0.8874,1,1.33,0.8807,773,2
SPY190809P289,2019-08-08,2019-08-08 09:36:18,1.34,0.8874,55,1.31,0.8675,6,1.33,0.8807,2,1.325,0.8774,775,2
SPY190809P289,2019-08-08,2019-08-08 09:36:19,1.34,0.8874,32,1.31,0.8675,6,1.33,0.8807,2,1.325,0.8774,775,0
SPY190809P289,2019-08-08,2019-08-08 09:36:19,1.34,0.8874,80,1.31,0.8675,6,1.33,0.8807,2,1.325,0.8774,775,0
SPY190809P289,2019-08-08,2019-08-08 09:36:20,1.34,0.8874,50,1.31,0.8675,6,1.33,0.8807,2,1.325,0.8774,775,0
SPY190809P289,2019-08-08,2019-08-08 09:36:21,1.34,0.8874,70,1.31,0.8675,6,1.33,0.8807,2,1.325,0.8774,775,0
SPY190809P289,2019-08-08,2019-08-08 09:36:21,1.34,0.8874,91,1.31,0.8675,6,1.33,0.8807,2,1.325,0.8774,775,0
SPY190809P289,2019-08-08,2019-08-08 09:36:22,1.33,0.8807,1,1.31,0.8675,6,1.33,0.8807,2,1.32,0.8741,775,0
SPY190809P289,2019-08-08,2019-08-08 09:36:23,1.33,0.8807,78,1.31,0.8675,55,1.33,0.8807,1,1.32,0.8741,776,0
SPY190809P289,2019-08-08,2019-08-08 09:36:23,1.33,0.8807,128,1.31,0.8675,54,1.33,0.8807,1,1.32,0.8741,776,1
SPY190809P289,2019-08-08,2019-08-08 09:36:24,1.33,0.8807,112,1.31,0.8675,5,1.33,0.8807,2,1.32,0.8741,778,0
SPY190809P289,2019-08-08,2019-08-08 09:36:24,1.33,0.8807,112,1.32,0.8741,1,1.33,0.8807,2,1.325,0.8774,778,2
SPY190809P289,2019-08-08,2019-08-08 09:36:25,1.34,0.8874,126,1.3,0.8609,269,1.33,0.8807,2,1.32,0.8741,778,0
SPY190809P289,2019-08-08,2019-08-08 09:36:25,1.33,0.8807,112,1.3,0.8609,195,1.33,0.8807,2,1.315,0.8708,778,0
SPY190809P289,2019-08-08,2019-08-08 09:36:26,1.33,0.8807,1,1.31,0.8675,169,1.32,0.8741,1,1.32,0.8741,779,1
SPY190809P289,2019-08-08,2019-08-08 09:36:26,1.33,0.8807,1,1.31,0.8675,137,1.32,0.8741,1,1.32,0.8741,779,0
SPY190809P289,2019-08-08,2019-08-08 09:36:27,1.33,0.8807,28,1.32,0.8741,5,1.32,0.8741,1,1.325,0.8774,779,0
SPY190809P289,2019-08-08,2019-08-08 09:36:27,1.33,0.8807,56,1.31,0.8675,119,1.32,0.8741,1,1.32,0.8741,779,0
SPY190809P289,2019-08-08,2019-08-08 09:36:28,1.33,0.8807,101,1.3,0.8609,274,1.32,0.8741,1,1.315,0.8708,779,0
SPY190809P289,2019-08-08,2019-08-08 09:36:29,1.33,0.8807,101,1.3,0.8609,202,1.32,0.8741,1,1.315,0.8708,779,0
SPY190809P289,2019-08-08,2019-08-08 09:36:29,1.33,0.8807,46,1.31,0.8675,1,1.32,0.8741,1,1.32,0.8741,779,0
SPY190809P289,2019-08-08,2019-08-08 09:36:30,1.32,0.8741,38,1.31,0.8675,1,1.32,0.8741,1,1.315,0.8708,779,0
SPY190809P289,2019-08-08,2019-08-08 09:36:30,1.32,0.8741,18,1.31,0.8675,1,1.32,0.8741,1,1.315,0.8708,779,0
SPY190809P289,2019-08-08,2019-08-08 09:36:31,1.33,0.8807,141,1.3,0.8609,189,1.32,0.8741,1,1.315,0.8708,779,0
SPY190809P289,2019-08-08,2019-08-08 09:36:32,1.32,0.8741,26,1.3,0.8609,349,1.32,0.8741,1,1.31,0.8675,779,0
SPY190809P289,2019-08-08,2019-08-08 09:36:32,1.32,0.8741,26,1.3,0.8609,329,1.32,0.8741,1,1.31,0.8675,779,0
SPY190809P289,2019-08-08,2019-08-08 09:36:33,1.32,0.8741,30,1.3,0.8609,329,1.32,0.8741,5,1.31,0.8675,784,5
SPY190809P289,2019-08-08,2019-08-08 09:36:33,1.32,0.8741,30,1.3,0.8609,329,1.32,0.8741,5,1.31,0.8675,784,0
SPY190809P289,2019-08-08,2019-08-08 09:36:34,1.34,0.8874,153,1.29,0.8543,545,1.32,0.8741,5,1.315,0.8708,784,0
SPY190809P289,2019-08-08,2019-08-08 09:36:34,1.33,0.8807,50,1.3,0.8609,329,1.32,0.8741,5,1.315,0.8708,784,0
SPY190809P289,2019-08-08,2019-08-08 09:36:35,1.34,0.8874,153,1.31,0.8675,14,1.32,0.8741,5,1.325,0.8774,784,0
SPY190809P289,2019-08-08,2019-08-08 09:36:35,1.33,0.8807,31,1.31,0.8675,1,1.32,0.8741,5,1.32,0.8741,784,0
SPY190809P289,2019-08-08,2019-08-08 09:36:36,1.33,0.8807,30,1.31,0.8675,369,1.32,0.8741,5,1.32,0.8741,784,0
SPY190809P289,2019-08-08,2019-08-08 09:36:36,1.34,0.8874,30,1.31,0.8675,369,1.32,0.8741,5,1.325,0.8774,784,0
SPY190809P289,2019-08-08,2019-08-08 09:36:37,1.33,0.8807,30,1.32,0.8741,1,1.32,0.8741,5,1.325,0.8774,784,0
SPY190809P289,2019-08-08,2019-08-08 09:36:37,1.33,0.8807,30,1.32,0.8741,5,1.32,0.8741,5,1.325,0.8774,784,0
SPY190809P289,2019-08-08,2019-08-08 09:36:38,1.33,0.8807,30,1.31,0.8675,140,1.33,0.8807,2,1.32,0.8741,786,2
SPY190809P289,2019-08-08,2019-08-08 09:36:38,1.33,0.8807,30,1.31,0.8675,119,1.33,0.8807,10,1.32,0.8741,806,20
SPY190809P289,2019-08-08,2019-08-08 09:36:39,1.34,0.8874,195,1.31,0.8675,100,1.33,0.8807,10,1.325,0.8774,806,0
SPY190809P289,2019-08-08,2019-08-08 09:36:39,1.33,0.8807,65,1.31,0.8675,100,1.33,0.8807,10,1.32,0.8741,806,0
SPY190809P289,2019-08-08,2019-08-08 09:36:40,1.33,0.8807,50,1.3,0.8609,237,1.33,0.8807,10,1.315,0.8708,806,0
SPY190809P289,2019-08-08,2019-08-08 09:36:40,1.34,0.8874,125,1.31,0.8675,16,1.33,0.8807,10,1.325,0.8774,806,0
SPY190809P289,2019-08-08,2019-08-08 09:36:41,1.34,0.8874,247,1.31,0.8675,120,1.33,0.8807,10,1.325,0.8774,806,0
SPY190809P289,2019-08-08,2019-08-08 09:36:41,1.33,0.8807,29,1.31,0.8675,135,1.33,0.8807,10,1.32,0.8741,806,0
SPY190809P289,2019-08-08,2019-08-08 09:36:42,1.33,0.8807,65,1.3,0.8609,237,1.33,0.8807,10,1.315,0.8708,806,0
SPY190809P289,2019-08-08,2019-08-08 09:36:43,1.33,0.8807,50,1.3,0.8609,626,1.33,0.8807,10,1.315,0.8708,806,0
SPY190809P289,2019-08-08,2019-08-08 09:36:43,1.32,0.8741,35,1.3,0.8609,237,1.32,0.8741,1,1.31,0.8675,807,1
SPY190809P289,2019-08-08,2019-08-08 09:36:44,1.33,0.8807,82,1.3,0.8609,237,1.32,0.8741,1,1.315,0.8708,807,0
SPY190809P289,2019-08-08,2019-08-08 09:36:44,1.32,0.8741,15,1.3,0.8609,237,1.32,0.8741,1,1.31,0.8675,807,0
SPY190809P289,2019-08-08,2019-08-08 09:36:45,1.33,0.8807,70,1.3,0.8609,237,1.32,0.8741,1,1.315,0.8708,807,0
SPY190809P289,2019-08-08,2019-08-08 09:36:45,1.32,0.8741,15,1.3,0.8609,237,1.32,0.8741,1,1.31,0.8675,807,0
SPY190809P289,2019-08-08,2019-08-08 09:36:46,1.33,0.8807,132,1.31,0.8675,1,1.32,0.8741,4,1.32,0.8741,811,4
SPY190809P289,2019-08-08,2019-08-08 09:36:46,1.33,0.8807,151,1.31,0.8675,5,1.32,0.8741,4,1.32,0.8741,811,0
SPY190809P289,2019-08-08,2019-08-08 09:36:47,1.32,0.8741,25,1.31,0.8675,20,1.32,0.8741,4,1.315,0.8708,811,0
SPY190809P289,2019-08-08,2019-08-08 09:36:47,1.33,0.8807,151,1.31,0.8675,20,1.32,0.8741,4,1.32,0.8741,811,0
SPY190809P289,2019-08-08,2019-08-08 09:36:48,1.34,0.8874,109,1.31,0.8675,71,1.32,0.8741,4,1.325,0.8774,811,0
SPY190809P289,2019-08-08,2019-08-08 09:36:48,1.32,0.8741,24,1.31,0.8675,20,1.32,0.8741,4,1.315,0.8708,811,0
SPY190809P289,2019-08-08,2019-08-08 09:36:49,1.34,0.8874,151,1.32,0.8741,12,1.32,0.8741,4,1.33,0.8807,811,0
SPY190809P289,2019-08-08,2019-08-08 09:36:49,1.34,0.8874,151,1.32,0.8741,46,1.32,0.8741,4,1.33,0.8807,811,0
SPY190809P289,2019-08-08,2019-08-08 09:36:50,1.34,0.8874,63,1.33,0.8807,6,1.32,0.8741,4,1.335,0.8841,811,0
SPY190809P289,2019-08-08,2019-08-08 09:36:50,1.34,0.8874,139,1.32,0.8741,1,1.32,0.8741,4,1.33,0.8807,811,0
SPY190809P289,2019-08-08,2019-08-08 09:36:51,1.33,0.8807,100,1.31,0.8675,37,1.32,0.8741,1,1.32,0.8741,812,1
SPY190809P289,2019-08-08,2019-08-08 09:36:51,1.33,0.8807,77,1.32,0.8741,1,1.32,0.8741,4,1.325,0.8774,811,0
SPY190809P289,2019-08-08,2019-08-08 09:36:52,1.33,0.8807,115,1.31,0.8675,80,1.32,0.8741,1,1.32,0.8741,812,0
SPY190809P289,2019-08-08,2019-08-08 09:36:52,1.33,0.8807,115,1.31,0.8675,67,1.32,0.8741,1,1.32,0.8741,812,0
SPY190809P289,2019-08-08,2019-08-08 09:36:53,1.33,0.8807,100,1.31,0.8675,80,1.32,0.8741,1,1.32,0.8741,812,0
SPY190809P289,2019-08-08,2019-08-08 09:36:53,1.33,0.8807,115,1.31,0.8675,74,1.32,0.8741,1,1.32,0.8741,812,0
SPY190809P289,2019-08-08,2019-08-08 09:36:54,1.33,0.8807,115,1.31,0.8675,20,1.32,0.8741,1,1.32,0.8741,812,0
SPY190809P289,2019-08-08,2019-08-08 09:36:55,1.33,0.8807,1,1.32,0.8741,10,1.33,0.8807,1,1.325,0.8774,813,0
SPY190809P289,2019-08-08,2019-08-08 09:36:55,1.33,0.8807,93,1.32,0.8741,10,1.33,0.8807,1,1.325,0.8774,813,1
SPY190809P289,2019-08-08,2019-08-08 09:36:56,1.34,0.8874,66,1.32,0.8741,39,1.33,0.8807,1,1.33,0.8807,813,0
SPY190809P289,2019-08-08,2019-08-08 09:36:56,1.34,0.8874,66,1.32,0.8741,32,1.33,0.8807,1,1.33,0.8807,813,0
SPY190809P289,2019-08-08,2019-08-08 09:36:57,1.36,0.9006,112,1.33,0.8807,67,1.33,0.8807,1,1.345,0.8907,813,0
SPY190809P289,2019-08-08,2019-08-08 09:36:57,1.35,0.894,174,1.32,0.8741,39,1.33,0.8807,1,1.335,0.8841,813,0
SPY190809P289,2019-08-08,2019-08-08 09:36:58,1.35,0.894,179,1.32,0.8741,155,1.33,0.8807,1,1.335,0.8841,813,0
SPY190809P289,2019-08-08,2019-08-08 09:36:58,1.34,0.8874,30,1.33,0.8807,1,1.33,0.8807,1,1.335,0.8841,813,0
SPY190809P289,2019-08-08,2019-08-08 09:36:59,1.35,0.894,176,1.33,0.8807,71,1.33,0.8807,1,1.34,0.8874,813,0
SPY190809P289,2019-08-08,2019-08-08 09:36:59,1.35,0.894,178,1.33,0.8807,29,1.33,0.8807,1,1.34,0.8874,813,0
SPY190809P289,2019-08-08,2019-08-08 09:37:00,1.35,0.894,178,1.33,0.8807,29,1.33,0.8807,1,1.34,0.8874,813,0
SPY190809P289,2019-08-08,2019-08-08 09:37:00,1.35,0.894,181,1.33,0.8807,29,1.33,0.8807,1,1.34,0.8874,813,0
SPY190809P289,2019-08-08,2019-08-08 09:37:01,1.35,0.894,78,1.33,0.8807,103,1.33,0.8807,1,1.34,0.8874,813,0
SPY190809P289,2019-08-08,2019-08-08 09:37:01,1.36,0.9006,136,1.32,0.8741,37,1.33,0.8807,1,1.34,0.8874,813,0
SPY190809P289,2019-08-08,2019-08-08 09:37:02,1.35,0.894,204,1.33,0.8807,78,1.33,0.8807,1,1.34,0.8874,813,0
SPY190809P289,2019-08-08,2019-08-08 09:37:02,1.35,0.894,190,1.32,0.8741,152,1.33,0.8807,1,1.335,0.8841,813,0
SPY190809P289,2019-08-08,2019-08-08 09:37:03,1.36,0.9006,66,1.34,0.8874,22,1.33,0.8807,1,1.35,0.894,813,0
SPY190809P289,2019-08-08,2019-08-08 09:37:03,1.36,0.9006,5,1.35,0.894,67,1.33,0.8807,1,1.355,0.8973,813,0
SPY190809P289,2019-08-08,2019-08-08 09:37:04,1.36,0.9006,30,1.34,0.8874,139,1.33,0.8807,1,1.35,0.894,813,0
SPY190809P289,2019-08-08,2019-08-08 09:37:04,1.36,0.9006,107,1.34,0.8874,111,1.33,0.8807,1,1.35,0.894,813,0
SPY190809P289,2019-08-08,2019-08-08 09:37:05,1.36,0.9006,93,1.34,0.8874,50,1.33,0.8807,1,1.35,0.894,813,0
SPY190809P289,2019-08-08,2019-08-08 09:37:05,1.36,0.9006,93,1.34,0.8874,70,1.33,0.8807,1,1.35,0.894,813,0
SPY190809P289,2019-08-08,2019-08-08 09:37:06,1.36,0.9006,185,1.34,0.8874,15,1.33,0.8807,1,1.35,0.894,813,0
SPY190809P289,2019-08-08,2019-08-08 09:37:06,1.36,0.9006,93,1.34,0.8874,15,1.33,0.8807,1,1.35,0.894,813,0
SPY190809P289,2019-08-08,2019-08-08 09:37:07,1.36,0.9006,167,1.33,0.8807,148,1.33,0.8807,1,1.345,0.8907,813,0
SPY190809P289,2019-08-08,2019-08-08 09:37:07,1.36,0.9006,185,1.34,0.8874,15,1.33,0.8807,1,1.35,0.894,813,0
SPY190809P289,2019-08-08,2019-08-08 09:37:08,1.36,0.9006,167,1.34,0.8874,35,1.33,0.8807,1,1.35,0.894,813,0
SPY190809P289,2019-08-08,2019-08-08 09:37:09,1.36,0.9006,5,1.35,0.894,22,1.33,0.8807,1,1.355,0.8973,813,0
SPY190809P289,2019-08-08,2019-08-08 09:37:09,1.36,0.9006,115,1.34,0.8874,75,1.33,0.8807,1,1.35,0.894,813,0
SPY190809P289,2019-08-08,2019-08-08 09:37:10,1.38,0.9139,153,1.36,0.9006,91,1.36,0.9006,5,1.37,0.9072,818,0
SPY190809P289,2019-08-08,2019-08-08 09:37:10,1.38,0.9139,229,1.36,0.9006,28,1.36,0.9006,5,1.37,0.9072,818,5
SPY190809P289,2019-08-08,2019-08-08 09:37:11,1.38,0.9139,48,1.37,0.9072,112,1.36,0.9006,5,1.375,0.9105,818,0
SPY190809P289,2019-08-08,2019-08-08 09:37:11,1.38,0.9139,30,1.37,0.9072,47,1.36,0.9006,5,1.375,0.9105,818,0
SPY190809P289,2019-08-08,2019-08-08 09:37:12,1.38,0.9139,30,1.37,0.9072,116,1.36,0.9006,5,1.375,0.9105,818,0
SPY190809P289,2019-08-08,2019-08-08 09:37:13,1.38,0.9139,30,1.37,0.9072,116,1.36,0.9006,5,1.375,0.9105,818,0
SPY190809P289,2019-08-08,2019-08-08 09:37:14,1.43,0.947,416,1.38,0.9139,82,1.41,0.9337,5,1.405,0.9304,856,38
SPY190809P289,2019-08-08,2019-08-08 09:37:14,1.42,0.9403,60,1.4,0.9271,123,1.41,0.9337,5,1.41,0.9337,856,0
SPY190809P289,2019-08-08,2019-08-08 09:37:15,1.42,0.9403,60,1.41,0.9337,7,1.41,0.9337,5,1.415,0.937,856,0
SPY190809P289,2019-08-08,2019-08-08 09:37:15,1.42,0.9403,60,1.41,0.9337,5,1.41,0.9337,5,1.415,0.937,856,0
SPY190809P289,2019-08-08,2019-08-08 09:37:16,1.42,0.9403,98,1.41,0.9337,29,1.41,0.9337,5,1.415,0.937,856,0
SPY190809P289,2019-08-08,2019-08-08 09:37:16,1.42,0.9403,60,1.4,0.9271,121,1.41,0.9337,5,1.41,0.9337,856,0
SPY190809P289,2019-08-08,2019-08-08 09:37:17,1.42,0.9403,60,1.4,0.9271,55,1.41,0.9337,5,1.41,0.9337,856,0
SPY190809P289,2019-08-08,2019-08-08 09:37:17,1.41,0.9337,99,1.4,0.9271,29,1.41,0.9337,5,1.405,0.9304,856,0
SPY190809P289,2019-08-08,2019-08-08 09:37:18,1.4,0.9271,86,1.39,0.9205,29,1.41,0.9337,5,1.395,0.9238,856,0
SPY190809P289,2019-08-08,2019-08-08 09:37:18,1.4,0.9271,5,1.37,0.9072,4,1.41,0.9337,5,1.385,0.9172,856,0
SPY190809P289,2019-08-08,2019-08-08 09:37:19,1.4,0.9271,48,1.38,0.9139,28,1.39,0.9205,3,1.39,0.9205,863,3
SPY190809P289,2019-08-08,2019-08-08 09:37:19,1.4,0.9271,48,1.38,0.9139,28,1.4,0.9271,4,1.39,0.9205,860,4
SPY190809P289,2019-08-08,2019-08-08 09:37:20,1.39,0.9205,45,1.38,0.9139,78,1.39,0.9205,3,1.385,0.9172,863,0
SPY190809P289,2019-08-08,2019-08-08 09:37:20,1.4,0.9271,100,1.37,0.9072,28,1.39,0.9205,3,1.385,0.9172,863,0
SPY190809P289,2019-08-08,2019-08-08 09:37:21,1.39,0.9205,49,1.38,0.9139,15,1.39,0.9205,3,1.385,0.9172,863,0
SPY190809P289,2019-08-08,2019-08-08 09:37:21,1.39,0.9205,49,1.38,0.9139,15,1.38,0.9139,10,1.385,0.9172,873,10
SPY190809P289,2019-08-08,2019-08-08 09:37:22,1.38,0.9139,86,1.37,0.9072,2,1.38,0.9139,1,1.375,0.9105,874,0
SPY190809P289,2019-08-08,2019-08-08 09:37:22,1.38,0.9139,86,1.37,0.9072,2,1.38,0.9139,1,1.375,0.9105,874,1
SPY190809P289,2019-08-08,2019-08-08 09:37:23,1.4,0.9271,50,1.37,0.9072,62,1.38,0.9139,1,1.385,0.9172,874,0
SPY190809P289,2019-08-08,2019-08-08 09:37:23,1.39,0.9205,5,1.37,0.9072,79,1.38,0.9139,1,1.38,0.9139,874,0
SPY190809P289,2019-08-08,2019-08-08 09:37:24,1.4,0.9271,50,1.36,0.9006,26,1.38,0.9139,1,1.38,0.9139,874,0
SPY190809P289,2019-08-08,2019-08-08 09:37:24,1.4,0.9271,50,1.37,0.9072,5,1.38,0.9139,1,1.385,0.9172,874,0
SPY190809P289,2019-08-08,2019-08-08 09:37:25,1.38,0.9139,81,1.36,0.9006,196,1.38,0.9139,1,1.37,0.9072,874,0
SPY190809P289,2019-08-08,2019-08-08 09:37:25,1.38,0.9139,48,1.37,0.9072,107,1.38,0.9139,1,1.375,0.9105,874,0
SPY190809P289,2019-08-08,2019-08-08 09:37:26,1.39,0.9205,91,1.38,0.9139,28,1.38,0.9139,1,1.385,0.9172,874,0
SPY190809P289,2019-08-08,2019-08-08 09:37:26,1.39,0.9205,91,1.38,0.9139,1,1.38,0.9139,1,1.385,0.9172,874,0
SPY190809P289,2019-08-08,2019-08-08 09:37:27,1.39,0.9205,91,1.37,0.9072,184,1.38,0.9139,1,1.38,0.9139,874,0
SPY190809P289,2019-08-08,2019-08-08 09:37:27,1.39,0.9205,91,1.38,0.9139,73,1.38,0.9139,1,1.385,0.9172,874,0
SPY190809P289,2019-08-08,2019-08-08 09:37:28,1.4,0.9271,55,1.39,0.9205,101,1.38,0.9139,1,1.395,0.9238,874,0
SPY190809P289,2019-08-08,2019-08-08 09:37:28,1.42,0.9403,29,1.39,0.9205,300,1.4,0.9271,1,1.405,0.9304,875,1
SPY190809P289,2019-08-08,2019-08-08 09:37:29,1.42,0.9403,87,1.4,0.9271,5,1.4,0.9271,1,1.41,0.9337,875,0
SPY190809P289,2019-08-08,2019-08-08 09:37:29,1.42,0.9403,87,1.4,0.9271,99,1.4,0.9271,1,1.41,0.9337,875,0
SPY190809P289,2019-08-08,2019-08-08 09:37:30,1.42,0.9403,111,1.4,0.9271,108,1.4,0.9271,1,1.41,0.9337,875,0
SPY190809P289,2019-08-08,2019-08-08 09:37:31,1.41,0.9337,65,1.39,0.9205,135,1.4,0.9271,1,1.4,0.9271,875,0
SPY190809P289,2019-08-08,2019-08-08 09:37:32,1.41,0.9337,174,1.39,0.9205,31,1.4,0.9271,1,1.4,0.9271,875,0
SPY190809P289,2019-08-08,2019-08-08 09:37:32,1.41,0.9337,93,1.39,0.9205,125,1.4,0.9271,1,1.4,0.9271,875,0
SPY190809P289,2019-08-08,2019-08-08 09:37:33,1.41,0.9337,174,1.39,0.9205,31,1.4,0.9271,1,1.4,0.9271,875,0
SPY190809P289,2019-08-08,2019-08-08 09:37:33,1.4,0.9271,52,1.39,0.9205,31,1.4,0.9271,1,1.395,0.9238,875,0
SPY190809P289,2019-08-08,2019-08-08 09:37:34,1.4,0.9271,47,1.39,0.9205,29,1.4,0.9271,3,1.395,0.9238,878,0
SPY190809P289,2019-08-08,2019-08-08 09:37:34,1.4,0.9271,39,1.39,0.9205,31,1.4,0.9271,3,1.395,0.9238,878,3
SPY190809P289,2019-08-08,2019-08-08 09:37:35,1.4,0.9271,73,1.39,0.9205,1,1.4,0.9271,3,1.395,0.9238,878,0
SPY190809P289,2019-08-08,2019-08-08 09:37:35,1.4,0.9271,82,1.39,0.9205,1,1.4,0.9271,3,1.395,0.9238,878,0
SPY190809P289,2019-08-08,2019-08-08 09:37:36,1.4,0.9271,82,1.39,0.9205,1,1.4,0.9271,3,1.395,0.9238,878,0
SPY190809P289,2019-08-08,2019-08-08 09:37:37,1.39,0.9205,69,1.38,0.9139,26,1.39,0.9205,10,1.385,0.9172,889,0
SPY190809P289,2019-08-08,2019-08-08 09:37:37,1.39,0.9205,47,1.38,0.9139,10,1.39,0.9205,10,1.385,0.9172,889,11
SPY190809P289,2019-08-08,2019-08-08 09:37:38,1.38,0.9139,60,1.38,0.9139,10,1.38,0.9139,10,1.38,0.9139,899,10
SPY190809P289,2019-08-08,2019-08-08 09:37:38,1.39,0.9205,72,1.38,0.9139,10,1.39,0.9205,10,1.385,0.9172,889,0
SPY190809P289,2019-08-08,2019-08-08 09:37:39,1.37,0.9072,134,1.36,0.9006,1,1.38,0.9139,10,1.365,0.9039,899,0
SPY190809P289,2019-08-08,2019-08-08 09:37:39,1.37,0.9072,123,1.36,0.9006,1,1.38,0.9139,10,1.365,0.9039,899,0
SPY190809P289,2019-08-08,2019-08-08 09:37:40,1.36,0.9006,64,1.36,0.9006,1,1.36,0.9006,1,1.36,0.9006,900,1
SPY190809P289,2019-08-08,2019-08-08 09:37:40,1.37,0.9072,184,1.36,0.9006,1,1.38,0.9139,10,1.365,0.9039,899,0
SPY190809P289,2019-08-08,2019-08-08 09:37:41,1.36,0.9006,64,1.36,0.9006,1,1.36,0.9006,1,1.36,0.9006,900,0
SPY190809P289,2019-08-08,2019-08-08 09:37:41,1.36,0.9006,67,1.35,0.894,5,1.36,0.9006,1,1.355,0.8973,900,0
SPY190809P289,2019-08-08,2019-08-08 09:37:42,1.36,0.9006,59,1.34,0.8874,144,1.35,0.894,2,1.35,0.894,907,0
SPY190809P289,2019-08-08,2019-08-08 09:37:42,1.35,0.894,63,1.35,0.894,5,1.35,0.894,2,1.35,0.894,907,7
SPY190809P289,2019-08-08,2019-08-08 09:37:43,1.36,0.9006,59,1.34,0.8874,132,1.35,0.894,2,1.35,0.894,907,0
SPY190809P289,2019-08-08,2019-08-08 09:37:44,1.36,0.9006,80,1.34,0.8874,25,1.35,0.894,2,1.35,0.894,907,0
SPY190809P289,2019-08-08,2019-08-08 09:37:44,1.36,0.9006,64,1.35,0.894,25,1.35,0.894,2,1.355,0.8973,907,0
SPY190809P289,2019-08-08,2019-08-08 09:37:45,1.35,0.894,13,1.33,0.8807,202,1.35,0.894,2,1.34,0.8874,907,0
SPY190809P289,2019-08-08,2019-08-08 09:37:45,1.36,0.9006,144,1.33,0.8807,202,1.35,0.894,2,1.345,0.8907,907,0
SPY190809P289,2019-08-08,2019-08-08 09:37:46,1.35,0.894,25,1.34,0.8874,1,1.35,0.894,2,1.345,0.8907,907,0
SPY190809P289,2019-08-08,2019-08-08 09:37:46,1.35,0.894,25,1.33,0.8807,202,1.35,0.894,2,1.34,0.8874,907,0
SPY190809P289,2019-08-08,2019-08-08 09:37:47,1.35,0.894,13,1.34,0.8874,1,1.35,0.894,2,1.345,0.8907,907,0
SPY190809P289,2019-08-08,2019-08-08 09:37:48,1.35,0.894,67,1.34,0.8874,5,1.35,0.894,2,1.345,0.8907,907,0
SPY190809P289,2019-08-08,2019-08-08 09:37:48,1.35,0.894,13,1.34,0.8874,1,1.35,0.894,2,1.345,0.8907,907,0
SPY190809P289,2019-08-08,2019-08-08 09:37:49,1.36,0.9006,64,1.34,0.8874,130,1.35,0.894,2,1.35,0.894,907,0
SPY190809P289,2019-08-08,2019-08-08 09:37:49,1.35,0.894,67,1.34,0.8874,30,1.35,0.894,2,1.345,0.8907,907,0
SPY190809P289,2019-08-08,2019-08-08 09:37:50,1.38,0.9139,92,1.36,0.9006,4,1.35,0.894,2,1.37,0.9072,907,0
SPY190809P289,2019-08-08,2019-08-08 09:37:50,1.37,0.9072,64,1.35,0.894,50,1.35,0.894,2,1.36,0.9006,907,0
SPY190809P289,2019-08-08,2019-08-08 09:37:51,1.37,0.9072,46,1.35,0.894,186,1.35,0.894,2,1.36,0.9006,907,0
SPY190809P289,2019-08-08,2019-08-08 09:37:52,1.38,0.9139,93,1.36,0.9006,501,1.35,0.894,2,1.37,0.9072,907,0
SPY190809P289,2019-08-08,2019-08-08 09:37:52,1.38,0.9139,93,1.37,0.9072,4,1.35,0.894,2,1.375,0.9105,907,0
SPY190809P289,2019-08-08,2019-08-08 09:37:53,1.39,0.9205,64,1.37,0.9072,4,1.35,0.894,2,1.38,0.9139,907,0
SPY190809P289,2019-08-08,2019-08-08 09:37:53,1.39,0.9205,64,1.37,0.9072,190,1.35,0.894,2,1.38,0.9139,907,0
SPY190809P289,2019-08-08,2019-08-08 09:37:54,1.38,0.9139,29,1.37,0.9072,4,1.35,0.894,2,1.375,0.9105,907,0
SPY190809P289,2019-08-08,2019-08-08 09:37:54,1.38,0.9139,29,1.37,0.9072,5,1.35,0.894,2,1.375,0.9105,907,0
SPY190809P289,2019-08-08,2019-08-08 09:37:55,1.39,0.9205,29,1.38,0.9139,5,1.35,0.894,2,1.385,0.9172,907,0
SPY190809P289,2019-08-08,2019-08-08 09:37:55,1.39,0.9205,57,1.37,0.9072,171,1.35,0.894,2,1.38,0.9139,907,0
SPY190809P289,2019-08-08,2019-08-08 09:37:56,1.4,0.9271,44,1.38,0.9139,203,1.35,0.894,2,1.39,0.9205,907,0
SPY190809P289,2019-08-08,2019-08-08 09:37:56,1.39,0.9205,33,1.38,0.9139,203,1.38,0.9139,6,1.385,0.9172,913,6
SPY190809P289,2019-08-08,2019-08-08 09:37:57,1.39,0.9205,45,1.38,0.9139,35,1.38,0.9139,6,1.385,0.9172,913,0
SPY190809P289,2019-08-08,2019-08-08 09:37:57,1.39,0.9205,59,1.37,0.9072,202,1.38,0.9139,6,1.38,0.9139,913,0
SPY190809P289,2019-08-08,2019-08-08 09:37:58,1.4,0.9271,98,1.38,0.9139,151,1.38,0.9139,6,1.39,0.9205,913,0
SPY190809P289,2019-08-08,2019-08-08 09:37:58,1.4,0.9271,130,1.38,0.9139,89,1.38,0.9139,6,1.39,0.9205,913,0
SPY190809P289,2019-08-08,2019-08-08 09:37:59,1.39,0.9205,47,1.38,0.9139,23,1.38,0.9139,6,1.385,0.9172,913,0
SPY190809P289,2019-08-08,2019-08-08 09:37:59,1.38,0.9139,1,1.37,0.9072,52,1.38,0.9139,6,1.375,0.9105,913,0
SPY190809P289,2019-08-08,2019-08-08 09:38:00,1.4,0.9271,84,1.38,0.9139,87,1.39,0.9205,5,1.39,0.9205,918,5
SPY190809P289,2019-08-08,2019-08-08 09:38:00,1.38,0.9139,47,1.37,0.9072,72,1.38,0.9139,6,1.375,0.9105,913,0
SPY190809P289,2019-08-08,2019-08-08 09:38:01,1.41,0.9337,106,1.37,0.9072,138,1.39,0.9205,5,1.39,0.9205,918,0
SPY190809P289,2019-08-08,2019-08-08 09:38:01,1.4,0.9271,84,1.39,0.9205,3,1.39,0.9205,5,1.395,0.9238,918,0
SPY190809P289,2019-08-08,2019-08-08 09:38:02,1.4,0.9271,79,1.38,0.9139,3,1.39,0.9205,5,1.39,0.9205,918,0
SPY190809P289,2019-08-08,2019-08-08 09:38:02,1.4,0.9271,51,1.39,0.9205,3,1.39,0.9205,5,1.395,0.9238,918,0
SPY190809P289,2019-08-08,2019-08-08 09:38:03,1.4,0.9271,124,1.38,0.9139,31,1.39,0.9205,5,1.39,0.9205,918,0
SPY190809P289,2019-08-08,2019-08-08 09:38:03,1.4,0.9271,79,1.38,0.9139,31,1.39,0.9205,5,1.39,0.9205,918,0
SPY190809P289,2019-08-08,2019-08-08 09:38:04,1.42,0.9403,137,1.4,0.9271,77,1.39,0.9205,5,1.41,0.9337,918,0
SPY190809P289,2019-08-08,2019-08-08 09:38:04,1.4,0.9271,98,1.39,0.9205,33,1.39,0.9205,5,1.395,0.9238,918,0
SPY190809P289,2019-08-08,2019-08-08 09:38:05,1.41,0.9337,46,1.39,0.9205,49,1.39,0.9205,5,1.4,0.9271,918,0
SPY190809P289,2019-08-08,2019-08-08 09:38:05,1.41,0.9337,93,1.39,0.9205,49,1.39,0.9205,5,1.4,0.9271,918,0
SPY190809P289,2019-08-08,2019-08-08 09:38:06,1.42,0.9403,201,1.4,0.9271,20,1.39,0.9205,5,1.41,0.9337,918,0
SPY190809P289,2019-08-08,2019-08-08 09:38:06,1.41,0.9337,93,1.4,0.9271,19,1.39,0.9205,5,1.405,0.9304,918,0
SPY190809P289,2019-08-08,2019-08-08 09:38:07,1.42,0.9403,201,1.4,0.9271,53,1.39,0.9205,5,1.41,0.9337,918,0
SPY190809P289,2019-08-08,2019-08-08 09:38:07,1.41,0.9337,50,1.38,0.9139,58,1.39,0.9205,5,1.395,0.9238,918,0
SPY190809P289,2019-08-08,2019-08-08 09:38:08,1.4,0.9271,47,1.39,0.9205,19,1.39,0.9205,5,1.395,0.9238,918,0
SPY190809P289,2019-08-08,2019-08-08 09:38:08,1.41,0.9337,105,1.39,0.9205,46,1.39,0.9205,5,1.4,0.9271,918,0
SPY190809P289,2019-08-08,2019-08-08 09:38:09,1.39,0.9205,47,1.38,0.9139,121,1.39,0.9205,5,1.385,0.9172,918,0
SPY190809P289,2019-08-08,2019-08-08 09:38:09,1.41,0.9337,113,1.38,0.9139,121,1.39,0.9205,5,1.395,0.9238,918,0
SPY190809P289,2019-08-08,2019-08-08 09:38:10,1.41,0.9337,108,1.38,0.9139,368,1.39,0.9205,2,1.395,0.9238,920,0
