symbol,Date,quote_time,ask_price,norm_ask_price,ask_size,bid_price,norm_bid_price,bid_size,last_trade_price,norm_last_trade_price,last_trade_size,mark_price,norm_mark_price,volume,Volume
SPY190719P299,2019-07-17,2019-07-17 09:30:04,0.63,1.0,80,0.61,0.9682,197,0.63,1.0,5,0.62,0.9841,37,37
SPY190719P299,2019-07-17,2019-07-17 09:30:05,0.63,1.0,80,0.61,0.9682,551,0.63,1.0,2,0.62,0.9841,39,2
SPY190719P299,2019-07-17,2019-07-17 09:30:06,0.64,1.0158,288,0.61,0.9682,288,0.63,1.0,2,0.625,0.992,39,0
SPY190719P299,2019-07-17,2019-07-17 09:30:07,0.64,1.0158,528,0.61,0.9682,288,0.63,1.0,2,0.625,0.992,39,0
SPY190719P299,2019-07-17,2019-07-17 09:30:07,0.64,1.0158,664,0.61,0.9682,551,0.63,1.0,2,0.625,0.992,39,0
SPY190719P299,2019-07-17,2019-07-17 09:30:08,0.64,1.0158,664,0.61,0.9682,551,0.63,1.0,2,0.625,0.992,39,0
SPY190719P299,2019-07-17,2019-07-17 09:30:09,0.64,1.0158,664,0.61,0.9682,551,0.63,1.0,2,0.625,0.992,39,0
SPY190719P299,2019-07-17,2019-07-17 09:30:10,0.64,1.0158,135,0.62,0.9841,20,0.63,1.0,2,0.63,1.0,39,0
SPY190719P299,2019-07-17,2019-07-17 09:30:10,0.63,1.0,5,0.62,0.9841,100,0.63,1.0,2,0.625,0.992,39,0
SPY190719P299,2019-07-17,2019-07-17 09:30:11,0.66,1.0476,100,0.64,1.0158,50,0.65,1.0317,1,0.65,1.0317,41,2
SPY190719P299,2019-07-17,2019-07-17 09:30:11,0.68,1.0793,323,0.65,1.0317,20,0.65,1.0317,1,0.665,1.0555,41,0
SPY190719P299,2019-07-17,2019-07-17 09:30:12,0.68,1.0793,193,0.64,1.0158,450,0.65,1.0317,1,0.66,1.0476,41,0
SPY190719P299,2019-07-17,2019-07-17 09:30:13,0.66,1.0476,200,0.65,1.0317,50,0.65,1.0317,1,0.655,1.0396,41,0
SPY190719P299,2019-07-17,2019-07-17 09:30:13,0.65,1.0317,270,0.64,1.0158,34,0.65,1.0317,1,0.645,1.0238,41,0
SPY190719P299,2019-07-17,2019-07-17 09:30:14,0.65,1.0317,232,0.63,1.0,182,0.65,1.0317,1,0.64,1.0158,41,0
SPY190719P299,2019-07-17,2019-07-17 09:30:14,0.64,1.0158,86,0.63,1.0,132,0.65,1.0317,1,0.635,1.0079,41,0
SPY190719P299,2019-07-17,2019-07-17 09:30:15,0.64,1.0158,100,0.63,1.0,5,0.65,1.0317,1,0.635,1.0079,41,0
SPY190719P299,2019-07-17,2019-07-17 09:30:16,0.64,1.0158,213,0.62,0.9841,707,0.65,1.0317,1,0.63,1.0,41,0
SPY190719P299,2019-07-17,2019-07-17 09:30:16,0.64,1.0158,213,0.62,0.9841,707,0.63,1.0,2,0.63,1.0,43,2
SPY190719P299,2019-07-17,2019-07-17 09:30:17,0.64,1.0158,213,0.62,0.9841,707,0.63,1.0,2,0.63,1.0,43,0
SPY190719P299,2019-07-17,2019-07-17 09:30:18,0.64,1.0158,213,0.62,0.9841,707,0.63,1.0,2,0.63,1.0,43,0
SPY190719P299,2019-07-17,2019-07-17 09:30:18,0.64,1.0158,317,0.62,0.9841,736,0.63,1.0,2,0.63,1.0,43,0
SPY190719P299,2019-07-17,2019-07-17 09:30:19,0.64,1.0158,213,0.63,1.0,10,0.63,1.0,2,0.635,1.0079,43,0
SPY190719P299,2019-07-17,2019-07-17 09:30:20,0.65,1.0317,425,0.63,1.0,15,0.63,1.0,1,0.64,1.0158,50,7
SPY190719P299,2019-07-17,2019-07-17 09:30:23,0.65,1.0317,414,0.63,1.0,663,0.63,1.0,1,0.64,1.0158,50,0
SPY190719P299,2019-07-17,2019-07-17 09:30:24,0.65,1.0317,414,0.64,1.0158,75,0.63,1.0,1,0.645,1.0238,50,0
SPY190719P299,2019-07-17,2019-07-17 09:30:25,0.66,1.0476,5,0.64,1.0158,651,0.65,1.0317,5,0.65,1.0317,70,20
SPY190719P299,2019-07-17,2019-07-17 09:30:26,0.65,1.0317,100,0.64,1.0158,28,0.65,1.0317,5,0.645,1.0238,70,0
SPY190719P299,2019-07-17,2019-07-17 09:30:28,0.64,1.0158,186,0.63,1.0,10,0.65,1.0317,1,0.635,1.0079,91,21
SPY190719P299,2019-07-17,2019-07-17 09:30:28,0.65,1.0317,100,0.63,1.0,146,0.65,1.0317,5,0.64,1.0158,70,0
SPY190719P299,2019-07-17,2019-07-17 09:30:29,0.64,1.0158,186,0.63,1.0,10,0.65,1.0317,1,0.635,1.0079,91,0
SPY190719P299,2019-07-17,2019-07-17 09:30:30,0.64,1.0158,186,0.63,1.0,10,0.65,1.0317,1,0.635,1.0079,91,0
SPY190719P299,2019-07-17,2019-07-17 09:30:31,0.64,1.0158,186,0.63,1.0,10,0.65,1.0317,1,0.635,1.0079,91,0
SPY190719P299,2019-07-17,2019-07-17 09:30:32,0.63,1.0,5,0.62,0.9841,15,0.63,1.0,10,0.625,0.992,101,10
SPY190719P299,2019-07-17,2019-07-17 09:30:33,0.63,1.0,790,0.62,0.9841,15,0.62,0.9841,1,0.625,0.992,102,1
SPY190719P299,2019-07-17,2019-07-17 09:30:34,0.62,0.9841,196,0.61,0.9682,60,0.62,0.9841,15,0.615,0.9761,117,15
SPY190719P299,2019-07-17,2019-07-17 09:30:35,0.62,0.9841,65,0.6,0.9523,563,0.62,0.9841,15,0.61,0.9682,117,0
SPY190719P299,2019-07-17,2019-07-17 09:30:35,0.62,0.9841,196,0.6,0.9523,641,0.62,0.9841,15,0.61,0.9682,117,0
SPY190719P299,2019-07-17,2019-07-17 09:30:36,0.62,0.9841,5,0.61,0.9682,60,0.62,0.9841,15,0.615,0.9761,117,0
SPY190719P299,2019-07-17,2019-07-17 09:30:37,0.62,0.9841,5,0.61,0.9682,102,0.62,0.9841,15,0.615,0.9761,117,0
SPY190719P299,2019-07-17,2019-07-17 09:30:38,0.62,0.9841,5,0.61,0.9682,138,0.62,0.9841,15,0.615,0.9761,117,0
SPY190719P299,2019-07-17,2019-07-17 09:30:38,0.62,0.9841,200,0.61,0.9682,60,0.62,0.9841,15,0.615,0.9761,117,0
SPY190719P299,2019-07-17,2019-07-17 09:30:39,0.62,0.9841,5,0.6,0.9523,616,0.62,0.9841,15,0.61,0.9682,117,0
SPY190719P299,2019-07-17,2019-07-17 09:30:40,0.62,0.9841,882,0.6,0.9523,377,0.62,0.9841,15,0.61,0.9682,117,0
SPY190719P299,2019-07-17,2019-07-17 09:30:40,0.62,0.9841,674,0.6,0.9523,377,0.62,0.9841,15,0.61,0.9682,117,0
SPY190719P299,2019-07-17,2019-07-17 09:30:41,0.62,0.9841,882,0.6,0.9523,321,0.62,0.9841,15,0.61,0.9682,117,0
SPY190719P299,2019-07-17,2019-07-17 09:30:42,0.62,0.9841,674,0.6,0.9523,321,0.62,0.9841,15,0.61,0.9682,117,0
SPY190719P299,2019-07-17,2019-07-17 09:30:43,0.62,0.9841,140,0.61,0.9682,60,0.62,0.9841,15,0.615,0.9761,117,0
SPY190719P299,2019-07-17,2019-07-17 09:30:43,0.62,0.9841,104,0.61,0.9682,136,0.62,0.9841,15,0.615,0.9761,117,0
SPY190719P299,2019-07-17,2019-07-17 09:30:44,0.62,0.9841,5,0.61,0.9682,196,0.62,0.9841,15,0.615,0.9761,117,0
SPY190719P299,2019-07-17,2019-07-17 09:30:45,0.63,1.0,41,0.62,0.9841,63,0.62,0.9841,15,0.625,0.992,117,0
SPY190719P299,2019-07-17,2019-07-17 09:30:46,0.63,1.0,200,0.61,0.9682,474,0.62,0.9841,15,0.62,0.9841,117,0
SPY190719P299,2019-07-17,2019-07-17 09:30:48,0.63,1.0,5,0.62,0.9841,157,0.61,0.9682,12,0.625,0.992,129,12
SPY190719P299,2019-07-17,2019-07-17 09:30:52,0.63,1.0,5,0.61,0.9682,607,0.61,0.9682,12,0.62,0.9841,129,0
SPY190719P299,2019-07-17,2019-07-17 09:30:53,0.63,1.0,423,0.61,0.9682,400,0.61,0.9682,12,0.62,0.9841,129,0
SPY190719P299,2019-07-17,2019-07-17 09:30:53,0.63,1.0,708,0.61,0.9682,618,0.61,0.9682,12,0.62,0.9841,129,0
SPY190719P299,2019-07-17,2019-07-17 09:30:54,0.63,1.0,423,0.61,0.9682,319,0.62,0.9841,3,0.62,0.9841,133,4
SPY190719P299,2019-07-17,2019-07-17 09:30:55,0.63,1.0,735,0.61,0.9682,319,0.62,0.9841,3,0.62,0.9841,133,0
SPY190719P299,2019-07-17,2019-07-17 09:30:56,0.62,0.9841,5,0.61,0.9682,319,0.62,0.9841,3,0.615,0.9761,133,0
SPY190719P299,2019-07-17,2019-07-17 09:30:56,0.63,1.0,735,0.61,0.9682,319,0.62,0.9841,3,0.62,0.9841,133,0
SPY190719P299,2019-07-17,2019-07-17 09:30:57,0.62,0.9841,20,0.61,0.9682,319,0.62,0.9841,3,0.615,0.9761,133,0
SPY190719P299,2019-07-17,2019-07-17 09:30:57,0.62,0.9841,5,0.61,0.9682,319,0.62,0.9841,3,0.615,0.9761,133,0
SPY190719P299,2019-07-17,2019-07-17 09:30:58,0.62,0.9841,20,0.61,0.9682,343,0.62,0.9841,3,0.615,0.9761,133,0
SPY190719P299,2019-07-17,2019-07-17 09:30:59,0.62,0.9841,34,0.61,0.9682,250,0.62,0.9841,3,0.615,0.9761,133,0
SPY190719P299,2019-07-17,2019-07-17 09:31:00,0.62,0.9841,100,0.61,0.9682,91,0.62,0.9841,3,0.615,0.9761,133,0
SPY190719P299,2019-07-17,2019-07-17 09:31:01,0.62,0.9841,100,0.61,0.9682,69,0.62,0.9841,3,0.615,0.9761,133,0
SPY190719P299,2019-07-17,2019-07-17 09:31:01,0.62,0.9841,100,0.61,0.9682,96,0.62,0.9841,3,0.615,0.9761,133,0
SPY190719P299,2019-07-17,2019-07-17 09:31:02,0.62,0.9841,142,0.61,0.9682,60,0.62,0.9841,3,0.615,0.9761,133,0
SPY190719P299,2019-07-17,2019-07-17 09:31:02,0.62,0.9841,142,0.61,0.9682,59,0.61,0.9682,1,0.615,0.9761,134,1
SPY190719P299,2019-07-17,2019-07-17 09:31:03,0.62,0.9841,142,0.61,0.9682,59,0.61,0.9682,1,0.615,0.9761,134,0
SPY190719P299,2019-07-17,2019-07-17 09:31:03,0.62,0.9841,562,0.6,0.9523,289,0.61,0.9682,1,0.61,0.9682,134,0
SPY190719P299,2019-07-17,2019-07-17 09:31:04,0.62,0.9841,562,0.6,0.9523,70,0.61,0.9682,1,0.61,0.9682,134,0
SPY190719P299,2019-07-17,2019-07-17 09:31:04,0.62,0.9841,562,0.6,0.9523,288,0.61,0.9682,1,0.61,0.9682,134,0
SPY190719P299,2019-07-17,2019-07-17 09:31:05,0.62,0.9841,20,0.6,0.9523,384,0.61,0.9682,1,0.61,0.9682,134,0
SPY190719P299,2019-07-17,2019-07-17 09:31:06,0.62,0.9841,142,0.6,0.9523,690,0.62,0.9841,2,0.61,0.9682,136,2
SPY190719P299,2019-07-17,2019-07-17 09:31:06,0.62,0.9841,142,0.61,0.9682,60,0.62,0.9841,2,0.615,0.9761,136,0
SPY190719P299,2019-07-17,2019-07-17 09:31:07,0.61,0.9682,420,0.6,0.9523,694,0.62,0.9841,2,0.605,0.9603,136,0
SPY190719P299,2019-07-17,2019-07-17 09:31:07,0.62,0.9841,202,0.6,0.9523,694,0.62,0.9841,2,0.61,0.9682,136,0
SPY190719P299,2019-07-17,2019-07-17 09:31:08,0.61,0.9682,560,0.59,0.9365,388,0.62,0.9841,2,0.6,0.9523,136,0
SPY190719P299,2019-07-17,2019-07-17 09:31:08,0.61,0.9682,560,0.59,0.9365,585,0.62,0.9841,2,0.6,0.9523,136,0
SPY190719P299,2019-07-17,2019-07-17 09:31:09,0.61,0.9682,560,0.59,0.9365,388,0.62,0.9841,2,0.6,0.9523,136,0
SPY190719P299,2019-07-17,2019-07-17 09:31:10,0.6,0.9523,5,0.59,0.9365,114,0.62,0.9841,2,0.595,0.9444,136,0
SPY190719P299,2019-07-17,2019-07-17 09:31:11,0.6,0.9523,5,0.59,0.9365,60,0.62,0.9841,2,0.595,0.9444,136,0
SPY190719P299,2019-07-17,2019-07-17 09:31:11,0.6,0.9523,5,0.59,0.9365,129,0.62,0.9841,2,0.595,0.9444,136,0
SPY190719P299,2019-07-17,2019-07-17 09:31:12,0.6,0.9523,5,0.59,0.9365,60,0.62,0.9841,2,0.595,0.9444,136,0
SPY190719P299,2019-07-17,2019-07-17 09:31:13,0.6,0.9523,204,0.58,0.9206,431,0.62,0.9841,2,0.59,0.9365,136,0
SPY190719P299,2019-07-17,2019-07-17 09:31:13,0.6,0.9523,204,0.58,0.9206,768,0.62,0.9841,2,0.59,0.9365,136,0
SPY190719P299,2019-07-17,2019-07-17 09:31:14,0.6,0.9523,221,0.58,0.9206,768,0.59,0.9365,15,0.59,0.9365,151,15
SPY190719P299,2019-07-17,2019-07-17 09:31:15,0.6,0.9523,269,0.58,0.9206,672,0.59,0.9365,15,0.59,0.9365,151,0
SPY190719P299,2019-07-17,2019-07-17 09:31:15,0.59,0.9365,5,0.58,0.9206,95,0.59,0.9365,1,0.585,0.9285,156,5
SPY190719P299,2019-07-17,2019-07-17 09:31:16,0.59,0.9365,485,0.58,0.9206,95,0.59,0.9365,1,0.585,0.9285,156,0
SPY190719P299,2019-07-17,2019-07-17 09:31:17,0.59,0.9365,485,0.58,0.9206,95,0.59,0.9365,1,0.585,0.9285,156,0
SPY190719P299,2019-07-17,2019-07-17 09:31:18,0.59,0.9365,486,0.58,0.9206,95,0.59,0.9365,1,0.585,0.9285,156,0
SPY190719P299,2019-07-17,2019-07-17 09:31:18,0.59,0.9365,496,0.58,0.9206,95,0.59,0.9365,1,0.585,0.9285,156,0
SPY190719P299,2019-07-17,2019-07-17 09:31:19,0.59,0.9365,496,0.58,0.9206,95,0.59,0.9365,1,0.585,0.9285,156,0
SPY190719P299,2019-07-17,2019-07-17 09:31:20,0.59,0.9365,496,0.58,0.9206,95,0.59,0.9365,1,0.585,0.9285,156,0
SPY190719P299,2019-07-17,2019-07-17 09:31:21,0.59,0.9365,496,0.58,0.9206,95,0.59,0.9365,1,0.585,0.9285,156,0
SPY190719P299,2019-07-17,2019-07-17 09:31:22,0.59,0.9365,496,0.58,0.9206,8,0.59,0.9365,1,0.585,0.9285,156,0
SPY190719P299,2019-07-17,2019-07-17 09:31:23,0.59,0.9365,715,0.58,0.9206,5,0.59,0.9365,2,0.585,0.9285,158,0
SPY190719P299,2019-07-17,2019-07-17 09:31:23,0.59,0.9365,200,0.58,0.9206,5,0.59,0.9365,2,0.585,0.9285,158,2
SPY190719P299,2019-07-17,2019-07-17 09:31:24,0.59,0.9365,715,0.58,0.9206,5,0.59,0.9365,2,0.585,0.9285,158,0
SPY190719P299,2019-07-17,2019-07-17 09:31:25,0.59,0.9365,698,0.58,0.9206,5,0.59,0.9365,2,0.585,0.9285,158,0
SPY190719P299,2019-07-17,2019-07-17 09:31:26,0.59,0.9365,698,0.58,0.9206,5,0.59,0.9365,2,0.585,0.9285,158,0
SPY190719P299,2019-07-17,2019-07-17 09:31:27,0.58,0.9206,831,0.56,0.8888,644,0.58,0.9206,5,0.57,0.9047,163,0
SPY190719P299,2019-07-17,2019-07-17 09:31:27,0.58,0.9206,714,0.56,0.8888,644,0.58,0.9206,5,0.57,0.9047,163,5
SPY190719P299,2019-07-17,2019-07-17 09:31:28,0.58,0.9206,831,0.56,0.8888,644,0.58,0.9206,5,0.57,0.9047,163,0
SPY190719P299,2019-07-17,2019-07-17 09:31:29,0.57,0.9047,5,0.56,0.8888,350,0.58,0.9206,5,0.565,0.8968,163,0
SPY190719P299,2019-07-17,2019-07-17 09:31:30,0.57,0.9047,5,0.56,0.8888,322,0.58,0.9206,5,0.565,0.8968,163,0
SPY190719P299,2019-07-17,2019-07-17 09:31:30,0.57,0.9047,5,0.56,0.8888,453,0.58,0.9206,5,0.565,0.8968,163,0
SPY190719P299,2019-07-17,2019-07-17 09:31:31,0.57,0.9047,5,0.56,0.8888,322,0.58,0.9206,5,0.565,0.8968,163,0
SPY190719P299,2019-07-17,2019-07-17 09:31:32,0.58,0.9206,208,0.57,0.9047,6,0.58,0.9206,5,0.575,0.9126,163,0
SPY190719P299,2019-07-17,2019-07-17 09:31:33,0.59,0.9365,493,0.57,0.9047,209,0.58,0.9206,5,0.58,0.9206,163,0
SPY190719P299,2019-07-17,2019-07-17 09:31:35,0.59,0.9365,639,0.58,0.9206,20,0.57,0.9047,3,0.585,0.9285,184,21
SPY190719P299,2019-07-17,2019-07-17 09:31:36,0.59,0.9365,159,0.57,0.9047,1126,0.57,0.9047,3,0.58,0.9206,184,0
SPY190719P299,2019-07-17,2019-07-17 09:31:38,0.59,0.9365,219,0.58,0.9206,5,0.57,0.9047,3,0.585,0.9285,184,0
SPY190719P299,2019-07-17,2019-07-17 09:31:39,0.59,0.9365,779,0.57,0.9047,218,0.57,0.9047,3,0.58,0.9206,184,0
SPY190719P299,2019-07-17,2019-07-17 09:31:39,0.59,0.9365,338,0.57,0.9047,148,0.57,0.9047,3,0.58,0.9206,184,0
SPY190719P299,2019-07-17,2019-07-17 09:31:40,0.58,0.9206,5,0.57,0.9047,158,0.57,0.9047,3,0.575,0.9126,184,0
SPY190719P299,2019-07-17,2019-07-17 09:31:43,0.58,0.9206,155,0.57,0.9047,48,0.57,0.9047,3,0.575,0.9126,184,0
SPY190719P299,2019-07-17,2019-07-17 09:31:45,0.58,0.9206,157,0.57,0.9047,21,0.57,0.9047,10,0.575,0.9126,194,10
SPY190719P299,2019-07-17,2019-07-17 09:31:46,0.58,0.9206,157,0.57,0.9047,21,0.57,0.9047,10,0.575,0.9126,194,0
SPY190719P299,2019-07-17,2019-07-17 09:31:47,0.58,0.9206,157,0.57,0.9047,56,0.57,0.9047,10,0.575,0.9126,194,0
SPY190719P299,2019-07-17,2019-07-17 09:31:48,0.58,0.9206,577,0.57,0.9047,56,0.57,0.9047,10,0.575,0.9126,194,0
SPY190719P299,2019-07-17,2019-07-17 09:31:49,0.58,0.9206,157,0.57,0.9047,56,0.57,0.9047,10,0.575,0.9126,194,0
SPY190719P299,2019-07-17,2019-07-17 09:31:50,0.58,0.9206,577,0.57,0.9047,20,0.57,0.9047,10,0.575,0.9126,194,0
SPY190719P299,2019-07-17,2019-07-17 09:31:51,0.58,0.9206,577,0.57,0.9047,5,0.57,0.9047,10,0.575,0.9126,194,0
SPY190719P299,2019-07-17,2019-07-17 09:31:52,0.58,0.9206,157,0.57,0.9047,36,0.57,0.9047,10,0.575,0.9126,194,0
SPY190719P299,2019-07-17,2019-07-17 09:31:52,0.58,0.9206,157,0.57,0.9047,66,0.57,0.9047,10,0.575,0.9126,194,0
SPY190719P299,2019-07-17,2019-07-17 09:31:53,0.58,0.9206,4,0.57,0.9047,46,0.57,0.9047,10,0.575,0.9126,194,0
SPY190719P299,2019-07-17,2019-07-17 09:31:54,0.58,0.9206,4,0.57,0.9047,2147,0.58,0.9206,1,0.575,0.9126,195,1
SPY190719P299,2019-07-17,2019-07-17 09:31:54,0.58,0.9206,4,0.58,0.9206,50,0.58,0.9206,2,0.58,0.9206,199,4
SPY190719P299,2019-07-17,2019-07-17 09:31:55,0.59,0.9365,45,0.58,0.9206,392,0.58,0.9206,10,0.585,0.9285,209,10
SPY190719P299,2019-07-17,2019-07-17 09:31:56,0.59,0.9365,45,0.58,0.9206,708,0.58,0.9206,10,0.585,0.9285,209,0
SPY190719P299,2019-07-17,2019-07-17 09:31:57,0.59,0.9365,45,0.58,0.9206,1016,0.58,0.9206,10,0.585,0.9285,209,0
SPY190719P299,2019-07-17,2019-07-17 09:31:58,0.59,0.9365,45,0.58,0.9206,1095,0.58,0.9206,10,0.585,0.9285,209,0
SPY190719P299,2019-07-17,2019-07-17 09:31:59,0.59,0.9365,45,0.58,0.9206,2512,0.58,0.9206,10,0.585,0.9285,209,0
SPY190719P299,2019-07-17,2019-07-17 09:32:00,0.59,0.9365,45,0.58,0.9206,2552,0.58,0.9206,10,0.585,0.9285,209,0
SPY190719P299,2019-07-17,2019-07-17 09:32:01,0.6,0.9523,10,0.59,0.9365,1505,0.59,0.9365,1,0.595,0.9444,255,46
SPY190719P299,2019-07-17,2019-07-17 09:32:02,0.62,0.9841,527,0.6,0.9523,179,0.6,0.9523,10,0.61,0.9682,265,0
SPY190719P299,2019-07-17,2019-07-17 09:32:02,0.62,0.9841,110,0.6,0.9523,110,0.6,0.9523,10,0.61,0.9682,265,10
SPY190719P299,2019-07-17,2019-07-17 09:32:03,0.62,0.9841,682,0.6,0.9523,523,0.6,0.9523,10,0.61,0.9682,265,0
SPY190719P299,2019-07-17,2019-07-17 09:32:04,0.62,0.9841,709,0.6,0.9523,690,0.6,0.9523,10,0.61,0.9682,265,0
SPY190719P299,2019-07-17,2019-07-17 09:32:04,0.62,0.9841,718,0.6,0.9523,690,0.6,0.9523,10,0.61,0.9682,265,0
SPY190719P299,2019-07-17,2019-07-17 09:32:05,0.62,0.9841,709,0.6,0.9523,732,0.6,0.9523,10,0.61,0.9682,265,0
SPY190719P299,2019-07-17,2019-07-17 09:32:06,0.61,0.9682,5,0.6,0.9523,492,0.6,0.9523,10,0.605,0.9603,265,0
SPY190719P299,2019-07-17,2019-07-17 09:32:07,0.61,0.9682,5,0.6,0.9523,492,0.6,0.9523,1,0.605,0.9603,266,1
SPY190719P299,2019-07-17,2019-07-17 09:32:07,0.61,0.9682,87,0.6,0.9523,687,0.6,0.9523,1,0.605,0.9603,266,0
SPY190719P299,2019-07-17,2019-07-17 09:32:08,0.61,0.9682,87,0.6,0.9523,687,0.6,0.9523,1,0.605,0.9603,266,0
SPY190719P299,2019-07-17,2019-07-17 09:32:09,0.61,0.9682,77,0.6,0.9523,492,0.6,0.9523,1,0.605,0.9603,266,0
SPY190719P299,2019-07-17,2019-07-17 09:32:10,0.63,1.0,757,0.61,0.9682,388,0.61,0.9682,5,0.62,0.9841,271,5
SPY190719P299,2019-07-17,2019-07-17 09:32:10,0.61,0.9682,5,0.6,0.9523,687,0.6,0.9523,1,0.605,0.9603,266,0
SPY190719P299,2019-07-17,2019-07-17 09:32:11,0.63,1.0,616,0.61,0.9682,505,0.61,0.9682,5,0.62,0.9841,271,0
SPY190719P299,2019-07-17,2019-07-17 09:32:12,0.63,1.0,649,0.62,0.9841,49,0.61,0.9682,5,0.625,0.992,271,0
SPY190719P299,2019-07-17,2019-07-17 09:32:13,0.63,1.0,487,0.62,0.9841,51,0.61,0.9682,5,0.625,0.992,271,0
SPY190719P299,2019-07-17,2019-07-17 09:32:13,0.63,1.0,663,0.62,0.9841,39,0.61,0.9682,5,0.625,0.992,271,0
SPY190719P299,2019-07-17,2019-07-17 09:32:14,0.62,0.9841,495,0.61,0.9682,41,0.62,0.9841,10,0.615,0.9761,281,10
SPY190719P299,2019-07-17,2019-07-17 09:32:14,0.62,0.9841,600,0.61,0.9682,60,0.62,0.9841,10,0.615,0.9761,281,0
SPY190719P299,2019-07-17,2019-07-17 09:32:15,0.62,0.9841,55,0.61,0.9682,193,0.62,0.9841,10,0.615,0.9761,281,0
SPY190719P299,2019-07-17,2019-07-17 09:32:16,0.62,0.9841,519,0.61,0.9682,70,0.62,0.9841,10,0.615,0.9761,281,0
SPY190719P299,2019-07-17,2019-07-17 09:32:16,0.62,0.9841,269,0.61,0.9682,45,0.62,0.9841,10,0.615,0.9761,281,0
SPY190719P299,2019-07-17,2019-07-17 09:32:17,0.63,1.0,395,0.61,0.9682,70,0.62,0.9841,10,0.62,0.9841,281,0
SPY190719P299,2019-07-17,2019-07-17 09:32:17,0.62,0.9841,743,0.61,0.9682,70,0.62,0.9841,10,0.615,0.9761,281,0
SPY190719P299,2019-07-17,2019-07-17 09:32:18,0.63,1.0,685,0.61,0.9682,70,0.62,0.9841,10,0.62,0.9841,281,0
SPY190719P299,2019-07-17,2019-07-17 09:32:18,0.63,1.0,902,0.61,0.9682,70,0.62,0.9841,10,0.62,0.9841,281,0
SPY190719P299,2019-07-17,2019-07-17 09:32:19,0.63,1.0,902,0.61,0.9682,270,0.61,0.9682,1,0.62,0.9841,282,1
SPY190719P299,2019-07-17,2019-07-17 09:32:20,0.63,1.0,902,0.61,0.9682,270,0.62,0.9841,5,0.62,0.9841,287,5
SPY190719P299,2019-07-17,2019-07-17 09:32:20,0.62,0.9841,1,0.62,0.9841,15,0.62,0.9841,5,0.62,0.9841,287,0
SPY190719P299,2019-07-17,2019-07-17 09:32:21,0.63,1.0,835,0.62,0.9841,15,0.62,0.9841,5,0.625,0.992,287,0
SPY190719P299,2019-07-17,2019-07-17 09:32:22,0.63,1.0,845,0.62,0.9841,15,0.62,0.9841,5,0.625,0.992,287,0
SPY190719P299,2019-07-17,2019-07-17 09:32:23,0.63,1.0,835,0.62,0.9841,15,0.62,0.9841,5,0.625,0.992,287,0
SPY190719P299,2019-07-17,2019-07-17 09:32:23,0.63,1.0,835,0.61,0.9682,41,0.62,0.9841,15,0.62,0.9841,302,15
SPY190719P299,2019-07-17,2019-07-17 09:32:24,0.62,0.9841,5,0.62,0.9841,1,0.62,0.9841,5,0.62,0.9841,313,11
SPY190719P299,2019-07-17,2019-07-17 09:32:25,0.62,0.9841,5,0.61,0.9682,175,0.62,0.9841,1,0.615,0.9761,324,11
SPY190719P299,2019-07-17,2019-07-17 09:32:25,0.62,0.9841,97,0.61,0.9682,204,0.62,0.9841,4,0.615,0.9761,334,10
SPY190719P299,2019-07-17,2019-07-17 09:32:26,0.63,1.0,794,0.61,0.9682,386,0.62,0.9841,1,0.62,0.9841,340,0
SPY190719P299,2019-07-17,2019-07-17 09:32:26,0.63,1.0,806,0.61,0.9682,542,0.62,0.9841,1,0.62,0.9841,340,6
SPY190719P299,2019-07-17,2019-07-17 09:32:27,0.63,1.0,681,0.61,0.9682,386,0.62,0.9841,1,0.62,0.9841,340,0
SPY190719P299,2019-07-17,2019-07-17 09:32:27,0.63,1.0,681,0.61,0.9682,175,0.62,0.9841,1,0.62,0.9841,340,0
SPY190719P299,2019-07-17,2019-07-17 09:32:28,0.63,1.0,806,0.61,0.9682,290,0.62,0.9841,5,0.62,0.9841,345,5
SPY190719P299,2019-07-17,2019-07-17 09:32:28,0.63,1.0,735,0.61,0.9682,655,0.62,0.9841,5,0.62,0.9841,345,0
SPY190719P299,2019-07-17,2019-07-17 09:32:29,0.63,1.0,702,0.61,0.9682,694,0.62,0.9841,5,0.62,0.9841,345,0
SPY190719P299,2019-07-17,2019-07-17 09:32:30,0.63,1.0,791,0.61,0.9682,694,0.62,0.9841,5,0.62,0.9841,345,0
SPY190719P299,2019-07-17,2019-07-17 09:32:30,0.63,1.0,903,0.61,0.9682,694,0.62,0.9841,5,0.62,0.9841,345,0
SPY190719P299,2019-07-17,2019-07-17 09:32:31,0.63,1.0,791,0.61,0.9682,694,0.62,0.9841,5,0.62,0.9841,345,0
SPY190719P299,2019-07-17,2019-07-17 09:32:31,0.62,0.9841,5,0.61,0.9682,499,0.63,1.0,5,0.615,0.9761,399,54
SPY190719P299,2019-07-17,2019-07-17 09:32:32,0.62,0.9841,5,0.61,0.9682,151,0.63,1.0,5,0.615,0.9761,399,0
SPY190719P299,2019-07-17,2019-07-17 09:32:33,0.62,0.9841,905,0.6,0.9523,1961,0.63,1.0,5,0.61,0.9682,399,0
SPY190719P299,2019-07-17,2019-07-17 09:32:33,0.62,0.9841,905,0.6,0.9523,2487,0.63,1.0,5,0.61,0.9682,399,0
SPY190719P299,2019-07-17,2019-07-17 09:32:34,0.62,0.9841,270,0.6,0.9523,268,0.63,1.0,5,0.61,0.9682,399,0
SPY190719P299,2019-07-17,2019-07-17 09:32:34,0.62,0.9841,270,0.6,0.9523,253,0.63,1.0,5,0.61,0.9682,399,0
SPY190719P299,2019-07-17,2019-07-17 09:32:35,0.62,0.9841,270,0.6,0.9523,154,0.63,1.0,5,0.61,0.9682,399,0
SPY190719P299,2019-07-17,2019-07-17 09:32:36,0.62,0.9841,270,0.6,0.9523,384,0.63,1.0,5,0.61,0.9682,399,0
SPY190719P299,2019-07-17,2019-07-17 09:32:36,0.62,0.9841,270,0.6,0.9523,323,0.63,1.0,5,0.61,0.9682,399,0
SPY190719P299,2019-07-17,2019-07-17 09:32:37,0.61,0.9682,5,0.6,0.9523,371,0.63,1.0,5,0.605,0.9603,399,0
SPY190719P299,2019-07-17,2019-07-17 09:32:37,0.62,0.9841,485,0.6,0.9523,1237,0.63,1.0,5,0.61,0.9682,399,0
SPY190719P299,2019-07-17,2019-07-17 09:32:38,0.62,0.9841,674,0.6,0.9523,1266,0.63,1.0,5,0.61,0.9682,399,0
SPY190719P299,2019-07-17,2019-07-17 09:32:39,0.62,0.9841,674,0.6,0.9523,455,0.63,1.0,5,0.61,0.9682,399,0
SPY190719P299,2019-07-17,2019-07-17 09:32:39,0.62,0.9841,480,0.6,0.9523,388,0.63,1.0,5,0.61,0.9682,399,0
SPY190719P299,2019-07-17,2019-07-17 09:32:40,0.61,0.9682,660,0.59,0.9365,1625,0.63,1.0,5,0.6,0.9523,399,0
SPY190719P299,2019-07-17,2019-07-17 09:32:40,0.61,0.9682,424,0.59,0.9365,633,0.63,1.0,5,0.6,0.9523,399,0
SPY190719P299,2019-07-17,2019-07-17 09:32:41,0.61,0.9682,660,0.59,0.9365,633,0.63,1.0,5,0.6,0.9523,399,0
SPY190719P299,2019-07-17,2019-07-17 09:32:42,0.61,0.9682,725,0.59,0.9365,926,0.63,1.0,5,0.6,0.9523,399,0
SPY190719P299,2019-07-17,2019-07-17 09:32:42,0.61,0.9682,620,0.59,0.9365,838,0.63,1.0,5,0.6,0.9523,399,0
SPY190719P299,2019-07-17,2019-07-17 09:32:43,0.61,0.9682,95,0.6,0.9523,273,0.63,1.0,5,0.605,0.9603,399,0
SPY190719P299,2019-07-17,2019-07-17 09:32:47,0.62,0.9841,100,0.61,0.9682,409,0.63,1.0,5,0.615,0.9761,399,0
SPY190719P299,2019-07-17,2019-07-17 09:32:48,0.62,0.9841,742,0.61,0.9682,8,0.63,1.0,5,0.615,0.9761,399,0
SPY190719P299,2019-07-17,2019-07-17 09:32:50,0.62,0.9841,985,0.6,0.9523,890,0.63,1.0,5,0.61,0.9682,399,0
SPY190719P299,2019-07-17,2019-07-17 09:32:50,0.61,0.9682,10,0.6,0.9523,202,0.63,1.0,5,0.605,0.9603,399,0
SPY190719P299,2019-07-17,2019-07-17 09:32:51,0.62,0.9841,985,0.6,0.9523,890,0.63,1.0,5,0.61,0.9682,399,0
SPY190719P299,2019-07-17,2019-07-17 09:32:52,0.62,0.9841,620,0.6,0.9523,1033,0.63,1.0,5,0.61,0.9682,399,0
SPY190719P299,2019-07-17,2019-07-17 09:32:52,0.62,0.9841,620,0.6,0.9523,2261,0.63,1.0,5,0.61,0.9682,399,0
SPY190719P299,2019-07-17,2019-07-17 09:32:53,0.62,0.9841,620,0.61,0.9682,70,0.63,1.0,5,0.615,0.9761,399,0
SPY190719P299,2019-07-17,2019-07-17 09:32:54,0.62,0.9841,245,0.61,0.9682,146,0.63,1.0,5,0.615,0.9761,399,0
SPY190719P299,2019-07-17,2019-07-17 09:32:54,0.62,0.9841,620,0.61,0.9682,156,0.63,1.0,5,0.615,0.9761,399,0
SPY190719P299,2019-07-17,2019-07-17 09:32:55,0.62,0.9841,101,0.61,0.9682,6,0.61,0.9682,1,0.615,0.9761,400,1
SPY190719P299,2019-07-17,2019-07-17 09:32:56,0.61,0.9682,5,0.59,0.9365,1266,0.61,0.9682,1,0.6,0.9523,400,0
SPY190719P299,2019-07-17,2019-07-17 09:32:57,0.61,0.9682,710,0.59,0.9365,1405,0.61,0.9682,1,0.6,0.9523,400,0
SPY190719P299,2019-07-17,2019-07-17 09:32:57,0.61,0.9682,620,0.59,0.9365,1250,0.61,0.9682,1,0.6,0.9523,400,0
SPY190719P299,2019-07-17,2019-07-17 09:32:58,0.61,0.9682,620,0.59,0.9365,1398,0.61,0.9682,1,0.6,0.9523,400,0
SPY190719P299,2019-07-17,2019-07-17 09:32:59,0.6,0.9523,5,0.59,0.9365,162,0.61,0.9682,1,0.595,0.9444,400,0
SPY190719P299,2019-07-17,2019-07-17 09:32:59,0.61,0.9682,657,0.59,0.9365,1361,0.61,0.9682,1,0.6,0.9523,400,0
SPY190719P299,2019-07-17,2019-07-17 09:33:00,0.61,0.9682,710,0.59,0.9365,577,0.61,0.9682,1,0.6,0.9523,400,0
SPY190719P299,2019-07-17,2019-07-17 09:33:01,0.61,0.9682,660,0.59,0.9365,577,0.61,0.9682,1,0.6,0.9523,400,0
SPY190719P299,2019-07-17,2019-07-17 09:33:01,0.61,0.9682,722,0.59,0.9365,648,0.61,0.9682,1,0.6,0.9523,400,0
SPY190719P299,2019-07-17,2019-07-17 09:33:02,0.61,0.9682,100,0.6,0.9523,6,0.61,0.9682,1,0.605,0.9603,400,0
SPY190719P299,2019-07-17,2019-07-17 09:33:02,0.61,0.9682,100,0.6,0.9523,285,0.61,0.9682,1,0.605,0.9603,400,0
SPY190719P299,2019-07-17,2019-07-17 09:33:03,0.62,0.9841,714,0.6,0.9523,285,0.61,0.9682,1,0.61,0.9682,400,0
SPY190719P299,2019-07-17,2019-07-17 09:33:04,0.62,0.9841,714,0.6,0.9523,338,0.61,0.9682,1,0.61,0.9682,400,0
SPY190719P299,2019-07-17,2019-07-17 09:33:04,0.62,0.9841,714,0.6,0.9523,386,0.61,0.9682,1,0.61,0.9682,400,0
SPY190719P299,2019-07-17,2019-07-17 09:33:05,0.62,0.9841,714,0.6,0.9523,634,0.61,0.9682,1,0.61,0.9682,400,0
SPY190719P299,2019-07-17,2019-07-17 09:33:05,0.62,0.9841,714,0.6,0.9523,445,0.61,0.9682,1,0.61,0.9682,400,0
SPY190719P299,2019-07-17,2019-07-17 09:33:06,0.62,0.9841,1006,0.6,0.9523,634,0.61,0.9682,1,0.61,0.9682,400,0
SPY190719P299,2019-07-17,2019-07-17 09:33:06,0.62,0.9841,1006,0.6,0.9523,974,0.61,0.9682,1,0.61,0.9682,400,0
SPY190719P299,2019-07-17,2019-07-17 09:33:07,0.62,0.9841,1006,0.6,0.9523,974,0.61,0.9682,1,0.61,0.9682,400,0
SPY190719P299,2019-07-17,2019-07-17 09:33:08,0.62,0.9841,1006,0.6,0.9523,650,0.61,0.9682,1,0.61,0.9682,400,0
SPY190719P299,2019-07-17,2019-07-17 09:33:09,0.61,0.9682,10,0.6,0.9523,738,0.61,0.9682,1,0.605,0.9603,400,0
SPY190719P299,2019-07-17,2019-07-17 09:33:09,0.62,0.9841,1006,0.6,0.9523,982,0.61,0.9682,1,0.61,0.9682,400,0
SPY190719P299,2019-07-17,2019-07-17 09:33:10,0.61,0.9682,10,0.6,0.9523,718,0.61,0.9682,1,0.605,0.9603,400,0
SPY190719P299,2019-07-17,2019-07-17 09:33:11,0.61,0.9682,10,0.6,0.9523,1395,0.61,0.9682,1,0.605,0.9603,400,0
SPY190719P299,2019-07-17,2019-07-17 09:33:12,0.61,0.9682,10,0.6,0.9523,1407,0.61,0.9682,1,0.605,0.9603,400,0
SPY190719P299,2019-07-17,2019-07-17 09:33:12,0.61,0.9682,10,0.6,0.9523,1445,0.61,0.9682,1,0.605,0.9603,400,0
SPY190719P299,2019-07-17,2019-07-17 09:33:13,0.61,0.9682,10,0.6,0.9523,1407,0.61,0.9682,1,0.605,0.9603,400,0
SPY190719P299,2019-07-17,2019-07-17 09:33:14,0.61,0.9682,10,0.6,0.9523,983,0.61,0.9682,1,0.605,0.9603,400,0
SPY190719P299,2019-07-17,2019-07-17 09:33:14,0.61,0.9682,10,0.6,0.9523,1407,0.61,0.9682,1,0.605,0.9603,400,0
SPY190719P299,2019-07-17,2019-07-17 09:33:15,0.61,0.9682,10,0.6,0.9523,1123,0.61,0.9682,1,0.605,0.9603,400,0
SPY190719P299,2019-07-17,2019-07-17 09:33:16,0.61,0.9682,10,0.6,0.9523,1028,0.61,0.9682,1,0.605,0.9603,400,0
SPY190719P299,2019-07-17,2019-07-17 09:33:17,0.61,0.9682,10,0.6,0.9523,1372,0.61,0.9682,1,0.605,0.9603,400,0
SPY190719P299,2019-07-17,2019-07-17 09:33:17,0.62,0.9841,480,0.6,0.9523,1372,0.61,0.9682,1,0.61,0.9682,400,0
SPY190719P299,2019-07-17,2019-07-17 09:33:18,0.62,0.9841,480,0.6,0.9523,1372,0.61,0.9682,1,0.61,0.9682,400,0
SPY190719P299,2019-07-17,2019-07-17 09:33:19,0.62,0.9841,480,0.6,0.9523,1372,0.61,0.9682,1,0.61,0.9682,400,0
SPY190719P299,2019-07-17,2019-07-17 09:33:19,0.62,0.9841,420,0.61,0.9682,196,0.61,0.9682,1,0.615,0.9761,400,0
SPY190719P299,2019-07-17,2019-07-17 09:33:20,0.62,0.9841,420,0.61,0.9682,196,0.61,0.9682,1,0.615,0.9761,400,0
SPY190719P299,2019-07-17,2019-07-17 09:33:21,0.63,1.0,1005,0.62,0.9841,10,0.61,0.9682,1,0.625,0.992,400,0
SPY190719P299,2019-07-17,2019-07-17 09:33:21,0.63,1.0,1005,0.62,0.9841,51,0.61,0.9682,1,0.625,0.992,400,0
SPY190719P299,2019-07-17,2019-07-17 09:33:22,0.63,1.0,425,0.62,0.9841,192,0.61,0.9682,1,0.625,0.992,400,0
SPY190719P299,2019-07-17,2019-07-17 09:33:22,0.63,1.0,420,0.62,0.9841,192,0.61,0.9682,1,0.625,0.992,400,0
SPY190719P299,2019-07-17,2019-07-17 09:33:23,0.64,1.0158,10,0.62,0.9841,192,0.61,0.9682,1,0.63,1.0,400,0
SPY190719P299,2019-07-17,2019-07-17 09:33:24,0.65,1.0317,360,0.63,1.0,47,0.61,0.9682,1,0.64,1.0158,400,0
SPY190719P299,2019-07-17,2019-07-17 09:33:24,0.65,1.0317,494,0.64,1.0158,56,0.61,0.9682,1,0.645,1.0238,400,0
SPY190719P299,2019-07-17,2019-07-17 09:33:25,0.65,1.0317,360,0.64,1.0158,156,0.61,0.9682,1,0.645,1.0238,400,0
SPY190719P299,2019-07-17,2019-07-17 09:33:26,0.65,1.0317,50,0.64,1.0158,76,0.61,0.9682,1,0.645,1.0238,400,0
SPY190719P299,2019-07-17,2019-07-17 09:33:26,0.65,1.0317,10,0.64,1.0158,76,0.61,0.9682,1,0.645,1.0238,400,0
SPY190719P299,2019-07-17,2019-07-17 09:33:27,0.65,1.0317,51,0.64,1.0158,76,0.61,0.9682,1,0.645,1.0238,400,0
SPY190719P299,2019-07-17,2019-07-17 09:33:28,0.65,1.0317,393,0.63,1.0,66,0.61,0.9682,1,0.64,1.0158,400,0
SPY190719P299,2019-07-17,2019-07-17 09:33:28,0.65,1.0317,586,0.64,1.0158,35,0.61,0.9682,1,0.645,1.0238,400,0
SPY190719P299,2019-07-17,2019-07-17 09:33:29,0.65,1.0317,807,0.63,1.0,140,0.61,0.9682,1,0.64,1.0158,400,0
SPY190719P299,2019-07-17,2019-07-17 09:33:29,0.65,1.0317,713,0.63,1.0,140,0.61,0.9682,1,0.64,1.0158,400,0
SPY190719P299,2019-07-17,2019-07-17 09:33:30,0.65,1.0317,1000,0.63,1.0,272,0.65,1.0317,10,0.64,1.0158,410,10
SPY190719P299,2019-07-17,2019-07-17 09:33:30,0.65,1.0317,1000,0.63,1.0,210,0.65,1.0317,10,0.64,1.0158,410,0
SPY190719P299,2019-07-17,2019-07-17 09:33:31,0.65,1.0317,892,0.64,1.0158,43,0.65,1.0317,10,0.645,1.0238,410,0
SPY190719P299,2019-07-17,2019-07-17 09:33:32,0.64,1.0158,10,0.63,1.0,140,0.65,1.0317,10,0.635,1.0079,410,0
SPY190719P299,2019-07-17,2019-07-17 09:33:32,0.64,1.0158,51,0.63,1.0,48,0.65,1.0317,10,0.635,1.0079,410,0
SPY190719P299,2019-07-17,2019-07-17 09:33:33,0.64,1.0158,10,0.63,1.0,632,0.65,1.0317,10,0.635,1.0079,410,0
SPY190719P299,2019-07-17,2019-07-17 09:33:34,0.65,1.0317,941,0.63,1.0,980,0.63,1.0,4,0.64,1.0158,414,4
SPY190719P299,2019-07-17,2019-07-17 09:33:35,0.65,1.0317,660,0.63,1.0,99,0.63,1.0,4,0.64,1.0158,414,0
SPY190719P299,2019-07-17,2019-07-17 09:33:36,0.64,1.0158,10,0.63,1.0,223,0.63,1.0,4,0.635,1.0079,414,0
SPY190719P299,2019-07-17,2019-07-17 09:33:36,0.65,1.0317,784,0.63,1.0,146,0.63,1.0,4,0.64,1.0158,414,0
SPY190719P299,2019-07-17,2019-07-17 09:33:37,0.64,1.0158,10,0.63,1.0,234,0.63,1.0,4,0.635,1.0079,414,0
SPY190719P299,2019-07-17,2019-07-17 09:33:38,0.64,1.0158,10,0.63,1.0,234,0.63,1.0,4,0.635,1.0079,414,0
SPY190719P299,2019-07-17,2019-07-17 09:33:40,0.65,1.0317,1181,0.63,1.0,572,0.63,1.0,4,0.64,1.0158,414,0
SPY190719P299,2019-07-17,2019-07-17 09:33:40,0.64,1.0158,10,0.63,1.0,572,0.63,1.0,4,0.635,1.0079,414,0
SPY190719P299,2019-07-17,2019-07-17 09:33:41,0.65,1.0317,1181,0.63,1.0,572,0.63,1.0,4,0.64,1.0158,414,0
SPY190719P299,2019-07-17,2019-07-17 09:33:42,0.65,1.0317,769,0.63,1.0,289,0.63,1.0,4,0.64,1.0158,414,0
SPY190719P299,2019-07-17,2019-07-17 09:33:42,0.65,1.0317,20,0.64,1.0158,237,0.63,1.0,4,0.645,1.0238,414,0
SPY190719P299,2019-07-17,2019-07-17 09:33:43,0.65,1.0317,20,0.64,1.0158,198,0.63,1.0,4,0.645,1.0238,414,0
SPY190719P299,2019-07-17,2019-07-17 09:33:43,0.65,1.0317,496,0.64,1.0158,51,0.63,1.0,4,0.645,1.0238,414,0
SPY190719P299,2019-07-17,2019-07-17 09:33:44,0.65,1.0317,596,0.64,1.0158,51,0.63,1.0,4,0.645,1.0238,414,0
SPY190719P299,2019-07-17,2019-07-17 09:33:44,0.65,1.0317,546,0.64,1.0158,197,0.63,1.0,4,0.645,1.0238,414,0
SPY190719P299,2019-07-17,2019-07-17 09:33:45,0.65,1.0317,546,0.64,1.0158,197,0.63,1.0,4,0.645,1.0238,414,0
SPY190719P299,2019-07-17,2019-07-17 09:33:46,0.65,1.0317,50,0.64,1.0158,150,0.63,1.0,4,0.645,1.0238,414,0
SPY190719P299,2019-07-17,2019-07-17 09:33:46,0.65,1.0317,444,0.64,1.0158,95,0.65,1.0317,5,0.645,1.0238,419,5
SPY190719P299,2019-07-17,2019-07-17 09:33:47,0.65,1.0317,131,0.64,1.0158,237,0.65,1.0317,5,0.645,1.0238,419,0
SPY190719P299,2019-07-17,2019-07-17 09:33:47,0.65,1.0317,131,0.64,1.0158,104,0.65,1.0317,5,0.645,1.0238,419,0
SPY190719P299,2019-07-17,2019-07-17 09:33:48,0.65,1.0317,20,0.64,1.0158,237,0.64,1.0158,10,0.645,1.0238,429,10
SPY190719P299,2019-07-17,2019-07-17 09:33:48,0.65,1.0317,131,0.64,1.0158,237,0.65,1.0317,5,0.645,1.0238,419,0
SPY190719P299,2019-07-17,2019-07-17 09:33:49,0.65,1.0317,20,0.64,1.0158,655,0.64,1.0158,10,0.645,1.0238,429,0
SPY190719P299,2019-07-17,2019-07-17 09:33:50,0.65,1.0317,20,0.64,1.0158,632,0.64,1.0158,10,0.645,1.0238,429,0
SPY190719P299,2019-07-17,2019-07-17 09:33:50,0.65,1.0317,491,0.63,1.0,277,0.64,1.0158,10,0.64,1.0158,429,0
SPY190719P299,2019-07-17,2019-07-17 09:33:51,0.65,1.0317,491,0.63,1.0,624,0.64,1.0158,10,0.64,1.0158,429,0
SPY190719P299,2019-07-17,2019-07-17 09:33:51,0.65,1.0317,491,0.63,1.0,624,0.64,1.0158,15,0.64,1.0158,444,15
SPY190719P299,2019-07-17,2019-07-17 09:33:52,0.65,1.0317,791,0.64,1.0158,7,0.64,1.0158,15,0.645,1.0238,444,0
SPY190719P299,2019-07-17,2019-07-17 09:33:53,0.64,1.0158,186,0.63,1.0,99,0.64,1.0158,15,0.635,1.0079,444,0
SPY190719P299,2019-07-17,2019-07-17 09:33:53,0.65,1.0317,819,0.63,1.0,125,0.64,1.0158,15,0.64,1.0158,444,0
SPY190719P299,2019-07-17,2019-07-17 09:33:54,0.65,1.0317,1145,0.63,1.0,685,0.64,1.0158,15,0.64,1.0158,444,0
SPY190719P299,2019-07-17,2019-07-17 09:33:54,0.65,1.0317,922,0.63,1.0,685,0.64,1.0158,15,0.64,1.0158,444,0
SPY190719P299,2019-07-17,2019-07-17 09:33:55,0.65,1.0317,20,0.64,1.0158,233,0.64,1.0158,15,0.645,1.0238,444,0
SPY190719P299,2019-07-17,2019-07-17 09:33:55,0.65,1.0317,20,0.64,1.0158,385,0.64,1.0158,15,0.645,1.0238,444,0
SPY190719P299,2019-07-17,2019-07-17 09:33:56,0.65,1.0317,20,0.64,1.0158,320,0.64,1.0158,15,0.645,1.0238,444,0
SPY190719P299,2019-07-17,2019-07-17 09:33:56,0.65,1.0317,20,0.64,1.0158,183,0.64,1.0158,15,0.645,1.0238,444,0
SPY190719P299,2019-07-17,2019-07-17 09:33:57,0.65,1.0317,484,0.64,1.0158,8,0.64,1.0158,15,0.645,1.0238,444,0
SPY190719P299,2019-07-17,2019-07-17 09:33:58,0.65,1.0317,484,0.64,1.0158,6,0.64,1.0158,15,0.645,1.0238,444,0
SPY190719P299,2019-07-17,2019-07-17 09:33:59,0.65,1.0317,484,0.64,1.0158,8,0.64,1.0158,4,0.645,1.0238,452,4
SPY190719P299,2019-07-17,2019-07-17 09:33:59,0.65,1.0317,484,0.64,1.0158,8,0.65,1.0317,4,0.645,1.0238,448,4
SPY190719P299,2019-07-17,2019-07-17 09:34:00,0.64,1.0158,52,0.63,1.0,582,0.64,1.0158,2,0.635,1.0079,454,2
SPY190719P299,2019-07-17,2019-07-17 09:34:00,0.64,1.0158,52,0.63,1.0,582,0.64,1.0158,2,0.635,1.0079,454,0
SPY190719P299,2019-07-17,2019-07-17 09:34:01,0.64,1.0158,52,0.63,1.0,1240,0.64,1.0158,2,0.635,1.0079,454,0
SPY190719P299,2019-07-17,2019-07-17 09:34:01,0.64,1.0158,52,0.63,1.0,582,0.64,1.0158,2,0.635,1.0079,454,0
SPY190719P299,2019-07-17,2019-07-17 09:34:02,0.64,1.0158,52,0.63,1.0,804,0.64,1.0158,2,0.635,1.0079,454,0
SPY190719P299,2019-07-17,2019-07-17 09:34:03,0.64,1.0158,51,0.63,1.0,804,0.64,1.0158,1,0.635,1.0079,455,1
SPY190719P299,2019-07-17,2019-07-17 09:34:03,0.64,1.0158,52,0.63,1.0,804,0.64,1.0158,2,0.635,1.0079,454,0
SPY190719P299,2019-07-17,2019-07-17 09:34:04,0.64,1.0158,51,0.63,1.0,804,0.64,1.0158,1,0.635,1.0079,455,0
SPY190719P299,2019-07-17,2019-07-17 09:34:04,0.64,1.0158,51,0.63,1.0,1109,0.64,1.0158,1,0.635,1.0079,455,0
SPY190719P299,2019-07-17,2019-07-17 09:34:05,0.65,1.0317,546,0.63,1.0,1109,0.64,1.0158,51,0.64,1.0158,506,0
SPY190719P299,2019-07-17,2019-07-17 09:34:05,0.65,1.0317,546,0.63,1.0,1109,0.64,1.0158,51,0.64,1.0158,506,51
SPY190719P299,2019-07-17,2019-07-17 09:34:06,0.65,1.0317,546,0.63,1.0,1109,0.64,1.0158,51,0.64,1.0158,506,0
SPY190719P299,2019-07-17,2019-07-17 09:34:07,0.65,1.0317,546,0.63,1.0,1109,0.64,1.0158,51,0.64,1.0158,506,0
SPY190719P299,2019-07-17,2019-07-17 09:34:07,0.65,1.0317,474,0.64,1.0158,151,0.64,1.0158,51,0.645,1.0238,506,0
SPY190719P299,2019-07-17,2019-07-17 09:34:08,0.65,1.0317,474,0.64,1.0158,151,0.64,1.0158,51,0.645,1.0238,506,0
SPY190719P299,2019-07-17,2019-07-17 09:34:08,0.65,1.0317,469,0.64,1.0158,151,0.64,1.0158,51,0.645,1.0238,506,0
SPY190719P299,2019-07-17,2019-07-17 09:34:09,0.65,1.0317,401,0.64,1.0158,141,0.64,1.0158,51,0.645,1.0238,506,0
SPY190719P299,2019-07-17,2019-07-17 09:34:10,0.65,1.0317,401,0.64,1.0158,141,0.64,1.0158,51,0.645,1.0238,506,0
SPY190719P299,2019-07-17,2019-07-17 09:34:12,0.65,1.0317,546,0.64,1.0158,81,0.64,1.0158,2,0.645,1.0238,508,2
SPY190719P299,2019-07-17,2019-07-17 09:34:12,0.65,1.0317,915,0.64,1.0158,62,0.64,1.0158,2,0.645,1.0238,508,0
SPY190719P299,2019-07-17,2019-07-17 09:34:14,0.65,1.0317,1724,0.64,1.0158,198,0.65,1.0317,1,0.645,1.0238,544,36
SPY190719P299,2019-07-17,2019-07-17 09:34:15,0.64,1.0158,546,0.63,1.0,5,0.64,1.0158,1,0.635,1.0079,684,140
SPY190719P299,2019-07-17,2019-07-17 09:34:16,0.64,1.0158,360,0.63,1.0,186,0.64,1.0158,1,0.635,1.0079,684,0
SPY190719P299,2019-07-17,2019-07-17 09:34:16,0.64,1.0158,410,0.63,1.0,186,0.64,1.0158,1,0.635,1.0079,684,0
SPY190719P299,2019-07-17,2019-07-17 09:34:17,0.64,1.0158,773,0.63,1.0,5,0.64,1.0158,1,0.635,1.0079,684,0
SPY190719P299,2019-07-17,2019-07-17 09:34:18,0.65,1.0317,2156,0.63,1.0,213,0.64,1.0158,1,0.64,1.0158,684,0
SPY190719P299,2019-07-17,2019-07-17 09:34:19,0.65,1.0317,2156,0.63,1.0,170,0.64,1.0158,1,0.64,1.0158,684,0
SPY190719P299,2019-07-17,2019-07-17 09:34:20,0.64,1.0158,410,0.63,1.0,170,0.64,1.0158,1,0.635,1.0079,684,0
SPY190719P299,2019-07-17,2019-07-17 09:34:20,0.64,1.0158,410,0.63,1.0,160,0.64,1.0158,1,0.635,1.0079,684,0
SPY190719P299,2019-07-17,2019-07-17 09:34:21,0.64,1.0158,929,0.62,0.9841,216,0.64,1.0158,1,0.63,1.0,684,0
SPY190719P299,2019-07-17,2019-07-17 09:34:21,0.64,1.0158,410,0.63,1.0,160,0.64,1.0158,1,0.635,1.0079,684,0
SPY190719P299,2019-07-17,2019-07-17 09:34:22,0.63,1.0,41,0.62,0.9841,189,0.63,1.0,2,0.625,0.992,686,2
SPY190719P299,2019-07-17,2019-07-17 09:34:23,0.63,1.0,1115,0.62,0.9841,78,0.63,1.0,2,0.625,0.992,688,2
SPY190719P299,2019-07-17,2019-07-17 09:34:23,0.63,1.0,972,0.62,0.9841,40,0.63,1.0,2,0.625,0.992,686,0
SPY190719P299,2019-07-17,2019-07-17 09:34:24,0.63,1.0,1188,0.62,0.9841,78,0.63,1.0,2,0.625,0.992,688,0
SPY190719P299,2019-07-17,2019-07-17 09:34:24,0.63,1.0,1948,0.62,0.9841,40,0.63,1.0,2,0.625,0.992,688,0
SPY190719P299,2019-07-17,2019-07-17 09:34:25,0.63,1.0,1052,0.62,0.9841,78,0.63,1.0,2,0.625,0.992,688,0
SPY190719P299,2019-07-17,2019-07-17 09:34:26,0.63,1.0,2101,0.62,0.9841,30,0.63,1.0,20,0.625,0.992,715,20
SPY190719P299,2019-07-17,2019-07-17 09:34:26,0.63,1.0,2335,0.62,0.9841,30,0.62,0.9841,7,0.625,0.992,695,7
SPY190719P299,2019-07-17,2019-07-17 09:34:27,0.62,0.9841,307,0.6,0.9523,322,0.62,0.9841,3,0.61,0.9682,748,33
SPY190719P299,2019-07-17,2019-07-17 09:34:28,0.62,0.9841,756,0.6,0.9523,322,0.62,0.9841,3,0.61,0.9682,748,0
SPY190719P299,2019-07-17,2019-07-17 09:34:28,0.62,0.9841,710,0.61,0.9682,51,0.62,0.9841,3,0.615,0.9761,748,0
SPY190719P299,2019-07-17,2019-07-17 09:34:29,0.61,0.9682,60,0.6,0.9523,241,0.62,0.9841,3,0.605,0.9603,748,0
SPY190719P299,2019-07-17,2019-07-17 09:34:29,0.62,0.9841,710,0.61,0.9682,51,0.62,0.9841,3,0.615,0.9761,748,0
SPY190719P299,2019-07-17,2019-07-17 09:34:30,0.62,0.9841,710,0.61,0.9682,57,0.62,0.9841,3,0.615,0.9761,748,0
SPY190719P299,2019-07-17,2019-07-17 09:34:30,0.62,0.9841,744,0.61,0.9682,88,0.62,0.9841,3,0.615,0.9761,748,0
SPY190719P299,2019-07-17,2019-07-17 09:34:31,0.62,0.9841,1124,0.6,0.9523,456,0.62,0.9841,3,0.61,0.9682,748,0
SPY190719P299,2019-07-17,2019-07-17 09:34:32,0.61,0.9682,60,0.6,0.9523,456,0.62,0.9841,3,0.605,0.9603,748,0
SPY190719P299,2019-07-17,2019-07-17 09:34:33,0.61,0.9682,480,0.6,0.9523,302,0.62,0.9841,3,0.605,0.9603,748,0
SPY190719P299,2019-07-17,2019-07-17 09:34:33,0.61,0.9682,477,0.6,0.9523,302,0.62,0.9841,3,0.605,0.9603,748,0
SPY190719P299,2019-07-17,2019-07-17 09:34:34,0.61,0.9682,480,0.6,0.9523,302,0.62,0.9841,3,0.605,0.9603,748,0
SPY190719P299,2019-07-17,2019-07-17 09:34:35,0.61,0.9682,480,0.6,0.9523,302,0.62,0.9841,3,0.605,0.9603,748,0
SPY190719P299,2019-07-17,2019-07-17 09:34:35,0.61,0.9682,756,0.6,0.9523,16,0.62,0.9841,3,0.605,0.9603,748,0
SPY190719P299,2019-07-17,2019-07-17 09:34:36,0.61,0.9682,777,0.6,0.9523,16,0.62,0.9841,3,0.605,0.9603,748,0
SPY190719P299,2019-07-17,2019-07-17 09:34:37,0.61,0.9682,777,0.6,0.9523,16,0.62,0.9841,3,0.605,0.9603,748,0
SPY190719P299,2019-07-17,2019-07-17 09:34:38,0.61,0.9682,777,0.6,0.9523,16,0.62,0.9841,3,0.605,0.9603,748,0
SPY190719P299,2019-07-17,2019-07-17 09:34:38,0.61,0.9682,777,0.6,0.9523,15,0.62,0.9841,3,0.605,0.9603,748,0
SPY190719P299,2019-07-17,2019-07-17 09:34:39,0.61,0.9682,777,0.6,0.9523,47,0.62,0.9841,3,0.605,0.9603,748,0
SPY190719P299,2019-07-17,2019-07-17 09:34:39,0.61,0.9682,942,0.6,0.9523,50,0.62,0.9841,3,0.605,0.9603,748,0
SPY190719P299,2019-07-17,2019-07-17 09:34:40,0.61,0.9682,942,0.6,0.9523,50,0.62,0.9841,3,0.605,0.9603,748,0
SPY190719P299,2019-07-17,2019-07-17 09:34:41,0.61,0.9682,1073,0.6,0.9523,47,0.62,0.9841,3,0.605,0.9603,748,0
SPY190719P299,2019-07-17,2019-07-17 09:34:51,0.61,0.9682,2461,0.59,0.9365,209,0.6,0.9523,1,0.6,0.9523,765,17
SPY190719P299,2019-07-17,2019-07-17 09:34:52,0.6,0.9523,709,0.59,0.9365,150,0.6,0.9523,1,0.595,0.9444,765,0
SPY190719P299,2019-07-17,2019-07-17 09:34:53,0.59,0.9365,530,0.58,0.9206,290,0.6,0.9523,1,0.585,0.9285,765,0
SPY190719P299,2019-07-17,2019-07-17 09:34:54,0.59,0.9365,420,0.58,0.9206,374,0.6,0.9523,1,0.585,0.9285,765,0
SPY190719P299,2019-07-17,2019-07-17 09:34:54,0.59,0.9365,530,0.58,0.9206,374,0.6,0.9523,1,0.585,0.9285,765,0
SPY190719P299,2019-07-17,2019-07-17 09:34:55,0.59,0.9365,420,0.58,0.9206,374,0.6,0.9523,1,0.585,0.9285,765,0
SPY190719P299,2019-07-17,2019-07-17 09:34:55,0.59,0.9365,513,0.58,0.9206,374,0.6,0.9523,1,0.585,0.9285,765,0
SPY190719P299,2019-07-17,2019-07-17 09:34:56,0.6,0.9523,664,0.59,0.9365,73,0.6,0.9523,1,0.595,0.9444,765,0
SPY190719P299,2019-07-17,2019-07-17 09:34:56,0.6,0.9523,1001,0.59,0.9365,73,0.6,0.9523,1,0.595,0.9444,765,0
SPY190719P299,2019-07-17,2019-07-17 09:34:57,0.6,0.9523,664,0.59,0.9365,73,0.6,0.9523,1,0.595,0.9444,765,0
SPY190719P299,2019-07-17,2019-07-17 09:34:58,0.6,0.9523,664,0.59,0.9365,73,0.6,0.9523,1,0.595,0.9444,765,0
SPY190719P299,2019-07-17,2019-07-17 09:34:59,0.59,0.9365,544,0.58,0.9206,176,0.6,0.9523,1,0.585,0.9285,766,1
SPY190719P299,2019-07-17,2019-07-17 09:35:00,0.59,0.9365,574,0.58,0.9206,176,0.6,0.9523,1,0.585,0.9285,766,0
SPY190719P299,2019-07-17,2019-07-17 09:35:00,0.59,0.9365,420,0.58,0.9206,98,0.6,0.9523,1,0.585,0.9285,766,0
SPY190719P299,2019-07-17,2019-07-17 09:35:01,0.58,0.9206,546,0.57,0.9047,158,0.6,0.9523,1,0.575,0.9126,766,0
SPY190719P299,2019-07-17,2019-07-17 09:35:02,0.58,0.9206,651,0.57,0.9047,160,0.6,0.9523,1,0.575,0.9126,766,0
SPY190719P299,2019-07-17,2019-07-17 09:35:02,0.58,0.9206,651,0.57,0.9047,311,0.6,0.9523,1,0.575,0.9126,766,0
SPY190719P299,2019-07-17,2019-07-17 09:35:03,0.58,0.9206,532,0.57,0.9047,332,0.6,0.9523,1,0.575,0.9126,766,0
SPY190719P299,2019-07-17,2019-07-17 09:35:03,0.58,0.9206,60,0.57,0.9047,943,0.6,0.9523,1,0.575,0.9126,766,0
SPY190719P299,2019-07-17,2019-07-17 09:35:04,0.59,0.9365,622,0.58,0.9206,115,0.6,0.9523,1,0.585,0.9285,766,0
SPY190719P299,2019-07-17,2019-07-17 09:35:05,0.59,0.9365,860,0.58,0.9206,145,0.58,0.9206,1,0.585,0.9285,767,1
SPY190719P299,2019-07-17,2019-07-17 09:35:05,0.59,0.9365,622,0.58,0.9206,136,0.6,0.9523,1,0.585,0.9285,766,0
SPY190719P299,2019-07-17,2019-07-17 09:35:06,0.59,0.9365,952,0.58,0.9206,1,0.58,0.9206,1,0.585,0.9285,767,0
SPY190719P299,2019-07-17,2019-07-17 09:35:06,0.59,0.9365,970,0.58,0.9206,1,0.58,0.9206,1,0.585,0.9285,767,0
SPY190719P299,2019-07-17,2019-07-17 09:35:07,0.57,0.9047,537,0.56,0.8888,323,0.58,0.9206,1,0.565,0.8968,768,0
SPY190719P299,2019-07-17,2019-07-17 09:35:07,0.58,0.9206,357,0.56,0.8888,414,0.58,0.9206,1,0.57,0.9047,768,1
SPY190719P299,2019-07-17,2019-07-17 09:35:08,0.57,0.9047,537,0.56,0.8888,323,0.58,0.9206,1,0.565,0.8968,768,0
SPY190719P299,2019-07-17,2019-07-17 09:35:09,0.57,0.9047,554,0.56,0.8888,353,0.58,0.9206,1,0.565,0.8968,768,0
SPY190719P299,2019-07-17,2019-07-17 09:35:09,0.57,0.9047,549,0.56,0.8888,353,0.58,0.9206,1,0.565,0.8968,768,0
SPY190719P299,2019-07-17,2019-07-17 09:35:10,0.57,0.9047,601,0.56,0.8888,246,0.58,0.9206,1,0.565,0.8968,768,0
SPY190719P299,2019-07-17,2019-07-17 09:35:10,0.57,0.9047,497,0.56,0.8888,353,0.58,0.9206,1,0.565,0.8968,768,0
SPY190719P299,2019-07-17,2019-07-17 09:35:11,0.57,0.9047,869,0.56,0.8888,70,0.58,0.9206,1,0.565,0.8968,768,0
SPY190719P299,2019-07-17,2019-07-17 09:35:11,0.57,0.9047,1372,0.56,0.8888,43,0.56,0.8888,1,0.565,0.8968,785,17
SPY190719P299,2019-07-17,2019-07-17 09:35:12,0.57,0.9047,1372,0.56,0.8888,53,0.56,0.8888,1,0.565,0.8968,785,0
SPY190719P299,2019-07-17,2019-07-17 09:35:13,0.57,0.9047,1227,0.56,0.8888,42,0.56,0.8888,1,0.565,0.8968,786,0
SPY190719P299,2019-07-17,2019-07-17 09:35:13,0.57,0.9047,1372,0.56,0.8888,42,0.56,0.8888,1,0.565,0.8968,786,1
SPY190719P299,2019-07-17,2019-07-17 09:35:14,0.57,0.9047,907,0.56,0.8888,42,0.56,0.8888,8,0.565,0.8968,794,8
SPY190719P299,2019-07-17,2019-07-17 09:35:14,0.57,0.9047,615,0.56,0.8888,182,0.56,0.8888,8,0.565,0.8968,794,0
SPY190719P299,2019-07-17,2019-07-17 09:35:15,0.57,0.9047,593,0.56,0.8888,215,0.56,0.8888,8,0.565,0.8968,794,0
SPY190719P299,2019-07-17,2019-07-17 09:35:16,0.57,0.9047,480,0.56,0.8888,306,0.56,0.8888,8,0.565,0.8968,794,0
SPY190719P299,2019-07-17,2019-07-17 09:35:16,0.57,0.9047,593,0.56,0.8888,225,0.56,0.8888,8,0.565,0.8968,794,0
SPY190719P299,2019-07-17,2019-07-17 09:35:17,0.58,0.9206,754,0.57,0.9047,47,0.56,0.8888,8,0.575,0.9126,794,0
SPY190719P299,2019-07-17,2019-07-17 09:35:17,0.57,0.9047,50,0.56,0.8888,285,0.56,0.8888,8,0.565,0.8968,794,0
SPY190719P299,2019-07-17,2019-07-17 09:35:18,0.58,0.9206,586,0.57,0.9047,191,0.56,0.8888,8,0.575,0.9126,794,0
SPY190719P299,2019-07-17,2019-07-17 09:35:18,0.58,0.9206,65,0.57,0.9047,194,0.56,0.8888,8,0.575,0.9126,794,0
SPY190719P299,2019-07-17,2019-07-17 09:35:19,0.58,0.9206,60,0.57,0.9047,194,0.56,0.8888,8,0.575,0.9126,794,0
SPY190719P299,2019-07-17,2019-07-17 09:35:20,0.58,0.9206,868,0.57,0.9047,165,0.56,0.8888,8,0.575,0.9126,794,0
SPY190719P299,2019-07-17,2019-07-17 09:35:20,0.58,0.9206,832,0.57,0.9047,165,0.57,0.9047,1,0.575,0.9126,796,2
SPY190719P299,2019-07-17,2019-07-17 09:35:21,0.58,0.9206,527,0.57,0.9047,235,0.57,0.9047,1,0.575,0.9126,796,0
SPY190719P299,2019-07-17,2019-07-17 09:35:22,0.58,0.9206,527,0.57,0.9047,235,0.57,0.9047,1,0.575,0.9126,796,0
SPY190719P299,2019-07-17,2019-07-17 09:35:22,0.58,0.9206,692,0.57,0.9047,311,0.57,0.9047,1,0.575,0.9126,796,0
SPY190719P299,2019-07-17,2019-07-17 09:35:23,0.58,0.9206,834,0.57,0.9047,311,0.57,0.9047,1,0.575,0.9126,796,0
SPY190719P299,2019-07-17,2019-07-17 09:35:24,0.58,0.9206,527,0.57,0.9047,332,0.57,0.9047,1,0.575,0.9126,796,0
SPY190719P299,2019-07-17,2019-07-17 09:35:24,0.58,0.9206,527,0.57,0.9047,137,0.57,0.9047,1,0.575,0.9126,796,0
SPY190719P299,2019-07-17,2019-07-17 09:35:25,0.58,0.9206,596,0.57,0.9047,137,0.57,0.9047,1,0.575,0.9126,796,0
SPY190719P299,2019-07-17,2019-07-17 09:35:25,0.58,0.9206,596,0.57,0.9047,127,0.57,0.9047,8,0.575,0.9126,804,8
SPY190719P299,2019-07-17,2019-07-17 09:35:26,0.58,0.9206,1186,0.57,0.9047,122,0.57,0.9047,8,0.575,0.9126,804,0
SPY190719P299,2019-07-17,2019-07-17 09:35:26,0.58,0.9206,1046,0.57,0.9047,158,0.57,0.9047,8,0.575,0.9126,804,0
SPY190719P299,2019-07-17,2019-07-17 09:35:27,0.58,0.9206,1046,0.57,0.9047,158,0.57,0.9047,8,0.575,0.9126,804,0
SPY190719P299,2019-07-17,2019-07-17 09:35:28,0.58,0.9206,1186,0.57,0.9047,158,0.57,0.9047,8,0.575,0.9126,804,0
SPY190719P299,2019-07-17,2019-07-17 09:35:28,0.58,0.9206,782,0.57,0.9047,158,0.57,0.9047,8,0.575,0.9126,804,0
SPY190719P299,2019-07-17,2019-07-17 09:35:29,0.58,0.9206,1197,0.57,0.9047,127,0.57,0.9047,2,0.575,0.9126,806,2
SPY190719P299,2019-07-17,2019-07-17 09:35:29,0.58,0.9206,1197,0.57,0.9047,132,0.58,0.9206,1,0.575,0.9126,807,1
SPY190719P299,2019-07-17,2019-07-17 09:35:30,0.58,0.9206,1200,0.57,0.9047,132,0.58,0.9206,1,0.575,0.9126,807,0
SPY190719P299,2019-07-17,2019-07-17 09:35:30,0.58,0.9206,1200,0.57,0.9047,163,0.58,0.9206,1,0.575,0.9126,807,0
SPY190719P299,2019-07-17,2019-07-17 09:35:31,0.58,0.9206,900,0.57,0.9047,101,0.58,0.9206,1,0.575,0.9126,808,1
SPY190719P299,2019-07-17,2019-07-17 09:35:31,0.58,0.9206,1200,0.57,0.9047,163,0.58,0.9206,1,0.575,0.9126,807,0
SPY190719P299,2019-07-17,2019-07-17 09:35:32,0.58,0.9206,587,0.57,0.9047,167,0.58,0.9206,1,0.575,0.9126,808,0
SPY190719P299,2019-07-17,2019-07-17 09:35:33,0.58,0.9206,597,0.57,0.9047,183,0.58,0.9206,1,0.575,0.9126,808,0
SPY190719P299,2019-07-17,2019-07-17 09:35:33,0.58,0.9206,15,0.57,0.9047,531,0.58,0.9206,1,0.575,0.9126,808,0
SPY190719P299,2019-07-17,2019-07-17 09:35:34,0.58,0.9206,597,0.57,0.9047,183,0.58,0.9206,1,0.575,0.9126,808,0
SPY190719P299,2019-07-17,2019-07-17 09:35:34,0.58,0.9206,15,0.57,0.9047,522,0.58,0.9206,1,0.575,0.9126,808,0
SPY190719P299,2019-07-17,2019-07-17 09:35:35,0.59,0.9365,60,0.58,0.9206,881,0.58,0.9206,4,0.585,0.9285,845,37
SPY190719P299,2019-07-17,2019-07-17 09:35:35,0.58,0.9206,420,0.57,0.9047,833,0.58,0.9206,1,0.575,0.9126,808,0
SPY190719P299,2019-07-17,2019-07-17 09:35:36,0.59,0.9365,208,0.57,0.9047,312,0.58,0.9206,4,0.58,0.9206,845,0
SPY190719P299,2019-07-17,2019-07-17 09:35:36,0.59,0.9365,60,0.58,0.9206,1275,0.58,0.9206,4,0.585,0.9285,845,0
SPY190719P299,2019-07-17,2019-07-17 09:35:37,0.59,0.9365,628,0.58,0.9206,26,0.58,0.9206,4,0.585,0.9285,845,0
SPY190719P299,2019-07-17,2019-07-17 09:35:38,0.59,0.9365,1104,0.58,0.9206,48,0.59,0.9365,1,0.585,0.9285,846,1
SPY190719P299,2019-07-17,2019-07-17 09:35:38,0.59,0.9365,853,0.58,0.9206,97,0.58,0.9206,4,0.585,0.9285,845,0
SPY190719P299,2019-07-17,2019-07-17 09:35:39,0.59,0.9365,1217,0.58,0.9206,59,0.59,0.9365,1,0.585,0.9285,846,0
SPY190719P299,2019-07-17,2019-07-17 09:35:39,0.59,0.9365,1217,0.57,0.9047,277,0.59,0.9365,1,0.58,0.9206,846,0
SPY190719P299,2019-07-17,2019-07-17 09:35:40,0.58,0.9206,552,0.57,0.9047,204,0.59,0.9365,1,0.575,0.9126,846,0
SPY190719P299,2019-07-17,2019-07-17 09:35:40,0.58,0.9206,70,0.57,0.9047,604,0.59,0.9365,1,0.575,0.9126,846,0
SPY190719P299,2019-07-17,2019-07-17 09:35:41,0.58,0.9206,581,0.57,0.9047,146,0.59,0.9365,1,0.575,0.9126,846,0
SPY190719P299,2019-07-17,2019-07-17 09:35:42,0.58,0.9206,552,0.57,0.9047,146,0.59,0.9365,1,0.575,0.9126,846,0
SPY190719P299,2019-07-17,2019-07-17 09:35:42,0.58,0.9206,581,0.57,0.9047,84,0.59,0.9365,1,0.575,0.9126,846,0
SPY190719P299,2019-07-17,2019-07-17 09:35:43,0.58,0.9206,436,0.57,0.9047,57,0.59,0.9365,1,0.575,0.9126,846,0
SPY190719P299,2019-07-17,2019-07-17 09:35:43,0.59,0.9365,938,0.57,0.9047,354,0.59,0.9365,1,0.58,0.9206,846,0
SPY190719P299,2019-07-17,2019-07-17 09:35:44,0.59,0.9365,704,0.57,0.9047,437,0.59,0.9365,1,0.58,0.9206,846,0
SPY190719P299,2019-07-17,2019-07-17 09:35:44,0.59,0.9365,800,0.57,0.9047,437,0.59,0.9365,1,0.58,0.9206,846,0
SPY190719P299,2019-07-17,2019-07-17 09:35:45,0.6,0.9523,856,0.58,0.9206,196,0.59,0.9365,1,0.59,0.9365,846,0
SPY190719P299,2019-07-17,2019-07-17 09:35:45,0.59,0.9365,10,0.58,0.9206,281,0.59,0.9365,1,0.585,0.9285,846,0
SPY190719P299,2019-07-17,2019-07-17 09:35:46,0.6,0.9523,835,0.58,0.9206,265,0.59,0.9365,1,0.59,0.9365,846,0
SPY190719P299,2019-07-17,2019-07-17 09:35:47,0.6,0.9523,846,0.58,0.9206,592,0.59,0.9365,1,0.59,0.9365,846,0
SPY190719P299,2019-07-17,2019-07-17 09:35:48,0.6,0.9523,1200,0.58,0.9206,592,0.58,0.9206,1,0.59,0.9365,847,1
SPY190719P299,2019-07-17,2019-07-17 09:35:48,0.6,0.9523,1455,0.58,0.9206,500,0.58,0.9206,1,0.59,0.9365,847,0
SPY190719P299,2019-07-17,2019-07-17 09:35:49,0.6,0.9523,1336,0.58,0.9206,500,0.58,0.9206,1,0.59,0.9365,847,0
SPY190719P299,2019-07-17,2019-07-17 09:35:49,0.6,0.9523,1088,0.58,0.9206,392,0.58,0.9206,1,0.59,0.9365,847,0
SPY190719P299,2019-07-17,2019-07-17 09:35:50,0.6,0.9523,1301,0.59,0.9365,47,0.58,0.9206,1,0.595,0.9444,847,0
SPY190719P299,2019-07-17,2019-07-17 09:35:51,0.6,0.9523,668,0.59,0.9365,145,0.58,0.9206,1,0.595,0.9444,847,0
SPY190719P299,2019-07-17,2019-07-17 09:35:51,0.6,0.9523,668,0.59,0.9365,47,0.58,0.9206,1,0.595,0.9444,847,0
SPY190719P299,2019-07-17,2019-07-17 09:35:52,0.6,0.9523,476,0.59,0.9365,138,0.58,0.9206,1,0.595,0.9444,847,0
SPY190719P299,2019-07-17,2019-07-17 09:35:52,0.6,0.9523,668,0.59,0.9365,145,0.58,0.9206,1,0.595,0.9444,847,0
SPY190719P299,2019-07-17,2019-07-17 09:35:53,0.6,0.9523,476,0.59,0.9365,138,0.58,0.9206,1,0.595,0.9444,847,0
SPY190719P299,2019-07-17,2019-07-17 09:35:54,0.6,0.9523,476,0.59,0.9365,138,0.58,0.9206,1,0.595,0.9444,847,0
SPY190719P299,2019-07-17,2019-07-17 09:35:54,0.6,0.9523,536,0.59,0.9365,8,0.58,0.9206,1,0.595,0.9444,847,0
SPY190719P299,2019-07-17,2019-07-17 09:35:55,0.6,0.9523,536,0.59,0.9365,188,0.58,0.9206,1,0.595,0.9444,847,0
SPY190719P299,2019-07-17,2019-07-17 09:35:55,0.6,0.9523,1176,0.59,0.9365,54,0.58,0.9206,1,0.595,0.9444,847,0
SPY190719P299,2019-07-17,2019-07-17 09:35:56,0.6,0.9523,10,0.59,0.9365,508,0.58,0.9206,1,0.595,0.9444,847,0
SPY190719P299,2019-07-17,2019-07-17 09:35:57,0.61,0.9682,75,0.6,0.9523,235,0.6,0.9523,3,0.605,0.9603,850,0
SPY190719P299,2019-07-17,2019-07-17 09:35:57,0.61,0.9682,131,0.6,0.9523,97,0.6,0.9523,3,0.605,0.9603,850,3
SPY190719P299,2019-07-17,2019-07-17 09:35:58,0.61,0.9682,1,0.6,0.9523,1408,0.6,0.9523,3,0.605,0.9603,850,0
SPY190719P299,2019-07-17,2019-07-17 09:35:58,0.61,0.9682,1,0.6,0.9523,1282,0.6,0.9523,3,0.605,0.9603,850,0
SPY190719P299,2019-07-17,2019-07-17 09:35:59,0.63,1.0,156,0.62,0.9841,6,0.61,0.9682,1,0.625,0.992,852,2
SPY190719P299,2019-07-17,2019-07-17 09:36:00,0.63,1.0,510,0.62,0.9841,6,0.61,0.9682,1,0.625,0.992,852,0
SPY190719P299,2019-07-17,2019-07-17 09:36:00,0.63,1.0,97,0.62,0.9841,232,0.61,0.9682,1,0.625,0.992,852,0
SPY190719P299,2019-07-17,2019-07-17 09:36:01,0.63,1.0,10,0.62,0.9841,1617,0.61,0.9682,1,0.625,0.992,852,0
SPY190719P299,2019-07-17,2019-07-17 09:36:01,0.63,1.0,10,0.62,0.9841,340,0.61,0.9682,1,0.625,0.992,852,0
SPY190719P299,2019-07-17,2019-07-17 09:36:02,0.64,1.0158,10,0.63,1.0,335,0.63,1.0,9,0.635,1.0079,862,10
SPY190719P299,2019-07-17,2019-07-17 09:36:02,0.63,1.0,10,0.62,0.9841,1768,0.61,0.9682,1,0.625,0.992,852,0
SPY190719P299,2019-07-17,2019-07-17 09:36:03,0.65,1.0317,428,0.64,1.0158,5,0.63,1.0,9,0.645,1.0238,862,0
SPY190719P299,2019-07-17,2019-07-17 09:36:03,0.65,1.0317,498,0.64,1.0158,5,0.63,1.0,9,0.645,1.0238,862,0
SPY190719P299,2019-07-17,2019-07-17 09:36:04,0.65,1.0317,50,0.64,1.0158,124,0.63,1.0,9,0.645,1.0238,862,0
SPY190719P299,2019-07-17,2019-07-17 09:36:05,0.65,1.0317,97,0.64,1.0158,124,0.63,1.0,9,0.645,1.0238,862,0
SPY190719P299,2019-07-17,2019-07-17 09:36:05,0.65,1.0317,97,0.65,1.0317,5,0.63,1.0,9,0.65,1.0317,862,0
SPY190719P299,2019-07-17,2019-07-17 09:36:06,0.66,1.0476,410,0.65,1.0317,6,0.63,1.0,9,0.655,1.0396,862,0
SPY190719P299,2019-07-17,2019-07-17 09:36:06,0.66,1.0476,415,0.65,1.0317,136,0.63,1.0,9,0.655,1.0396,862,0
SPY190719P299,2019-07-17,2019-07-17 09:36:07,0.66,1.0476,91,0.65,1.0317,136,0.63,1.0,9,0.655,1.0396,862,0
SPY190719P299,2019-07-17,2019-07-17 09:36:08,0.66,1.0476,137,0.65,1.0317,145,0.63,1.0,9,0.655,1.0396,862,0
SPY190719P299,2019-07-17,2019-07-17 09:36:08,0.67,1.0634,112,0.66,1.0476,97,0.63,1.0,9,0.665,1.0555,862,0
SPY190719P299,2019-07-17,2019-07-17 09:36:09,0.67,1.0634,365,0.66,1.0476,90,0.63,1.0,9,0.665,1.0555,862,0
SPY190719P299,2019-07-17,2019-07-17 09:36:09,0.67,1.0634,112,0.66,1.0476,97,0.63,1.0,9,0.665,1.0555,862,0
SPY190719P299,2019-07-17,2019-07-17 09:36:10,0.67,1.0634,365,0.66,1.0476,66,0.63,1.0,9,0.665,1.0555,862,0
SPY190719P299,2019-07-17,2019-07-17 09:36:10,0.67,1.0634,365,0.66,1.0476,189,0.63,1.0,9,0.665,1.0555,862,0
SPY190719P299,2019-07-17,2019-07-17 09:36:11,0.67,1.0634,415,0.66,1.0476,189,0.63,1.0,9,0.665,1.0555,862,0
SPY190719P299,2019-07-17,2019-07-17 09:36:11,0.67,1.0634,415,0.66,1.0476,151,0.63,1.0,9,0.665,1.0555,862,0
SPY190719P299,2019-07-17,2019-07-17 09:36:12,0.67,1.0634,5,0.66,1.0476,189,0.63,1.0,9,0.665,1.0555,862,0
SPY190719P299,2019-07-17,2019-07-17 09:36:13,0.67,1.0634,365,0.66,1.0476,189,0.63,1.0,9,0.665,1.0555,862,0
SPY190719P299,2019-07-17,2019-07-17 09:36:13,0.68,1.0793,761,0.66,1.0476,189,0.63,1.0,9,0.67,1.0634,862,0
SPY190719P299,2019-07-17,2019-07-17 09:36:14,0.67,1.0634,365,0.66,1.0476,189,0.63,1.0,9,0.665,1.0555,862,0
SPY190719P299,2019-07-17,2019-07-17 09:36:15,0.67,1.0634,392,0.66,1.0476,123,0.63,1.0,9,0.665,1.0555,862,0
SPY190719P299,2019-07-17,2019-07-17 09:36:15,0.67,1.0634,100,0.66,1.0476,137,0.63,1.0,9,0.665,1.0555,862,0
SPY190719P299,2019-07-17,2019-07-17 09:36:16,0.67,1.0634,545,0.65,1.0317,223,0.63,1.0,9,0.66,1.0476,862,0
SPY190719P299,2019-07-17,2019-07-17 09:36:16,0.66,1.0476,1,0.65,1.0317,254,0.66,1.0476,15,0.655,1.0396,877,15
SPY190719P299,2019-07-17,2019-07-17 09:36:17,0.67,1.0634,540,0.65,1.0317,110,0.66,1.0476,1,0.66,1.0476,878,1
SPY190719P299,2019-07-17,2019-07-17 09:36:18,0.67,1.0634,540,0.65,1.0317,212,0.66,1.0476,1,0.66,1.0476,878,0
SPY190719P299,2019-07-17,2019-07-17 09:36:18,0.66,1.0476,490,0.65,1.0317,66,0.66,1.0476,1,0.655,1.0396,878,0
SPY190719P299,2019-07-17,2019-07-17 09:36:19,0.65,1.0317,435,0.64,1.0158,152,0.65,1.0317,4,0.645,1.0238,882,4
SPY190719P299,2019-07-17,2019-07-17 09:36:19,0.65,1.0317,437,0.64,1.0158,226,0.66,1.0476,1,0.645,1.0238,878,0
SPY190719P299,2019-07-17,2019-07-17 09:36:20,0.65,1.0317,80,0.64,1.0158,152,0.65,1.0317,4,0.645,1.0238,882,0
SPY190719P299,2019-07-17,2019-07-17 09:36:20,0.65,1.0317,435,0.64,1.0158,252,0.65,1.0317,4,0.645,1.0238,882,0
SPY190719P299,2019-07-17,2019-07-17 09:36:21,0.65,1.0317,5,0.64,1.0158,229,0.65,1.0317,4,0.645,1.0238,882,0
SPY190719P299,2019-07-17,2019-07-17 09:36:22,0.66,1.0476,238,0.65,1.0317,57,0.65,1.0317,4,0.655,1.0396,882,0
SPY190719P299,2019-07-17,2019-07-17 09:36:22,0.66,1.0476,895,0.64,1.0158,572,0.65,1.0317,4,0.65,1.0317,882,0
SPY190719P299,2019-07-17,2019-07-17 09:36:23,0.66,1.0476,238,0.65,1.0317,97,0.65,1.0317,4,0.655,1.0396,882,0
SPY190719P299,2019-07-17,2019-07-17 09:36:23,0.66,1.0476,545,0.65,1.0317,98,0.65,1.0317,4,0.655,1.0396,882,0
SPY190719P299,2019-07-17,2019-07-17 09:36:24,0.66,1.0476,545,0.65,1.0317,88,0.65,1.0317,4,0.655,1.0396,882,0
SPY190719P299,2019-07-17,2019-07-17 09:36:25,0.66,1.0476,545,0.65,1.0317,98,0.65,1.0317,4,0.655,1.0396,882,0
SPY190719P299,2019-07-17,2019-07-17 09:36:25,0.67,1.0634,360,0.65,1.0317,86,0.65,1.0317,4,0.66,1.0476,882,0
SPY190719P299,2019-07-17,2019-07-17 09:36:26,0.67,1.0634,360,0.66,1.0476,153,0.65,1.0317,4,0.665,1.0555,882,0
SPY190719P299,2019-07-17,2019-07-17 09:36:26,0.67,1.0634,491,0.66,1.0476,115,0.65,1.0317,4,0.665,1.0555,882,0
SPY190719P299,2019-07-17,2019-07-17 09:36:27,0.67,1.0634,360,0.67,1.0634,47,0.65,1.0317,4,0.67,1.0634,882,0
SPY190719P299,2019-07-17,2019-07-17 09:36:27,0.67,1.0634,360,0.66,1.0476,373,0.65,1.0317,4,0.665,1.0555,882,0
SPY190719P299,2019-07-17,2019-07-17 09:36:28,0.68,1.0793,100,0.67,1.0634,141,0.65,1.0317,4,0.675,1.0714,882,0
SPY190719P299,2019-07-17,2019-07-17 09:36:29,0.68,1.0793,506,0.66,1.0476,510,0.65,1.0317,4,0.67,1.0634,882,0
SPY190719P299,2019-07-17,2019-07-17 09:36:29,0.68,1.0793,416,0.67,1.0634,176,0.65,1.0317,4,0.675,1.0714,882,0
SPY190719P299,2019-07-17,2019-07-17 09:36:30,0.67,1.0634,1,0.66,1.0476,699,0.67,1.0634,26,0.665,1.0555,908,26
SPY190719P299,2019-07-17,2019-07-17 09:36:30,0.68,1.0793,890,0.66,1.0476,540,0.65,1.0317,4,0.67,1.0634,882,0
SPY190719P299,2019-07-17,2019-07-17 09:36:31,0.67,1.0634,1,0.66,1.0476,1490,0.67,1.0634,26,0.665,1.0555,908,0
SPY190719P299,2019-07-17,2019-07-17 09:36:31,0.68,1.0793,1,0.67,1.0634,182,0.68,1.0793,1,0.675,1.0714,910,2
SPY190719P299,2019-07-17,2019-07-17 09:36:32,0.68,1.0793,50,0.67,1.0634,177,0.68,1.0793,1,0.675,1.0714,910,0
SPY190719P299,2019-07-17,2019-07-17 09:36:33,0.68,1.0793,10,0.67,1.0634,232,0.68,1.0793,1,0.675,1.0714,910,0
SPY190719P299,2019-07-17,2019-07-17 09:36:33,0.68,1.0793,42,0.67,1.0634,232,0.68,1.0793,1,0.675,1.0714,910,0
SPY190719P299,2019-07-17,2019-07-17 09:36:34,0.68,1.0793,10,0.67,1.0634,188,0.68,1.0793,1,0.675,1.0714,910,0
SPY190719P299,2019-07-17,2019-07-17 09:36:34,0.68,1.0793,38,0.67,1.0634,232,0.68,1.0793,5,0.675,1.0714,915,5
SPY190719P299,2019-07-17,2019-07-17 09:36:35,0.68,1.0793,410,0.67,1.0634,173,0.68,1.0793,5,0.675,1.0714,915,0
SPY190719P299,2019-07-17,2019-07-17 09:36:35,0.68,1.0793,541,0.67,1.0634,182,0.68,1.0793,5,0.675,1.0714,915,0
SPY190719P299,2019-07-17,2019-07-17 09:36:36,0.68,1.0793,462,0.67,1.0634,173,0.67,1.0634,5,0.675,1.0714,925,10
SPY190719P299,2019-07-17,2019-07-17 09:36:37,0.68,1.0793,410,0.67,1.0634,241,0.67,1.0634,5,0.675,1.0714,925,0
SPY190719P299,2019-07-17,2019-07-17 09:36:37,0.68,1.0793,410,0.67,1.0634,210,0.68,1.0793,2,0.675,1.0714,927,2
SPY190719P299,2019-07-17,2019-07-17 09:36:38,0.68,1.0793,408,0.67,1.0634,250,0.68,1.0793,2,0.675,1.0714,927,0
SPY190719P299,2019-07-17,2019-07-17 09:36:38,0.68,1.0793,410,0.67,1.0634,155,0.68,1.0793,2,0.675,1.0714,927,0
SPY190719P299,2019-07-17,2019-07-17 09:36:39,0.68,1.0793,491,0.67,1.0634,51,0.68,1.0793,2,0.675,1.0714,927,0
SPY190719P299,2019-07-17,2019-07-17 09:36:39,0.68,1.0793,539,0.67,1.0634,51,0.68,1.0793,2,0.675,1.0714,927,0
SPY190719P299,2019-07-17,2019-07-17 09:36:40,0.68,1.0793,491,0.67,1.0634,51,0.68,1.0793,2,0.675,1.0714,927,0
SPY190719P299,2019-07-17,2019-07-17 09:36:40,0.67,1.0634,1,0.67,1.0634,1,0.67,1.0634,1,0.67,1.0634,928,1
SPY190719P299,2019-07-17,2019-07-17 09:36:41,0.67,1.0634,589,0.65,1.0317,200,0.67,1.0634,1,0.66,1.0476,928,0
SPY190719P299,2019-07-17,2019-07-17 09:36:42,0.67,1.0634,1464,0.66,1.0476,41,0.67,1.0634,1,0.665,1.0555,928,0
SPY190719P299,2019-07-17,2019-07-17 09:36:42,0.67,1.0634,985,0.65,1.0317,219,0.67,1.0634,1,0.66,1.0476,928,0
SPY190719P299,2019-07-17,2019-07-17 09:36:43,0.67,1.0634,1325,0.65,1.0317,301,0.67,1.0634,1,0.66,1.0476,928,0
SPY190719P299,2019-07-17,2019-07-17 09:36:44,0.66,1.0476,56,0.64,1.0158,467,0.67,1.0634,1,0.65,1.0317,928,0
SPY190719P299,2019-07-17,2019-07-17 09:36:44,0.67,1.0634,1601,0.65,1.0317,200,0.67,1.0634,1,0.66,1.0476,928,0
SPY190719P299,2019-07-17,2019-07-17 09:36:45,0.66,1.0476,1404,0.64,1.0158,712,0.67,1.0634,1,0.65,1.0317,928,0
SPY190719P299,2019-07-17,2019-07-17 09:36:46,0.66,1.0476,1404,0.64,1.0158,540,0.67,1.0634,1,0.65,1.0317,928,0
SPY190719P299,2019-07-17,2019-07-17 09:36:46,0.66,1.0476,491,0.65,1.0317,50,0.67,1.0634,1,0.655,1.0396,928,0
SPY190719P299,2019-07-17,2019-07-17 09:36:47,0.65,1.0317,50,0.64,1.0158,681,0.67,1.0634,1,0.645,1.0238,928,0
SPY190719P299,2019-07-17,2019-07-17 09:36:47,0.66,1.0476,670,0.64,1.0158,714,0.67,1.0634,1,0.65,1.0317,928,0
SPY190719P299,2019-07-17,2019-07-17 09:36:48,0.66,1.0476,406,0.65,1.0317,176,0.67,1.0634,1,0.655,1.0396,928,0
SPY190719P299,2019-07-17,2019-07-17 09:36:48,0.66,1.0476,411,0.65,1.0317,60,0.65,1.0317,2,0.655,1.0396,930,2
SPY190719P299,2019-07-17,2019-07-17 09:36:49,0.66,1.0476,511,0.64,1.0158,646,0.65,1.0317,2,0.65,1.0317,930,0
SPY190719P299,2019-07-17,2019-07-17 09:36:50,0.66,1.0476,595,0.64,1.0158,617,0.65,1.0317,2,0.65,1.0317,930,0
SPY190719P299,2019-07-17,2019-07-17 09:36:50,0.66,1.0476,479,0.65,1.0317,184,0.65,1.0317,2,0.655,1.0396,930,0
SPY190719P299,2019-07-17,2019-07-17 09:36:51,0.66,1.0476,579,0.65,1.0317,10,0.65,1.0317,2,0.655,1.0396,930,0
SPY190719P299,2019-07-17,2019-07-17 09:36:51,0.66,1.0476,429,0.65,1.0317,80,0.65,1.0317,2,0.655,1.0396,930,0
SPY190719P299,2019-07-17,2019-07-17 09:36:52,0.66,1.0476,431,0.65,1.0317,204,0.65,1.0317,2,0.655,1.0396,930,0
SPY190719P299,2019-07-17,2019-07-17 09:36:52,0.66,1.0476,556,0.65,1.0317,10,0.65,1.0317,2,0.655,1.0396,930,0
SPY190719P299,2019-07-17,2019-07-17 09:36:53,0.66,1.0476,436,0.65,1.0317,10,0.65,1.0317,2,0.655,1.0396,930,0
SPY190719P299,2019-07-17,2019-07-17 09:36:54,0.66,1.0476,536,0.65,1.0317,10,0.65,1.0317,2,0.655,1.0396,930,0
SPY190719P299,2019-07-17,2019-07-17 09:36:54,0.66,1.0476,486,0.65,1.0317,14,0.65,1.0317,2,0.655,1.0396,930,0
SPY190719P299,2019-07-17,2019-07-17 09:36:55,0.66,1.0476,545,0.65,1.0317,111,0.65,1.0317,2,0.655,1.0396,930,0
SPY190719P299,2019-07-17,2019-07-17 09:36:55,0.66,1.0476,493,0.65,1.0317,189,0.65,1.0317,2,0.655,1.0396,930,0
SPY190719P299,2019-07-17,2019-07-17 09:36:56,0.66,1.0476,360,0.65,1.0317,680,0.65,1.0317,2,0.655,1.0396,930,0
SPY190719P299,2019-07-17,2019-07-17 09:36:56,0.66,1.0476,50,0.65,1.0317,888,0.65,1.0317,2,0.655,1.0396,930,0
SPY190719P299,2019-07-17,2019-07-17 09:36:57,0.67,1.0634,809,0.65,1.0317,1455,0.65,1.0317,2,0.66,1.0476,930,0
SPY190719P299,2019-07-17,2019-07-17 09:36:58,0.67,1.0634,1256,0.65,1.0317,1859,0.65,1.0317,2,0.66,1.0476,930,0
SPY190719P299,2019-07-17,2019-07-17 09:36:59,0.67,1.0634,605,0.66,1.0476,106,0.65,1.0317,2,0.665,1.0555,930,0
SPY190719P299,2019-07-17,2019-07-17 09:36:59,0.68,1.0793,788,0.66,1.0476,106,0.65,1.0317,2,0.67,1.0634,930,0
SPY190719P299,2019-07-17,2019-07-17 09:37:00,0.68,1.0793,1018,0.66,1.0476,570,0.65,1.0317,2,0.67,1.0634,930,0
SPY190719P299,2019-07-17,2019-07-17 09:37:01,0.68,1.0793,904,0.66,1.0476,943,0.65,1.0317,2,0.67,1.0634,930,0
SPY190719P299,2019-07-17,2019-07-17 09:37:01,0.68,1.0793,1018,0.66,1.0476,862,0.65,1.0317,2,0.67,1.0634,930,0
SPY190719P299,2019-07-17,2019-07-17 09:37:02,0.68,1.0793,904,0.66,1.0476,678,0.65,1.0317,2,0.67,1.0634,930,0
SPY190719P299,2019-07-17,2019-07-17 09:37:02,0.68,1.0793,904,0.66,1.0476,966,0.65,1.0317,2,0.67,1.0634,930,0
SPY190719P299,2019-07-17,2019-07-17 09:37:03,0.68,1.0793,1385,0.66,1.0476,601,0.65,1.0317,2,0.67,1.0634,930,0
SPY190719P299,2019-07-17,2019-07-17 09:37:03,0.68,1.0793,1385,0.66,1.0476,678,0.65,1.0317,2,0.67,1.0634,930,0
SPY190719P299,2019-07-17,2019-07-17 09:37:04,0.67,1.0634,360,0.66,1.0476,236,0.65,1.0317,2,0.665,1.0555,930,0
SPY190719P299,2019-07-17,2019-07-17 09:37:05,0.67,1.0634,360,0.66,1.0476,187,0.65,1.0317,2,0.665,1.0555,930,0
SPY190719P299,2019-07-17,2019-07-17 09:37:05,0.67,1.0634,456,0.66,1.0476,228,0.65,1.0317,2,0.665,1.0555,930,0
SPY190719P299,2019-07-17,2019-07-17 09:37:06,0.67,1.0634,360,0.66,1.0476,228,0.65,1.0317,2,0.665,1.0555,930,0
SPY190719P299,2019-07-17,2019-07-17 09:37:06,0.67,1.0634,491,0.66,1.0476,101,0.65,1.0317,2,0.665,1.0555,930,0
SPY190719P299,2019-07-17,2019-07-17 09:37:07,0.67,1.0634,441,0.66,1.0476,51,0.65,1.0317,2,0.665,1.0555,930,0
SPY190719P299,2019-07-17,2019-07-17 09:37:08,0.67,1.0634,360,0.66,1.0476,184,0.65,1.0317,2,0.665,1.0555,930,0
SPY190719P299,2019-07-17,2019-07-17 09:37:08,0.67,1.0634,449,0.66,1.0476,174,0.65,1.0317,2,0.665,1.0555,930,0
SPY190719P299,2019-07-17,2019-07-17 09:37:09,0.67,1.0634,667,0.65,1.0317,607,0.65,1.0317,2,0.66,1.0476,930,0
SPY190719P299,2019-07-17,2019-07-17 09:37:10,0.67,1.0634,667,0.65,1.0317,516,0.65,1.0317,2,0.66,1.0476,930,0
SPY190719P299,2019-07-17,2019-07-17 09:37:10,0.66,1.0476,360,0.65,1.0317,637,0.65,1.0317,2,0.655,1.0396,930,0
SPY190719P299,2019-07-17,2019-07-17 09:37:11,0.67,1.0634,397,0.66,1.0476,96,0.65,1.0317,2,0.665,1.0555,930,0
SPY190719P299,2019-07-17,2019-07-17 09:37:11,0.67,1.0634,401,0.65,1.0317,1203,0.65,1.0317,2,0.66,1.0476,930,0
SPY190719P299,2019-07-17,2019-07-17 09:37:12,0.67,1.0634,401,0.66,1.0476,5,0.65,1.0317,2,0.665,1.0555,930,0
SPY190719P299,2019-07-17,2019-07-17 09:37:13,0.67,1.0634,360,0.66,1.0476,141,0.65,1.0317,2,0.665,1.0555,930,0
SPY190719P299,2019-07-17,2019-07-17 09:37:13,0.67,1.0634,407,0.66,1.0476,201,0.65,1.0317,2,0.665,1.0555,930,0
SPY190719P299,2019-07-17,2019-07-17 09:37:14,0.67,1.0634,360,0.66,1.0476,191,0.65,1.0317,2,0.665,1.0555,930,0
SPY190719P299,2019-07-17,2019-07-17 09:37:14,0.67,1.0634,360,0.66,1.0476,634,0.65,1.0317,2,0.665,1.0555,930,0
SPY190719P299,2019-07-17,2019-07-17 09:37:15,0.67,1.0634,360,0.66,1.0476,206,0.65,1.0317,2,0.665,1.0555,930,0
SPY190719P299,2019-07-17,2019-07-17 09:37:16,0.67,1.0634,360,0.66,1.0476,237,0.65,1.0317,2,0.665,1.0555,930,0
SPY190719P299,2019-07-17,2019-07-17 09:37:16,0.67,1.0634,360,0.66,1.0476,600,0.65,1.0317,2,0.665,1.0555,930,0
SPY190719P299,2019-07-17,2019-07-17 09:37:17,0.68,1.0793,360,0.67,1.0634,235,0.65,1.0317,2,0.675,1.0714,930,0
SPY190719P299,2019-07-17,2019-07-17 09:37:17,0.68,1.0793,595,0.67,1.0634,141,0.65,1.0317,2,0.675,1.0714,930,0
SPY190719P299,2019-07-17,2019-07-17 09:37:18,0.68,1.0793,360,0.67,1.0634,383,0.65,1.0317,2,0.675,1.0714,930,0
SPY190719P299,2019-07-17,2019-07-17 09:37:18,0.68,1.0793,360,0.67,1.0634,483,0.65,1.0317,2,0.675,1.0714,930,0
SPY190719P299,2019-07-17,2019-07-17 09:37:19,0.68,1.0793,360,0.67,1.0634,235,0.68,1.0793,50,0.675,1.0714,980,50
SPY190719P299,2019-07-17,2019-07-17 09:37:20,0.68,1.0793,360,0.67,1.0634,235,0.68,1.0793,50,0.675,1.0714,980,0
SPY190719P299,2019-07-17,2019-07-17 09:37:20,0.68,1.0793,541,0.66,1.0476,744,0.68,1.0793,50,0.67,1.0634,980,0
SPY190719P299,2019-07-17,2019-07-17 09:37:21,0.68,1.0793,417,0.67,1.0634,199,0.68,1.0793,50,0.675,1.0714,980,0
SPY190719P299,2019-07-17,2019-07-17 09:37:21,0.68,1.0793,417,0.66,1.0476,744,0.68,1.0793,50,0.67,1.0634,980,0
SPY190719P299,2019-07-17,2019-07-17 09:37:23,0.68,1.0793,360,0.67,1.0634,209,0.68,1.0793,50,0.675,1.0714,980,0
SPY190719P299,2019-07-17,2019-07-17 09:37:24,0.68,1.0793,547,0.67,1.0634,8,0.68,1.0793,50,0.675,1.0714,980,0
SPY190719P299,2019-07-17,2019-07-17 09:37:24,0.68,1.0793,544,0.67,1.0634,8,0.68,1.0793,50,0.675,1.0714,980,0
SPY190719P299,2019-07-17,2019-07-17 09:37:25,0.68,1.0793,1009,0.66,1.0476,574,0.68,1.0793,50,0.67,1.0634,980,0
SPY190719P299,2019-07-17,2019-07-17 09:37:26,0.67,1.0634,541,0.65,1.0317,515,0.68,1.0793,50,0.66,1.0476,980,0
SPY190719P299,2019-07-17,2019-07-17 09:37:26,0.67,1.0634,360,0.66,1.0476,282,0.68,1.0793,50,0.665,1.0555,980,0
SPY190719P299,2019-07-17,2019-07-17 09:37:27,0.67,1.0634,401,0.65,1.0317,1143,0.68,1.0793,50,0.66,1.0476,980,0
SPY190719P299,2019-07-17,2019-07-17 09:37:27,0.67,1.0634,456,0.65,1.0317,896,0.68,1.0793,50,0.66,1.0476,980,0
SPY190719P299,2019-07-17,2019-07-17 09:37:28,0.67,1.0634,456,0.66,1.0476,188,0.68,1.0793,50,0.665,1.0555,980,0
SPY190719P299,2019-07-17,2019-07-17 09:37:29,0.67,1.0634,10,0.66,1.0476,403,0.68,1.0793,50,0.665,1.0555,980,0
SPY190719P299,2019-07-17,2019-07-17 09:37:29,0.67,1.0634,360,0.66,1.0476,541,0.68,1.0793,50,0.665,1.0555,980,0
SPY190719P299,2019-07-17,2019-07-17 09:37:30,0.67,1.0634,10,0.66,1.0476,516,0.68,1.0793,50,0.665,1.0555,980,0
SPY190719P299,2019-07-17,2019-07-17 09:37:31,0.67,1.0634,360,0.66,1.0476,182,0.68,1.0793,50,0.665,1.0555,980,0
SPY190719P299,2019-07-17,2019-07-17 09:37:31,0.67,1.0634,541,0.65,1.0317,666,0.68,1.0793,50,0.66,1.0476,980,0
SPY190719P299,2019-07-17,2019-07-17 09:37:32,0.67,1.0634,41,0.66,1.0476,232,0.68,1.0793,50,0.665,1.0555,980,0
SPY190719P299,2019-07-17,2019-07-17 09:37:33,0.68,1.0793,360,0.67,1.0634,218,0.68,1.0793,50,0.675,1.0714,980,0
SPY190719P299,2019-07-17,2019-07-17 09:37:34,0.68,1.0793,398,0.67,1.0634,218,0.68,1.0793,50,0.675,1.0714,980,0
SPY190719P299,2019-07-17,2019-07-17 09:37:34,0.68,1.0793,397,0.67,1.0634,218,0.68,1.0793,50,0.675,1.0714,980,0
SPY190719P299,2019-07-17,2019-07-17 09:37:35,0.68,1.0793,397,0.67,1.0634,208,0.68,1.0793,50,0.675,1.0714,980,0
SPY190719P299,2019-07-17,2019-07-17 09:37:36,0.68,1.0793,397,0.66,1.0476,948,0.68,1.0793,50,0.67,1.0634,980,0
SPY190719P299,2019-07-17,2019-07-17 09:37:37,0.68,1.0793,392,0.67,1.0634,315,0.68,1.0793,50,0.675,1.0714,980,0
SPY190719P299,2019-07-17,2019-07-17 09:37:38,0.68,1.0793,392,0.67,1.0634,340,0.68,1.0793,50,0.675,1.0714,980,0
SPY190719P299,2019-07-17,2019-07-17 09:37:39,0.68,1.0793,392,0.67,1.0634,340,0.68,1.0793,50,0.675,1.0714,980,0
SPY190719P299,2019-07-17,2019-07-17 09:37:40,0.68,1.0793,392,0.67,1.0634,518,0.68,1.0793,50,0.675,1.0714,980,0
SPY190719P299,2019-07-17,2019-07-17 09:37:40,0.68,1.0793,392,0.67,1.0634,571,0.68,1.0793,50,0.675,1.0714,980,0
SPY190719P299,2019-07-17,2019-07-17 09:37:41,0.68,1.0793,441,0.67,1.0634,118,0.68,1.0793,6,0.675,1.0714,990,10
SPY190719P299,2019-07-17,2019-07-17 09:37:41,0.68,1.0793,944,0.66,1.0476,1205,0.68,1.0793,6,0.67,1.0634,990,0
SPY190719P299,2019-07-17,2019-07-17 09:37:42,0.68,1.0793,700,0.66,1.0476,697,0.68,1.0793,6,0.67,1.0634,990,0
SPY190719P299,2019-07-17,2019-07-17 09:37:42,0.68,1.0793,769,0.66,1.0476,1205,0.68,1.0793,6,0.67,1.0634,990,0
SPY190719P299,2019-07-17,2019-07-17 09:37:43,0.67,1.0634,51,0.66,1.0476,400,0.68,1.0793,6,0.665,1.0555,990,0
SPY190719P299,2019-07-17,2019-07-17 09:37:44,0.67,1.0634,93,0.66,1.0476,212,0.68,1.0793,6,0.665,1.0555,990,0
SPY190719P299,2019-07-17,2019-07-17 09:37:44,0.67,1.0634,41,0.66,1.0476,319,0.68,1.0793,6,0.665,1.0555,990,0
SPY190719P299,2019-07-17,2019-07-17 09:37:45,0.67,1.0634,461,0.66,1.0476,53,0.68,1.0793,6,0.665,1.0555,990,0
SPY190719P299,2019-07-17,2019-07-17 09:37:46,0.67,1.0634,10,0.66,1.0476,306,0.68,1.0793,6,0.665,1.0555,990,0
SPY190719P299,2019-07-17,2019-07-17 09:37:46,0.68,1.0793,1556,0.66,1.0476,474,0.68,1.0793,6,0.67,1.0634,990,0
SPY190719P299,2019-07-17,2019-07-17 09:37:47,0.67,1.0634,88,0.66,1.0476,37,0.68,1.0793,6,0.665,1.0555,990,0
SPY190719P299,2019-07-17,2019-07-17 09:37:48,0.67,1.0634,505,0.65,1.0317,1041,0.68,1.0793,6,0.66,1.0476,990,0
SPY190719P299,2019-07-17,2019-07-17 09:37:49,0.66,1.0476,360,0.65,1.0317,10,0.68,1.0793,6,0.655,1.0396,990,0
SPY190719P299,2019-07-17,2019-07-17 09:37:49,0.66,1.0476,689,0.65,1.0317,10,0.68,1.0793,6,0.655,1.0396,990,0
SPY190719P299,2019-07-17,2019-07-17 09:37:50,0.66,1.0476,541,0.65,1.0317,20,0.68,1.0793,6,0.655,1.0396,990,0
SPY190719P299,2019-07-17,2019-07-17 09:37:51,0.66,1.0476,834,0.65,1.0317,20,0.68,1.0793,6,0.655,1.0396,990,0
SPY190719P299,2019-07-17,2019-07-17 09:37:51,0.66,1.0476,1232,0.65,1.0317,20,0.68,1.0793,6,0.655,1.0396,990,0
SPY190719P299,2019-07-17,2019-07-17 09:37:52,0.66,1.0476,827,0.65,1.0317,20,0.68,1.0793,6,0.655,1.0396,990,0
SPY190719P299,2019-07-17,2019-07-17 09:37:52,0.66,1.0476,1561,0.65,1.0317,20,0.68,1.0793,6,0.655,1.0396,990,0
SPY190719P299,2019-07-17,2019-07-17 09:37:53,0.66,1.0476,1713,0.65,1.0317,20,0.65,1.0317,2,0.655,1.0396,992,2
SPY190719P299,2019-07-17,2019-07-17 09:37:54,0.65,1.0317,545,0.64,1.0158,87,0.65,1.0317,10,0.645,1.0238,1012,20
SPY190719P299,2019-07-17,2019-07-17 09:37:54,0.65,1.0317,545,0.64,1.0158,51,0.65,1.0317,10,0.645,1.0238,1012,0
SPY190719P299,2019-07-17,2019-07-17 09:37:55,0.65,1.0317,545,0.64,1.0158,51,0.65,1.0317,10,0.645,1.0238,1012,0
SPY190719P299,2019-07-17,2019-07-17 09:37:56,0.65,1.0317,545,0.64,1.0158,47,0.65,1.0317,1,0.645,1.0238,1013,1
SPY190719P299,2019-07-17,2019-07-17 09:37:57,0.65,1.0317,360,0.64,1.0158,651,0.65,1.0317,1,0.645,1.0238,1013,0
SPY190719P299,2019-07-17,2019-07-17 09:37:57,0.65,1.0317,545,0.64,1.0158,66,0.65,1.0317,1,0.645,1.0238,1013,0
SPY190719P299,2019-07-17,2019-07-17 09:37:58,0.66,1.0476,595,0.64,1.0158,233,0.65,1.0317,1,0.65,1.0317,1013,0
SPY190719P299,2019-07-17,2019-07-17 09:37:59,0.65,1.0317,442,0.64,1.0158,233,0.65,1.0317,1,0.645,1.0238,1013,0
SPY190719P299,2019-07-17,2019-07-17 09:37:59,0.65,1.0317,584,0.63,1.0,1154,0.65,1.0317,1,0.64,1.0158,1013,0
SPY190719P299,2019-07-17,2019-07-17 09:38:00,0.65,1.0317,499,0.63,1.0,1154,0.65,1.0317,1,0.64,1.0158,1013,0
SPY190719P299,2019-07-17,2019-07-17 09:38:01,0.64,1.0158,490,0.62,0.9841,425,0.65,1.0317,1,0.63,1.0,1013,0
SPY190719P299,2019-07-17,2019-07-17 09:38:01,0.65,1.0317,1622,0.63,1.0,57,0.65,1.0317,1,0.64,1.0158,1013,0
SPY190719P299,2019-07-17,2019-07-17 09:38:02,0.64,1.0158,490,0.62,0.9841,699,0.65,1.0317,1,0.63,1.0,1013,0
SPY190719P299,2019-07-17,2019-07-17 09:38:02,0.64,1.0158,490,0.62,0.9841,425,0.65,1.0317,1,0.63,1.0,1013,0
SPY190719P299,2019-07-17,2019-07-17 09:38:03,0.63,1.0,50,0.62,0.9841,176,0.65,1.0317,1,0.625,0.992,1013,0
SPY190719P299,2019-07-17,2019-07-17 09:38:04,0.63,1.0,499,0.62,0.9841,121,0.65,1.0317,1,0.625,0.992,1013,0
SPY190719P299,2019-07-17,2019-07-17 09:38:04,0.63,1.0,499,0.62,0.9841,131,0.65,1.0317,1,0.625,0.992,1013,0
SPY190719P299,2019-07-17,2019-07-17 09:38:05,0.63,1.0,499,0.62,0.9841,131,0.65,1.0317,1,0.625,0.992,1013,0
SPY190719P299,2019-07-17,2019-07-17 09:38:06,0.63,1.0,499,0.62,0.9841,131,0.65,1.0317,1,0.625,0.992,1013,0
SPY190719P299,2019-07-17,2019-07-17 09:38:07,0.63,1.0,411,0.62,0.9841,191,0.65,1.0317,1,0.625,0.992,1013,0
SPY190719P299,2019-07-17,2019-07-17 09:38:08,0.63,1.0,411,0.62,0.9841,167,0.65,1.0317,1,0.625,0.992,1013,0
SPY190719P299,2019-07-17,2019-07-17 09:38:09,0.63,1.0,358,0.61,0.9682,2394,0.65,1.0317,1,0.62,0.9841,1013,0
SPY190719P299,2019-07-17,2019-07-17 09:38:09,0.63,1.0,471,0.61,0.9682,1707,0.65,1.0317,1,0.62,0.9841,1013,0
SPY190719P299,2019-07-17,2019-07-17 09:38:10,0.63,1.0,559,0.61,0.9682,2050,0.65,1.0317,1,0.62,0.9841,1013,0
SPY190719P299,2019-07-17,2019-07-17 09:38:10,0.63,1.0,559,0.61,0.9682,2445,0.65,1.0317,1,0.62,0.9841,1013,0
SPY190719P299,2019-07-17,2019-07-17 09:38:11,0.63,1.0,559,0.62,0.9841,99,0.65,1.0317,1,0.625,0.992,1013,0
SPY190719P299,2019-07-17,2019-07-17 09:38:12,0.63,1.0,559,0.62,0.9841,83,0.65,1.0317,1,0.625,0.992,1013,0
SPY190719P299,2019-07-17,2019-07-17 09:38:13,0.63,1.0,4,0.62,0.9841,926,0.65,1.0317,1,0.625,0.992,1013,0
SPY190719P299,2019-07-17,2019-07-17 09:38:13,0.63,1.0,4,0.62,0.9841,1156,0.65,1.0317,1,0.625,0.992,1013,0
SPY190719P299,2019-07-17,2019-07-17 09:38:14,0.63,1.0,360,0.62,0.9841,740,0.65,1.0317,1,0.625,0.992,1013,0
SPY190719P299,2019-07-17,2019-07-17 09:38:14,0.63,1.0,360,0.62,0.9841,1037,0.65,1.0317,1,0.625,0.992,1013,0
SPY190719P299,2019-07-17,2019-07-17 09:38:15,0.63,1.0,360,0.62,0.9841,1037,0.65,1.0317,1,0.625,0.992,1013,0
SPY190719P299,2019-07-17,2019-07-17 09:38:16,0.64,1.0158,1093,0.62,0.9841,1168,0.65,1.0317,1,0.63,1.0,1013,0
SPY190719P299,2019-07-17,2019-07-17 09:38:16,0.64,1.0158,699,0.62,0.9841,1349,0.65,1.0317,1,0.63,1.0,1013,0
SPY190719P299,2019-07-17,2019-07-17 09:38:17,0.64,1.0158,699,0.62,0.9841,1349,0.65,1.0317,1,0.63,1.0,1013,0
SPY190719P299,2019-07-17,2019-07-17 09:38:18,0.64,1.0158,599,0.62,0.9841,1307,0.65,1.0317,1,0.63,1.0,1013,0
SPY190719P299,2019-07-17,2019-07-17 09:38:18,0.64,1.0158,699,0.62,0.9841,1301,0.65,1.0317,1,0.63,1.0,1013,0
SPY190719P299,2019-07-17,2019-07-17 09:38:19,0.64,1.0158,360,0.63,1.0,313,0.65,1.0317,1,0.635,1.0079,1013,0
SPY190719P299,2019-07-17,2019-07-17 09:38:19,0.64,1.0158,360,0.63,1.0,274,0.65,1.0317,1,0.635,1.0079,1013,0
SPY190719P299,2019-07-17,2019-07-17 09:38:20,0.64,1.0158,406,0.63,1.0,187,0.65,1.0317,1,0.635,1.0079,1013,0
SPY190719P299,2019-07-17,2019-07-17 09:38:21,0.64,1.0158,360,0.63,1.0,377,0.65,1.0317,1,0.635,1.0079,1013,0
SPY190719P299,2019-07-17,2019-07-17 09:38:21,0.64,1.0158,440,0.63,1.0,141,0.65,1.0317,1,0.635,1.0079,1013,0
SPY190719P299,2019-07-17,2019-07-17 09:38:22,0.64,1.0158,440,0.63,1.0,146,0.65,1.0317,1,0.635,1.0079,1013,0
SPY190719P299,2019-07-17,2019-07-17 09:38:23,0.64,1.0158,360,0.63,1.0,642,0.65,1.0317,1,0.635,1.0079,1013,0
SPY190719P299,2019-07-17,2019-07-17 09:38:23,0.64,1.0158,390,0.63,1.0,642,0.65,1.0317,1,0.635,1.0079,1013,0
SPY190719P299,2019-07-17,2019-07-17 09:38:24,0.65,1.0317,684,0.63,1.0,1269,0.65,1.0317,1,0.64,1.0158,1013,0
SPY190719P299,2019-07-17,2019-07-17 09:38:25,0.65,1.0317,689,0.63,1.0,1269,0.63,1.0,10,0.64,1.0158,1023,10
SPY190719P299,2019-07-17,2019-07-17 09:38:25,0.65,1.0317,689,0.63,1.0,902,0.65,1.0317,1,0.64,1.0158,1013,0
SPY190719P299,2019-07-17,2019-07-17 09:38:26,0.65,1.0317,689,0.63,1.0,908,0.63,1.0,10,0.64,1.0158,1023,0
SPY190719P299,2019-07-17,2019-07-17 09:38:27,0.65,1.0317,770,0.63,1.0,630,0.63,1.0,10,0.64,1.0158,1023,0
SPY190719P299,2019-07-17,2019-07-17 09:38:28,0.64,1.0158,422,0.63,1.0,151,0.63,1.0,10,0.635,1.0079,1023,0
SPY190719P299,2019-07-17,2019-07-17 09:38:28,0.64,1.0158,1,0.63,1.0,755,0.63,1.0,10,0.635,1.0079,1023,0
SPY190719P299,2019-07-17,2019-07-17 09:38:29,0.63,1.0,360,0.62,0.9841,265,0.63,1.0,10,0.625,0.992,1023,0
SPY190719P299,2019-07-17,2019-07-17 09:38:29,0.64,1.0158,422,0.63,1.0,141,0.63,1.0,10,0.635,1.0079,1023,0
SPY190719P299,2019-07-17,2019-07-17 09:38:30,0.63,1.0,360,0.62,0.9841,590,0.63,1.0,10,0.625,0.992,1023,0
SPY190719P299,2019-07-17,2019-07-17 09:38:31,0.63,1.0,360,0.62,0.9841,774,0.63,1.0,10,0.625,0.992,1023,0
SPY190719P299,2019-07-17,2019-07-17 09:38:31,0.63,1.0,360,0.62,0.9841,444,0.63,1.0,10,0.625,0.992,1023,0
SPY190719P299,2019-07-17,2019-07-17 09:38:32,0.63,1.0,360,0.62,0.9841,714,0.63,1.0,10,0.625,0.992,1023,0
SPY190719P299,2019-07-17,2019-07-17 09:38:32,0.64,1.0158,499,0.63,1.0,192,0.63,1.0,10,0.635,1.0079,1023,0
SPY190719P299,2019-07-17,2019-07-17 09:38:33,0.64,1.0158,499,0.63,1.0,200,0.63,1.0,10,0.635,1.0079,1023,0
SPY190719P299,2019-07-17,2019-07-17 09:38:34,0.64,1.0158,559,0.63,1.0,160,0.63,1.0,10,0.635,1.0079,1023,0
SPY190719P299,2019-07-17,2019-07-17 09:38:34,0.64,1.0158,559,0.63,1.0,121,0.63,1.0,10,0.635,1.0079,1023,0
SPY190719P299,2019-07-17,2019-07-17 09:38:35,0.64,1.0158,499,0.63,1.0,107,0.63,1.0,10,0.635,1.0079,1023,0
SPY190719P299,2019-07-17,2019-07-17 09:38:35,0.64,1.0158,499,0.63,1.0,70,0.63,1.0,10,0.635,1.0079,1023,0
SPY190719P299,2019-07-17,2019-07-17 09:38:36,0.64,1.0158,499,0.62,0.9841,762,0.63,1.0,10,0.63,1.0,1023,0
SPY190719P299,2019-07-17,2019-07-17 09:38:37,0.64,1.0158,499,0.62,0.9841,762,0.63,1.0,10,0.63,1.0,1023,0
SPY190719P299,2019-07-17,2019-07-17 09:38:38,0.63,1.0,4,0.62,0.9841,1527,0.63,1.0,10,0.625,0.992,1023,0
SPY190719P299,2019-07-17,2019-07-17 09:38:38,0.64,1.0158,499,0.62,0.9841,900,0.63,1.0,10,0.63,1.0,1023,0
SPY190719P299,2019-07-17,2019-07-17 09:38:39,0.63,1.0,4,0.62,0.9841,1652,0.63,1.0,10,0.625,0.992,1023,0
SPY190719P299,2019-07-17,2019-07-17 09:38:40,0.63,1.0,4,0.63,1.0,1,0.63,1.0,1,0.63,1.0,1028,5
SPY190719P299,2019-07-17,2019-07-17 09:38:40,0.64,1.0158,460,0.63,1.0,230,0.63,1.0,1,0.635,1.0079,1028,0
SPY190719P299,2019-07-17,2019-07-17 09:38:41,0.64,1.0158,188,0.63,1.0,132,0.63,1.0,1,0.635,1.0079,1028,0
SPY190719P299,2019-07-17,2019-07-17 09:38:41,0.64,1.0158,188,0.63,1.0,32,0.63,1.0,1,0.635,1.0079,1028,0
SPY190719P299,2019-07-17,2019-07-17 09:38:42,0.64,1.0158,460,0.62,0.9841,789,0.63,1.0,1,0.63,1.0,1028,0
SPY190719P299,2019-07-17,2019-07-17 09:38:42,0.63,1.0,360,0.62,0.9841,1037,0.63,1.0,1,0.625,0.992,1028,0
SPY190719P299,2019-07-17,2019-07-17 09:38:43,0.64,1.0158,460,0.62,0.9841,1346,0.63,1.0,1,0.63,1.0,1028,0
SPY190719P299,2019-07-17,2019-07-17 09:38:44,0.64,1.0158,460,0.63,1.0,135,0.63,1.0,1,0.635,1.0079,1028,0
SPY190719P299,2019-07-17,2019-07-17 09:38:44,0.64,1.0158,460,0.63,1.0,109,0.63,1.0,1,0.635,1.0079,1028,0
SPY190719P299,2019-07-17,2019-07-17 09:38:45,0.64,1.0158,460,0.63,1.0,178,0.63,1.0,1,0.635,1.0079,1028,0
SPY190719P299,2019-07-17,2019-07-17 09:38:46,0.64,1.0158,460,0.63,1.0,624,0.63,1.0,1,0.635,1.0079,1028,0
SPY190719P299,2019-07-17,2019-07-17 09:38:46,0.64,1.0158,410,0.63,1.0,178,0.63,1.0,1,0.635,1.0079,1028,0
SPY190719P299,2019-07-17,2019-07-17 09:38:47,0.64,1.0158,360,0.63,1.0,594,0.63,1.0,1,0.635,1.0079,1028,0
SPY190719P299,2019-07-17,2019-07-17 09:38:47,0.64,1.0158,50,0.63,1.0,594,0.63,1.0,1,0.635,1.0079,1028,0
SPY190719P299,2019-07-17,2019-07-17 09:38:48,0.65,1.0317,572,0.63,1.0,681,0.63,1.0,1,0.64,1.0158,1028,0
SPY190719P299,2019-07-17,2019-07-17 09:38:48,0.65,1.0317,691,0.64,1.0158,57,0.63,1.0,1,0.645,1.0238,1028,0
SPY190719P299,2019-07-17,2019-07-17 09:38:49,0.65,1.0317,645,0.63,1.0,1327,0.63,1.0,1,0.64,1.0158,1028,0
SPY190719P299,2019-07-17,2019-07-17 09:38:49,0.65,1.0317,645,0.63,1.0,1014,0.63,1.0,1,0.64,1.0158,1028,0
SPY190719P299,2019-07-17,2019-07-17 09:38:50,0.65,1.0317,549,0.63,1.0,758,0.63,1.0,1,0.64,1.0158,1028,0
SPY190719P299,2019-07-17,2019-07-17 09:38:51,0.65,1.0317,958,0.64,1.0158,63,0.63,1.0,1,0.645,1.0238,1029,1
SPY190719P299,2019-07-17,2019-07-17 09:38:51,0.65,1.0317,549,0.63,1.0,758,0.63,1.0,1,0.64,1.0158,1028,0
SPY190719P299,2019-07-17,2019-07-17 09:38:52,0.65,1.0317,549,0.64,1.0158,63,0.63,1.0,1,0.645,1.0238,1029,0
SPY190719P299,2019-07-17,2019-07-17 09:38:52,0.65,1.0317,847,0.64,1.0158,63,0.63,1.0,1,0.645,1.0238,1029,0
SPY190719P299,2019-07-17,2019-07-17 09:38:53,0.65,1.0317,749,0.64,1.0158,63,0.63,1.0,1,0.645,1.0238,1029,0
SPY190719P299,2019-07-17,2019-07-17 09:38:54,0.65,1.0317,549,0.64,1.0158,63,0.63,1.0,1,0.645,1.0238,1029,0
SPY190719P299,2019-07-17,2019-07-17 09:38:55,0.65,1.0317,549,0.64,1.0158,63,0.63,1.0,1,0.645,1.0238,1029,0
SPY190719P299,2019-07-17,2019-07-17 09:38:56,0.65,1.0317,549,0.64,1.0158,57,0.63,1.0,1,0.645,1.0238,1029,0
SPY190719P299,2019-07-17,2019-07-17 09:38:57,0.65,1.0317,549,0.64,1.0158,47,0.63,1.0,1,0.645,1.0238,1029,0
SPY190719P299,2019-07-17,2019-07-17 09:38:58,0.65,1.0317,549,0.64,1.0158,57,0.63,1.0,1,0.645,1.0238,1029,0
SPY190719P299,2019-07-17,2019-07-17 09:38:59,0.65,1.0317,391,0.64,1.0158,116,0.63,1.0,1,0.645,1.0238,1029,0
SPY190719P299,2019-07-17,2019-07-17 09:38:59,0.65,1.0317,391,0.63,1.0,926,0.63,1.0,1,0.64,1.0158,1029,0
SPY190719P299,2019-07-17,2019-07-17 09:39:00,0.65,1.0317,524,0.63,1.0,867,0.63,1.0,1,0.64,1.0158,1029,0
SPY190719P299,2019-07-17,2019-07-17 09:39:01,0.64,1.0158,16,0.63,1.0,750,0.63,1.0,1,0.635,1.0079,1029,0
SPY190719P299,2019-07-17,2019-07-17 09:39:02,0.64,1.0158,63,0.63,1.0,750,0.63,1.0,1,0.635,1.0079,1029,0
SPY190719P299,2019-07-17,2019-07-17 09:39:02,0.64,1.0158,50,0.63,1.0,950,0.63,1.0,1,0.635,1.0079,1029,0
SPY190719P299,2019-07-17,2019-07-17 09:39:03,0.64,1.0158,50,0.63,1.0,943,0.63,1.0,1,0.635,1.0079,1029,0
SPY190719P299,2019-07-17,2019-07-17 09:39:04,0.64,1.0158,98,0.63,1.0,595,0.63,1.0,1,0.635,1.0079,1029,0
SPY190719P299,2019-07-17,2019-07-17 09:39:05,0.64,1.0158,98,0.63,1.0,595,0.63,1.0,1,0.635,1.0079,1029,0
SPY190719P299,2019-07-17,2019-07-17 09:39:06,0.64,1.0158,98,0.63,1.0,410,0.63,1.0,1,0.635,1.0079,1029,0
SPY190719P299,2019-07-17,2019-07-17 09:39:06,0.65,1.0317,588,0.64,1.0158,81,0.63,1.0,1,0.645,1.0238,1029,0
SPY190719P299,2019-07-17,2019-07-17 09:39:07,0.65,1.0317,2293,0.64,1.0158,2,0.64,1.0158,1,0.645,1.0238,1030,1
SPY190719P299,2019-07-17,2019-07-17 09:39:07,0.65,1.0317,1001,0.64,1.0158,2,0.63,1.0,1,0.645,1.0238,1029,0
SPY190719P299,2019-07-17,2019-07-17 09:39:08,0.65,1.0317,1257,0.64,1.0158,2,0.64,1.0158,1,0.645,1.0238,1030,0
SPY190719P299,2019-07-17,2019-07-17 09:39:09,0.65,1.0317,1257,0.64,1.0158,47,0.64,1.0158,1,0.645,1.0238,1030,0
SPY190719P299,2019-07-17,2019-07-17 09:39:09,0.65,1.0317,683,0.64,1.0158,72,0.64,1.0158,1,0.645,1.0238,1030,0
SPY190719P299,2019-07-17,2019-07-17 09:39:10,0.65,1.0317,1030,0.64,1.0158,41,0.64,1.0158,1,0.645,1.0238,1030,0
SPY190719P299,2019-07-17,2019-07-17 09:39:10,0.65,1.0317,1427,0.64,1.0158,41,0.64,1.0158,1,0.645,1.0238,1030,0
SPY190719P299,2019-07-17,2019-07-17 09:39:11,0.65,1.0317,778,0.64,1.0158,41,0.64,1.0158,1,0.645,1.0238,1030,0
SPY190719P299,2019-07-17,2019-07-17 09:39:11,0.65,1.0317,588,0.64,1.0158,2,0.64,1.0158,1,0.645,1.0238,1030,0
SPY190719P299,2019-07-17,2019-07-17 09:39:12,0.65,1.0317,1237,0.64,1.0158,41,0.64,1.0158,1,0.645,1.0238,1030,0
SPY190719P299,2019-07-17,2019-07-17 09:39:13,0.65,1.0317,544,0.64,1.0158,2,0.64,1.0158,1,0.645,1.0238,1030,0
SPY190719P299,2019-07-17,2019-07-17 09:39:14,0.64,1.0158,499,0.63,1.0,112,0.64,1.0158,2,0.635,1.0079,1032,0
SPY190719P299,2019-07-17,2019-07-17 09:39:14,0.64,1.0158,107,0.63,1.0,47,0.64,1.0158,2,0.635,1.0079,1032,2
SPY190719P299,2019-07-17,2019-07-17 09:39:15,0.64,1.0158,549,0.63,1.0,47,0.64,1.0158,2,0.635,1.0079,1032,0
SPY190719P299,2019-07-17,2019-07-17 09:39:15,0.63,1.0,10,0.62,0.9841,686,0.63,1.0,5,0.625,0.992,1037,5
SPY190719P299,2019-07-17,2019-07-17 09:39:16,0.63,1.0,466,0.62,0.9841,521,0.63,1.0,5,0.625,0.992,1037,0
SPY190719P299,2019-07-17,2019-07-17 09:39:17,0.63,1.0,466,0.62,0.9841,496,0.63,1.0,5,0.625,0.992,1037,0
SPY190719P299,2019-07-17,2019-07-17 09:39:17,0.63,1.0,100,0.62,0.9841,494,0.63,1.0,5,0.625,0.992,1037,0
SPY190719P299,2019-07-17,2019-07-17 09:39:18,0.63,1.0,5,0.62,0.9841,845,0.63,1.0,5,0.625,0.992,1037,0
SPY190719P299,2019-07-17,2019-07-17 09:39:19,0.63,1.0,5,0.62,0.9841,1049,0.62,0.9841,1,0.625,0.992,1038,1
SPY190719P299,2019-07-17,2019-07-17 09:39:19,0.63,1.0,5,0.62,0.9841,1049,0.62,0.9841,1,0.625,0.992,1038,0
SPY190719P299,2019-07-17,2019-07-17 09:39:20,0.63,1.0,5,0.62,0.9841,1049,0.62,0.9841,1,0.625,0.992,1038,0
SPY190719P299,2019-07-17,2019-07-17 09:39:21,0.63,1.0,5,0.62,0.9841,1049,0.62,0.9841,1,0.625,0.992,1038,0
SPY190719P299,2019-07-17,2019-07-17 09:39:21,0.63,1.0,5,0.62,0.9841,1045,0.62,0.9841,1,0.625,0.992,1038,0
SPY190719P299,2019-07-17,2019-07-17 09:39:22,0.63,1.0,10,0.62,0.9841,857,0.62,0.9841,10,0.625,0.992,1048,10
SPY190719P299,2019-07-17,2019-07-17 09:39:23,0.63,1.0,10,0.62,0.9841,961,0.62,0.9841,10,0.625,0.992,1048,0
SPY190719P299,2019-07-17,2019-07-17 09:39:24,0.63,1.0,10,0.62,0.9841,961,0.62,0.9841,10,0.625,0.992,1048,0
SPY190719P299,2019-07-17,2019-07-17 09:39:25,0.63,1.0,10,0.62,0.9841,872,0.62,0.9841,10,0.625,0.992,1048,0
SPY190719P299,2019-07-17,2019-07-17 09:39:26,0.63,1.0,10,0.62,0.9841,996,0.62,0.9841,10,0.625,0.992,1048,0
SPY190719P299,2019-07-17,2019-07-17 09:39:26,0.63,1.0,10,0.62,0.9841,872,0.62,0.9841,10,0.625,0.992,1048,0
SPY190719P299,2019-07-17,2019-07-17 09:39:27,0.63,1.0,10,0.62,0.9841,514,0.62,0.9841,10,0.625,0.992,1048,0
SPY190719P299,2019-07-17,2019-07-17 09:39:27,0.63,1.0,10,0.62,0.9841,994,0.62,0.9841,10,0.625,0.992,1048,0
SPY190719P299,2019-07-17,2019-07-17 09:39:28,0.63,1.0,10,0.62,0.9841,780,0.62,0.9841,10,0.625,0.992,1048,0
SPY190719P299,2019-07-17,2019-07-17 09:39:28,0.63,1.0,10,0.62,0.9841,1730,0.62,0.9841,10,0.625,0.992,1048,0
SPY190719P299,2019-07-17,2019-07-17 09:39:29,0.63,1.0,10,0.62,0.9841,852,0.62,0.9841,10,0.625,0.992,1048,0
SPY190719P299,2019-07-17,2019-07-17 09:39:30,0.63,1.0,5,0.62,0.9841,957,0.62,0.9841,10,0.625,0.992,1048,0
SPY190719P299,2019-07-17,2019-07-17 09:39:30,0.63,1.0,335,0.62,0.9841,397,0.62,0.9841,10,0.625,0.992,1048,0
SPY190719P299,2019-07-17,2019-07-17 09:39:31,0.63,1.0,5,0.62,0.9841,620,0.62,0.9841,10,0.625,0.992,1048,0
SPY190719P299,2019-07-17,2019-07-17 09:39:31,0.63,1.0,5,0.62,0.9841,812,0.62,0.9841,10,0.625,0.992,1048,0
SPY190719P299,2019-07-17,2019-07-17 09:39:32,0.63,1.0,5,0.62,0.9841,1550,0.62,0.9841,10,0.625,0.992,1048,0
SPY190719P299,2019-07-17,2019-07-17 09:39:32,0.63,1.0,100,0.62,0.9841,1045,0.62,0.9841,10,0.625,0.992,1048,0
SPY190719P299,2019-07-17,2019-07-17 09:39:33,0.63,1.0,100,0.62,0.9841,1045,0.62,0.9841,10,0.625,0.992,1048,0
SPY190719P299,2019-07-17,2019-07-17 09:39:34,0.63,1.0,5,0.62,0.9841,1797,0.62,0.9841,10,0.625,0.992,1048,0
SPY190719P299,2019-07-17,2019-07-17 09:39:34,0.63,1.0,5,0.62,0.9841,846,0.62,0.9841,1,0.625,0.992,1049,1
SPY190719P299,2019-07-17,2019-07-17 09:39:35,0.63,1.0,5,0.62,0.9841,1016,0.62,0.9841,1,0.625,0.992,1049,0
SPY190719P299,2019-07-17,2019-07-17 09:39:35,0.63,1.0,5,0.62,0.9841,456,0.62,0.9841,1,0.625,0.992,1049,0
SPY190719P299,2019-07-17,2019-07-17 09:39:36,0.63,1.0,609,0.62,0.9841,74,0.62,0.9841,1,0.625,0.992,1049,0
SPY190719P299,2019-07-17,2019-07-17 09:39:36,0.63,1.0,1144,0.62,0.9841,1,0.62,0.9841,1,0.625,0.992,1049,0
SPY190719P299,2019-07-17,2019-07-17 09:39:37,0.63,1.0,941,0.62,0.9841,1,0.63,1.0,5,0.625,0.992,1055,6
SPY190719P299,2019-07-17,2019-07-17 09:39:38,0.62,0.9841,10,0.61,0.9682,274,0.63,1.0,5,0.615,0.9761,1055,0
SPY190719P299,2019-07-17,2019-07-17 09:39:38,0.62,0.9841,5,0.61,0.9682,230,0.63,1.0,5,0.615,0.9761,1055,0
SPY190719P299,2019-07-17,2019-07-17 09:39:39,0.62,0.9841,467,0.61,0.9682,639,0.63,1.0,5,0.615,0.9761,1055,0
SPY190719P299,2019-07-17,2019-07-17 09:39:39,0.62,0.9841,335,0.61,0.9682,192,0.63,1.0,5,0.615,0.9761,1055,0
SPY190719P299,2019-07-17,2019-07-17 09:39:40,0.62,0.9841,492,0.61,0.9682,298,0.63,1.0,5,0.615,0.9761,1055,0
SPY190719P299,2019-07-17,2019-07-17 09:39:40,0.62,0.9841,666,0.61,0.9682,107,0.63,1.0,5,0.615,0.9761,1055,0
SPY190719P299,2019-07-17,2019-07-17 09:39:41,0.62,0.9841,1022,0.6,0.9523,330,0.63,1.0,5,0.61,0.9682,1055,0
SPY190719P299,2019-07-17,2019-07-17 09:39:41,0.62,0.9841,804,0.6,0.9523,330,0.63,1.0,5,0.61,0.9682,1055,0
SPY190719P299,2019-07-17,2019-07-17 09:39:42,0.61,0.9682,204,0.6,0.9523,353,0.63,1.0,5,0.605,0.9603,1055,0
SPY190719P299,2019-07-17,2019-07-17 09:39:43,0.61,0.9682,660,0.6,0.9523,149,0.63,1.0,5,0.605,0.9603,1055,0
SPY190719P299,2019-07-17,2019-07-17 09:39:43,0.61,0.9682,338,0.6,0.9523,134,0.63,1.0,5,0.605,0.9603,1055,0
SPY190719P299,2019-07-17,2019-07-17 09:39:44,0.61,0.9682,418,0.6,0.9523,60,0.63,1.0,5,0.605,0.9603,1055,0
SPY190719P299,2019-07-17,2019-07-17 09:39:44,0.61,0.9682,398,0.6,0.9523,60,0.63,1.0,5,0.605,0.9603,1055,0
SPY190719P299,2019-07-17,2019-07-17 09:39:45,0.61,0.9682,418,0.6,0.9523,4,0.61,0.9682,5,0.605,0.9603,1060,5
SPY190719P299,2019-07-17,2019-07-17 09:39:46,0.61,0.9682,838,0.6,0.9523,4,0.61,0.9682,5,0.605,0.9603,1060,0
SPY190719P299,2019-07-17,2019-07-17 09:39:46,0.61,0.9682,838,0.6,0.9523,61,0.61,0.9682,5,0.605,0.9603,1060,0
SPY190719P299,2019-07-17,2019-07-17 09:39:47,0.61,0.9682,675,0.6,0.9523,61,0.61,0.9682,5,0.605,0.9603,1060,0
SPY190719P299,2019-07-17,2019-07-17 09:39:47,0.61,0.9682,778,0.6,0.9523,61,0.61,0.9682,5,0.605,0.9603,1060,0
SPY190719P299,2019-07-17,2019-07-17 09:39:48,0.6,0.9523,5,0.59,0.9365,179,0.61,0.9682,16,0.595,0.9444,1091,16
SPY190719P299,2019-07-17,2019-07-17 09:39:48,0.61,0.9682,404,0.59,0.9365,1441,0.6,0.9523,1,0.6,0.9523,1075,15
SPY190719P299,2019-07-17,2019-07-17 09:39:49,0.6,0.9523,636,0.59,0.9365,179,0.61,0.9682,16,0.595,0.9444,1091,0
SPY190719P299,2019-07-17,2019-07-17 09:39:50,0.6,0.9523,636,0.59,0.9365,179,0.61,0.9682,16,0.595,0.9444,1091,0
SPY190719P299,2019-07-17,2019-07-17 09:39:50,0.6,0.9523,713,0.59,0.9365,115,0.61,0.9682,16,0.595,0.9444,1091,0
SPY190719P299,2019-07-17,2019-07-17 09:39:51,0.61,0.9682,341,0.6,0.9523,5,0.6,0.9523,5,0.605,0.9603,1101,10
SPY190719P299,2019-07-17,2019-07-17 09:39:51,0.6,0.9523,473,0.59,0.9365,45,0.61,0.9682,16,0.595,0.9444,1091,0
SPY190719P299,2019-07-17,2019-07-17 09:39:52,0.61,0.9682,340,0.6,0.9523,152,0.6,0.9523,5,0.605,0.9603,1101,0
SPY190719P299,2019-07-17,2019-07-17 09:39:53,0.61,0.9682,338,0.6,0.9523,111,0.6,0.9523,5,0.605,0.9603,1101,0
SPY190719P299,2019-07-17,2019-07-17 09:39:54,0.61,0.9682,338,0.6,0.9523,116,0.6,0.9523,5,0.605,0.9603,1101,0
SPY190719P299,2019-07-17,2019-07-17 09:39:55,0.61,0.9682,338,0.6,0.9523,174,0.6,0.9523,1,0.605,0.9603,1102,1
SPY190719P299,2019-07-17,2019-07-17 09:39:55,0.61,0.9682,338,0.6,0.9523,174,0.6,0.9523,1,0.605,0.9603,1102,0
SPY190719P299,2019-07-17,2019-07-17 09:39:56,0.61,0.9682,574,0.6,0.9523,125,0.6,0.9523,1,0.605,0.9603,1102,0
SPY190719P299,2019-07-17,2019-07-17 09:39:56,0.61,0.9682,574,0.6,0.9523,189,0.6,0.9523,1,0.605,0.9603,1102,0
SPY190719P299,2019-07-17,2019-07-17 09:39:57,0.61,0.9682,143,0.6,0.9523,425,0.6,0.9523,1,0.605,0.9603,1102,0
SPY190719P299,2019-07-17,2019-07-17 09:39:58,0.62,0.9841,570,0.61,0.9682,109,0.6,0.9523,1,0.615,0.9761,1102,0
SPY190719P299,2019-07-17,2019-07-17 09:39:58,0.62,0.9841,570,0.61,0.9682,64,0.6,0.9523,1,0.615,0.9761,1102,0
SPY190719P299,2019-07-17,2019-07-17 09:39:59,0.64,1.0158,1049,0.62,0.9841,5,0.62,0.9841,4,0.63,1.0,1106,4
SPY190719P299,2019-07-17,2019-07-17 09:39:59,0.64,1.0158,1049,0.62,0.9841,417,0.62,0.9841,4,0.63,1.0,1106,0
SPY190719P299,2019-07-17,2019-07-17 09:40:00,0.64,1.0158,970,0.62,0.9841,417,0.62,0.9841,4,0.63,1.0,1106,0
SPY190719P299,2019-07-17,2019-07-17 09:40:00,0.64,1.0158,622,0.62,0.9841,891,0.62,0.9841,4,0.63,1.0,1106,0
SPY190719P299,2019-07-17,2019-07-17 09:40:01,0.64,1.0158,672,0.63,1.0,102,0.62,0.9841,4,0.635,1.0079,1106,0
SPY190719P299,2019-07-17,2019-07-17 09:40:02,0.63,1.0,794,0.62,0.9841,182,0.62,0.9841,4,0.625,0.992,1106,0
SPY190719P299,2019-07-17,2019-07-17 09:40:02,0.63,1.0,524,0.62,0.9841,155,0.62,0.9841,4,0.625,0.992,1106,0
SPY190719P299,2019-07-17,2019-07-17 09:40:03,0.63,1.0,699,0.61,0.9682,157,0.62,0.9841,4,0.62,0.9841,1106,0
SPY190719P299,2019-07-17,2019-07-17 09:40:03,0.62,0.9841,304,0.61,0.9682,162,0.62,0.9841,4,0.615,0.9761,1106,0
SPY190719P299,2019-07-17,2019-07-17 09:40:04,0.62,0.9841,822,0.61,0.9682,162,0.62,0.9841,4,0.615,0.9761,1106,0
SPY190719P299,2019-07-17,2019-07-17 09:40:05,0.62,0.9841,822,0.61,0.9682,162,0.62,0.9841,4,0.615,0.9761,1106,0
SPY190719P299,2019-07-17,2019-07-17 09:40:06,0.62,0.9841,872,0.61,0.9682,63,0.62,0.9841,4,0.615,0.9761,1106,0
SPY190719P299,2019-07-17,2019-07-17 09:40:07,0.61,0.9682,397,0.6,0.9523,66,0.62,0.9841,4,0.605,0.9603,1106,0
SPY190719P299,2019-07-17,2019-07-17 09:40:07,0.61,0.9682,2031,0.59,0.9365,510,0.62,0.9841,4,0.6,0.9523,1106,0
SPY190719P299,2019-07-17,2019-07-17 09:40:08,0.6,0.9523,5,0.59,0.9365,405,0.62,0.9841,4,0.595,0.9444,1106,0
SPY190719P299,2019-07-17,2019-07-17 09:40:08,0.6,0.9523,5,0.59,0.9365,219,0.62,0.9841,4,0.595,0.9444,1106,0
SPY190719P299,2019-07-17,2019-07-17 09:40:09,0.6,0.9523,584,0.59,0.9365,219,0.62,0.9841,4,0.595,0.9444,1106,0
SPY190719P299,2019-07-17,2019-07-17 09:40:10,0.6,0.9523,584,0.59,0.9365,219,0.62,0.9841,4,0.595,0.9444,1106,0
SPY190719P299,2019-07-17,2019-07-17 09:40:10,0.61,0.9682,701,0.59,0.9365,116,0.62,0.9841,4,0.6,0.9523,1106,0
SPY190719P299,2019-07-17,2019-07-17 09:40:11,0.61,0.9682,541,0.6,0.9523,126,0.62,0.9841,4,0.605,0.9603,1106,0
SPY190719P299,2019-07-17,2019-07-17 09:40:11,0.61,0.9682,541,0.6,0.9523,9,0.62,0.9841,4,0.605,0.9603,1106,0
SPY190719P299,2019-07-17,2019-07-17 09:40:12,0.61,0.9682,541,0.6,0.9523,126,0.62,0.9841,4,0.605,0.9603,1106,0
SPY190719P299,2019-07-17,2019-07-17 09:40:12,0.61,0.9682,539,0.6,0.9523,123,0.62,0.9841,4,0.605,0.9603,1106,0
SPY190719P299,2019-07-17,2019-07-17 09:40:13,0.61,0.9682,517,0.6,0.9523,123,0.62,0.9841,4,0.605,0.9603,1106,0
SPY190719P299,2019-07-17,2019-07-17 09:40:14,0.61,0.9682,1290,0.6,0.9523,158,0.62,0.9841,4,0.605,0.9603,1106,0
SPY190719P299,2019-07-17,2019-07-17 09:40:14,0.61,0.9682,677,0.6,0.9523,158,0.62,0.9841,4,0.605,0.9603,1106,0
SPY190719P299,2019-07-17,2019-07-17 09:40:15,0.61,0.9682,1102,0.59,0.9365,1079,0.62,0.9841,4,0.6,0.9523,1106,0
SPY190719P299,2019-07-17,2019-07-17 09:40:15,0.61,0.9682,1102,0.6,0.9523,10,0.62,0.9841,4,0.605,0.9603,1106,0
SPY190719P299,2019-07-17,2019-07-17 09:40:16,0.61,0.9682,979,0.6,0.9523,27,0.62,0.9841,4,0.605,0.9603,1106,0
SPY190719P299,2019-07-17,2019-07-17 09:40:16,0.61,0.9682,1791,0.6,0.9523,10,0.62,0.9841,4,0.605,0.9603,1106,0
SPY190719P299,2019-07-17,2019-07-17 09:40:17,0.61,0.9682,1108,0.59,0.9365,822,0.62,0.9841,4,0.6,0.9523,1106,0
SPY190719P299,2019-07-17,2019-07-17 09:40:18,0.6,0.9523,5,0.59,0.9365,266,0.62,0.9841,4,0.595,0.9444,1106,0
SPY190719P299,2019-07-17,2019-07-17 09:40:18,0.61,0.9682,1109,0.59,0.9365,778,0.62,0.9841,4,0.6,0.9523,1106,0
SPY190719P299,2019-07-17,2019-07-17 09:40:19,0.6,0.9523,154,0.59,0.9365,166,0.62,0.9841,4,0.595,0.9444,1106,0
SPY190719P299,2019-07-17,2019-07-17 09:40:19,0.6,0.9523,195,0.59,0.9365,301,0.62,0.9841,4,0.595,0.9444,1106,0
SPY190719P299,2019-07-17,2019-07-17 09:40:20,0.6,0.9523,195,0.59,0.9365,281,0.62,0.9841,4,0.595,0.9444,1106,0
SPY190719P299,2019-07-17,2019-07-17 09:40:21,0.6,0.9523,475,0.59,0.9365,184,0.62,0.9841,4,0.595,0.9444,1106,0
SPY190719P299,2019-07-17,2019-07-17 09:40:21,0.6,0.9523,161,0.59,0.9365,184,0.62,0.9841,4,0.595,0.9444,1106,0
SPY190719P299,2019-07-17,2019-07-17 09:40:22,0.6,0.9523,445,0.59,0.9365,140,0.62,0.9841,4,0.595,0.9444,1106,0
SPY190719P299,2019-07-17,2019-07-17 09:40:23,0.6,0.9523,445,0.59,0.9365,140,0.62,0.9841,4,0.595,0.9444,1106,0
SPY190719P299,2019-07-17,2019-07-17 09:40:24,0.6,0.9523,740,0.59,0.9365,140,0.62,0.9841,4,0.595,0.9444,1106,0
SPY190719P299,2019-07-17,2019-07-17 09:40:25,0.6,0.9523,2698,0.58,0.9206,261,0.62,0.9841,4,0.59,0.9365,1106,0
SPY190719P299,2019-07-17,2019-07-17 09:40:25,0.59,0.9365,4,0.58,0.9206,261,0.62,0.9841,4,0.585,0.9285,1106,0
SPY190719P299,2019-07-17,2019-07-17 09:40:26,0.59,0.9365,4,0.58,0.9206,255,0.62,0.9841,4,0.585,0.9285,1106,0
SPY190719P299,2019-07-17,2019-07-17 09:40:26,0.59,0.9365,4,0.58,0.9206,378,0.62,0.9841,4,0.585,0.9285,1106,0
SPY190719P299,2019-07-17,2019-07-17 09:40:27,0.59,0.9365,4,0.58,0.9206,550,0.62,0.9841,4,0.585,0.9285,1106,0
SPY190719P299,2019-07-17,2019-07-17 09:40:28,0.59,0.9365,130,0.58,0.9206,378,0.59,0.9365,1,0.585,0.9285,1107,1
SPY190719P299,2019-07-17,2019-07-17 09:40:28,0.59,0.9365,130,0.58,0.9206,378,0.59,0.9365,1,0.585,0.9285,1107,0
SPY190719P299,2019-07-17,2019-07-17 09:40:29,0.59,0.9365,130,0.58,0.9206,550,0.59,0.9365,1,0.585,0.9285,1107,0
SPY190719P299,2019-07-17,2019-07-17 09:40:30,0.59,0.9365,130,0.58,0.9206,517,0.59,0.9365,1,0.585,0.9285,1107,0
