symbol,Date,quote_time,ask_price,norm_ask_price,ask_size,bid_price,norm_bid_price,bid_size,last_trade_price,norm_last_trade_price,last_trade_size,mark_price,norm_mark_price,volume,Volume
SPY190802P300,2019-07-31,2019-07-31 09:30:00,1.43,1.0,113,1.4,0.979,60,1.37,0.958,2,1.415,0.9895,73,73
SPY190802P300,2019-07-31,2019-07-31 09:30:06,1.43,1.0,292,1.4,0.979,23,1.41,0.986,4,1.415,0.9895,83,10
SPY190802P300,2019-07-31,2019-07-31 09:30:09,1.43,1.0,292,1.4,0.979,23,1.4,0.979,1,1.415,0.9895,94,11
SPY190802P300,2019-07-31,2019-07-31 09:30:09,1.43,1.0,292,1.4,0.979,100,1.4,0.979,1,1.415,0.9895,94,0
SPY190802P300,2019-07-31,2019-07-31 09:30:10,1.43,1.0,292,1.4,0.979,100,1.4,0.979,1,1.415,0.9895,94,0
SPY190802P300,2019-07-31,2019-07-31 09:30:11,1.42,0.993,5,1.4,0.979,100,1.4,0.979,1,1.41,0.986,94,0
SPY190802P300,2019-07-31,2019-07-31 09:30:12,1.42,0.993,5,1.4,0.979,100,1.4,0.979,1,1.41,0.986,94,0
SPY190802P300,2019-07-31,2019-07-31 09:30:13,1.42,0.993,5,1.4,0.979,100,1.4,0.979,1,1.41,0.986,94,0
SPY190802P300,2019-07-31,2019-07-31 09:30:14,1.43,1.0,162,1.4,0.979,100,1.4,0.979,1,1.415,0.9895,94,0
SPY190802P300,2019-07-31,2019-07-31 09:30:15,1.43,1.0,162,1.4,0.979,100,1.4,0.979,1,1.415,0.9895,94,0
SPY190802P300,2019-07-31,2019-07-31 09:30:16,1.43,1.0,292,1.4,0.979,100,1.4,0.979,1,1.415,0.9895,94,0
SPY190802P300,2019-07-31,2019-07-31 09:30:17,1.43,1.0,292,1.4,0.979,100,1.4,0.979,1,1.415,0.9895,94,0
SPY190802P300,2019-07-31,2019-07-31 09:30:18,1.43,1.0,292,1.4,0.979,100,1.44,1.0069,1,1.415,0.9895,95,1
SPY190802P300,2019-07-31,2019-07-31 09:30:19,1.43,1.0,292,1.4,0.979,150,1.43,1.0,2,1.415,0.9895,97,2
SPY190802P300,2019-07-31,2019-07-31 09:30:19,1.43,1.0,292,1.4,0.979,150,1.43,1.0,3,1.415,0.9895,100,3
SPY190802P300,2019-07-31,2019-07-31 09:30:20,1.42,0.993,133,1.4,0.979,62,1.43,1.0,3,1.41,0.986,100,0
SPY190802P300,2019-07-31,2019-07-31 09:30:20,1.43,1.0,292,1.4,0.979,162,1.43,1.0,3,1.415,0.9895,100,0
SPY190802P300,2019-07-31,2019-07-31 09:30:21,1.41,0.986,5,1.4,0.979,34,1.43,1.0,1,1.405,0.9825,102,2
SPY190802P300,2019-07-31,2019-07-31 09:30:22,1.41,0.986,3,1.4,0.979,2,1.44,1.0069,5,1.405,0.9825,107,5
SPY190802P300,2019-07-31,2019-07-31 09:30:22,1.42,0.993,5,1.41,0.986,10,1.44,1.0069,3,1.415,0.9895,110,3
SPY190802P300,2019-07-31,2019-07-31 09:30:23,1.44,1.0069,5,1.43,1.0,66,1.44,1.0069,3,1.435,1.0034,110,0
SPY190802P300,2019-07-31,2019-07-31 09:30:24,1.46,1.0209,700,1.43,1.0,94,1.44,1.0069,3,1.445,1.0104,110,0
SPY190802P300,2019-07-31,2019-07-31 09:30:24,1.44,1.0069,10,1.43,1.0,89,1.44,1.0069,3,1.435,1.0034,110,0
SPY190802P300,2019-07-31,2019-07-31 09:30:25,1.46,1.0209,170,1.44,1.0069,170,1.44,1.0069,3,1.45,1.0139,110,0
SPY190802P300,2019-07-31,2019-07-31 09:30:26,1.46,1.0209,170,1.44,1.0069,170,1.44,1.0069,3,1.45,1.0139,110,0
SPY190802P300,2019-07-31,2019-07-31 09:30:27,1.46,1.0209,227,1.44,1.0069,228,1.44,1.0069,3,1.45,1.0139,110,0
SPY190802P300,2019-07-31,2019-07-31 09:30:28,1.46,1.0209,306,1.45,1.0139,4,1.44,1.0069,3,1.455,1.0174,110,0
SPY190802P300,2019-07-31,2019-07-31 09:30:29,1.46,1.0209,340,1.44,1.0069,5,1.44,1.0069,3,1.45,1.0139,110,0
SPY190802P300,2019-07-31,2019-07-31 09:30:29,1.46,1.0209,312,1.45,1.0139,4,1.44,1.0069,3,1.455,1.0174,110,0
SPY190802P300,2019-07-31,2019-07-31 09:30:30,1.45,1.0139,16,1.43,1.0,85,1.44,1.0069,3,1.44,1.0069,110,0
SPY190802P300,2019-07-31,2019-07-31 09:30:30,1.45,1.0139,116,1.43,1.0,236,1.44,1.0069,3,1.44,1.0069,110,0
SPY190802P300,2019-07-31,2019-07-31 09:30:31,1.45,1.0139,513,1.43,1.0,174,1.44,1.0069,3,1.44,1.0069,110,0
SPY190802P300,2019-07-31,2019-07-31 09:30:31,1.45,1.0139,323,1.43,1.0,174,1.44,1.0069,3,1.44,1.0069,110,0
SPY190802P300,2019-07-31,2019-07-31 09:30:32,1.45,1.0139,620,1.43,1.0,5,1.44,1.0069,3,1.44,1.0069,110,0
SPY190802P300,2019-07-31,2019-07-31 09:30:33,1.45,1.0139,620,1.43,1.0,170,1.44,1.0069,3,1.44,1.0069,110,0
SPY190802P300,2019-07-31,2019-07-31 09:30:33,1.45,1.0139,592,1.43,1.0,170,1.44,1.0069,3,1.44,1.0069,110,0
SPY190802P300,2019-07-31,2019-07-31 09:30:34,1.45,1.0139,624,1.43,1.0,170,1.44,1.0069,3,1.44,1.0069,110,0
SPY190802P300,2019-07-31,2019-07-31 09:30:35,1.44,1.0069,4,1.43,1.0,49,1.43,1.0,1,1.435,1.0034,122,12
SPY190802P300,2019-07-31,2019-07-31 09:30:35,1.44,1.0069,4,1.43,1.0,4,1.44,1.0069,3,1.435,1.0034,110,0
SPY190802P300,2019-07-31,2019-07-31 09:30:36,1.44,1.0069,170,1.43,1.0,49,1.43,1.0,1,1.435,1.0034,122,0
SPY190802P300,2019-07-31,2019-07-31 09:30:37,1.44,1.0069,393,1.42,0.993,62,1.43,1.0,1,1.43,1.0,122,0
SPY190802P300,2019-07-31,2019-07-31 09:30:37,1.44,1.0069,170,1.43,1.0,49,1.43,1.0,1,1.435,1.0034,122,0
SPY190802P300,2019-07-31,2019-07-31 09:30:38,1.43,1.0,4,1.42,0.993,4,1.43,1.0,1,1.425,0.9965,122,0
SPY190802P300,2019-07-31,2019-07-31 09:30:39,1.43,1.0,4,1.41,0.986,998,1.43,1.0,1,1.42,0.993,122,0
SPY190802P300,2019-07-31,2019-07-31 09:30:40,1.43,1.0,10,1.42,0.993,16,1.43,1.0,1,1.425,0.9965,122,0
SPY190802P300,2019-07-31,2019-07-31 09:30:41,1.44,1.0069,733,1.42,0.993,10,1.43,1.0,1,1.43,1.0,122,0
SPY190802P300,2019-07-31,2019-07-31 09:30:42,1.43,1.0,120,1.42,0.993,1,1.42,0.993,7,1.425,0.9965,129,7
SPY190802P300,2019-07-31,2019-07-31 09:30:42,1.44,1.0069,255,1.42,0.993,50,1.42,0.993,7,1.43,1.0,129,0
SPY190802P300,2019-07-31,2019-07-31 09:30:43,1.45,1.0139,263,1.42,0.993,120,1.42,0.993,7,1.435,1.0034,129,0
SPY190802P300,2019-07-31,2019-07-31 09:30:44,1.45,1.0139,693,1.43,1.0,91,1.42,0.993,7,1.44,1.0069,129,0
SPY190802P300,2019-07-31,2019-07-31 09:30:44,1.45,1.0139,631,1.43,1.0,91,1.42,0.993,7,1.44,1.0069,129,0
SPY190802P300,2019-07-31,2019-07-31 09:30:45,1.45,1.0139,625,1.43,1.0,91,1.42,0.993,7,1.44,1.0069,129,0
SPY190802P300,2019-07-31,2019-07-31 09:30:45,1.45,1.0139,291,1.42,0.993,268,1.42,0.993,7,1.435,1.0034,129,0
SPY190802P300,2019-07-31,2019-07-31 09:30:46,1.44,1.0069,16,1.42,0.993,143,1.42,0.993,3,1.43,1.0,137,8
SPY190802P300,2019-07-31,2019-07-31 09:30:46,1.43,1.0,10,1.42,0.993,4,1.42,0.993,3,1.425,0.9965,137,0
SPY190802P300,2019-07-31,2019-07-31 09:30:47,1.42,0.993,4,1.41,0.986,115,1.42,0.993,3,1.415,0.9895,137,0
SPY190802P300,2019-07-31,2019-07-31 09:30:47,1.43,1.0,322,1.41,0.986,115,1.42,0.993,3,1.42,0.993,137,0
SPY190802P300,2019-07-31,2019-07-31 09:30:48,1.43,1.0,569,1.41,0.986,110,1.42,0.993,3,1.42,0.993,137,0
SPY190802P300,2019-07-31,2019-07-31 09:30:49,1.43,1.0,569,1.41,0.986,110,1.42,0.993,3,1.42,0.993,137,0
SPY190802P300,2019-07-31,2019-07-31 09:30:50,1.43,1.0,76,1.42,0.993,16,1.42,0.993,3,1.425,0.9965,137,0
SPY190802P300,2019-07-31,2019-07-31 09:30:50,1.43,1.0,596,1.41,0.986,110,1.42,0.993,3,1.42,0.993,137,0
SPY190802P300,2019-07-31,2019-07-31 09:30:51,1.43,1.0,76,1.42,0.993,16,1.42,0.993,3,1.425,0.9965,137,0
SPY190802P300,2019-07-31,2019-07-31 09:30:51,1.43,1.0,76,1.42,0.993,10,1.42,0.993,3,1.425,0.9965,137,0
SPY190802P300,2019-07-31,2019-07-31 09:30:52,1.43,1.0,416,1.41,0.986,266,1.42,0.993,3,1.42,0.993,137,0
SPY190802P300,2019-07-31,2019-07-31 09:30:53,1.43,1.0,690,1.41,0.986,266,1.42,0.993,3,1.42,0.993,137,0
SPY190802P300,2019-07-31,2019-07-31 09:31:06,1.42,0.993,286,1.41,0.986,10,1.42,0.993,3,1.415,0.9895,137,0
SPY190802P300,2019-07-31,2019-07-31 09:31:07,1.42,0.993,5,1.41,0.986,16,1.42,0.993,3,1.415,0.9895,137,0
SPY190802P300,2019-07-31,2019-07-31 09:31:08,1.42,0.993,5,1.41,0.986,60,1.42,0.993,3,1.415,0.9895,137,0
SPY190802P300,2019-07-31,2019-07-31 09:31:08,1.43,1.0,5,1.41,0.986,357,1.42,0.993,3,1.42,0.993,137,0
SPY190802P300,2019-07-31,2019-07-31 09:31:09,1.43,1.0,548,1.41,0.986,217,1.42,0.993,3,1.42,0.993,137,0
SPY190802P300,2019-07-31,2019-07-31 09:31:10,1.43,1.0,5,1.42,0.993,16,1.42,0.993,3,1.425,0.9965,137,0
SPY190802P300,2019-07-31,2019-07-31 09:31:10,1.44,1.0069,1118,1.42,0.993,43,1.42,0.993,3,1.43,1.0,137,0
SPY190802P300,2019-07-31,2019-07-31 09:31:11,1.44,1.0069,691,1.42,0.993,16,1.42,0.993,3,1.43,1.0,137,0
SPY190802P300,2019-07-31,2019-07-31 09:31:11,1.44,1.0069,691,1.42,0.993,96,1.42,0.993,3,1.43,1.0,137,0
SPY190802P300,2019-07-31,2019-07-31 09:31:12,1.44,1.0069,547,1.42,0.993,96,1.42,0.993,3,1.43,1.0,137,0
SPY190802P300,2019-07-31,2019-07-31 09:31:13,1.44,1.0069,733,1.42,0.993,96,1.42,0.993,3,1.43,1.0,137,0
SPY190802P300,2019-07-31,2019-07-31 09:31:13,1.44,1.0069,1100,1.43,1.0,4,1.42,0.993,3,1.435,1.0034,137,0
SPY190802P300,2019-07-31,2019-07-31 09:31:14,1.43,1.0,1,1.43,1.0,4,1.43,1.0,4,1.43,1.0,141,4
SPY190802P300,2019-07-31,2019-07-31 09:31:15,1.44,1.0069,714,1.42,0.993,89,1.43,1.0,4,1.43,1.0,141,0
SPY190802P300,2019-07-31,2019-07-31 09:31:15,1.44,1.0069,320,1.42,0.993,62,1.43,1.0,4,1.43,1.0,141,0
SPY190802P300,2019-07-31,2019-07-31 09:31:16,1.43,1.0,5,1.42,0.993,1,1.43,1.0,4,1.425,0.9965,141,0
SPY190802P300,2019-07-31,2019-07-31 09:31:17,1.43,1.0,170,1.42,0.993,1,1.43,1.0,4,1.425,0.9965,141,0
SPY190802P300,2019-07-31,2019-07-31 09:31:17,1.43,1.0,170,1.42,0.993,16,1.43,1.0,4,1.425,0.9965,141,0
SPY190802P300,2019-07-31,2019-07-31 09:31:18,1.43,1.0,100,1.42,0.993,16,1.43,1.0,4,1.425,0.9965,141,0
SPY190802P300,2019-07-31,2019-07-31 09:31:19,1.43,1.0,116,1.42,0.993,1,1.43,1.0,4,1.425,0.9965,141,0
SPY190802P300,2019-07-31,2019-07-31 09:31:19,1.44,1.0069,1026,1.42,0.993,77,1.42,0.993,5,1.43,1.0,146,5
SPY190802P300,2019-07-31,2019-07-31 09:31:20,1.44,1.0069,1026,1.42,0.993,88,1.42,0.993,5,1.43,1.0,146,0
SPY190802P300,2019-07-31,2019-07-31 09:31:21,1.44,1.0069,753,1.43,1.0,1,1.42,0.993,5,1.435,1.0034,146,0
SPY190802P300,2019-07-31,2019-07-31 09:31:22,1.43,1.0,176,1.42,0.993,16,1.43,1.0,1,1.425,0.9965,147,0
SPY190802P300,2019-07-31,2019-07-31 09:31:22,1.44,1.0069,753,1.42,0.993,50,1.43,1.0,1,1.43,1.0,147,1
SPY190802P300,2019-07-31,2019-07-31 09:31:23,1.43,1.0,317,1.42,0.993,1,1.43,1.0,1,1.425,0.9965,147,0
SPY190802P300,2019-07-31,2019-07-31 09:31:24,1.44,1.0069,1122,1.42,0.993,6,1.43,1.0,1,1.43,1.0,147,0
SPY190802P300,2019-07-31,2019-07-31 09:31:24,1.44,1.0069,697,1.42,0.993,6,1.43,1.0,1,1.43,1.0,147,0
SPY190802P300,2019-07-31,2019-07-31 09:31:25,1.44,1.0069,1074,1.42,0.993,71,1.43,1.0,1,1.43,1.0,147,0
SPY190802P300,2019-07-31,2019-07-31 09:31:25,1.44,1.0069,338,1.43,1.0,16,1.43,1.0,1,1.435,1.0034,147,0
SPY190802P300,2019-07-31,2019-07-31 09:31:26,1.44,1.0069,563,1.42,0.993,121,1.43,1.0,1,1.43,1.0,147,0
SPY190802P300,2019-07-31,2019-07-31 09:31:26,1.44,1.0069,487,1.42,0.993,223,1.43,1.0,1,1.43,1.0,147,0
SPY190802P300,2019-07-31,2019-07-31 09:31:27,1.44,1.0069,453,1.43,1.0,16,1.43,1.0,1,1.435,1.0034,147,0
SPY190802P300,2019-07-31,2019-07-31 09:31:28,1.43,1.0,1,1.42,0.993,40,1.42,0.993,5,1.425,0.9965,157,10
SPY190802P300,2019-07-31,2019-07-31 09:31:28,1.44,1.0069,627,1.43,1.0,16,1.43,1.0,1,1.435,1.0034,147,0
SPY190802P300,2019-07-31,2019-07-31 09:31:29,1.44,1.0069,864,1.42,0.993,86,1.42,0.993,5,1.43,1.0,157,0
SPY190802P300,2019-07-31,2019-07-31 09:31:30,1.43,1.0,631,1.42,0.993,1,1.42,0.993,5,1.425,0.9965,157,0
SPY190802P300,2019-07-31,2019-07-31 09:31:30,1.43,1.0,567,1.42,0.993,1,1.42,0.993,5,1.425,0.9965,157,0
SPY190802P300,2019-07-31,2019-07-31 09:31:33,1.43,1.0,170,1.42,0.993,1,1.42,0.993,5,1.425,0.9965,157,0
SPY190802P300,2019-07-31,2019-07-31 09:31:34,1.43,1.0,170,1.42,0.993,1,1.42,0.993,5,1.425,0.9965,157,0
SPY190802P300,2019-07-31,2019-07-31 09:31:35,1.42,0.993,5,1.41,0.986,122,1.42,0.993,1,1.415,0.9895,158,1
SPY190802P300,2019-07-31,2019-07-31 09:31:35,1.42,0.993,5,1.41,0.986,45,1.42,0.993,1,1.415,0.9895,158,0
SPY190802P300,2019-07-31,2019-07-31 09:31:36,1.42,0.993,72,1.41,0.986,10,1.42,0.993,1,1.415,0.9895,158,0
SPY190802P300,2019-07-31,2019-07-31 09:31:36,1.42,0.993,100,1.41,0.986,10,1.42,0.993,1,1.415,0.9895,158,0
SPY190802P300,2019-07-31,2019-07-31 09:31:37,1.42,0.993,170,1.41,0.986,10,1.42,0.993,1,1.415,0.9895,158,0
SPY190802P300,2019-07-31,2019-07-31 09:31:38,1.42,0.993,140,1.41,0.986,10,1.42,0.993,1,1.415,0.9895,158,0
SPY190802P300,2019-07-31,2019-07-31 09:31:39,1.42,0.993,104,1.41,0.986,10,1.42,0.993,1,1.415,0.9895,158,0
SPY190802P300,2019-07-31,2019-07-31 09:31:40,1.42,0.993,120,1.41,0.986,10,1.42,0.993,1,1.415,0.9895,158,0
SPY190802P300,2019-07-31,2019-07-31 09:31:41,1.42,0.993,120,1.41,0.986,10,1.42,0.993,1,1.415,0.9895,158,0
SPY190802P300,2019-07-31,2019-07-31 09:31:41,1.42,0.993,104,1.41,0.986,10,1.42,0.993,1,1.415,0.9895,158,0
SPY190802P300,2019-07-31,2019-07-31 09:31:42,1.42,0.993,104,1.41,0.986,10,1.42,0.993,1,1.415,0.9895,158,0
SPY190802P300,2019-07-31,2019-07-31 09:31:42,1.42,0.993,120,1.41,0.986,10,1.42,0.993,1,1.415,0.9895,158,0
SPY190802P300,2019-07-31,2019-07-31 09:31:43,1.42,0.993,104,1.41,0.986,10,1.42,0.993,1,1.415,0.9895,158,0
SPY190802P300,2019-07-31,2019-07-31 09:31:43,1.42,0.993,120,1.41,0.986,10,1.42,0.993,1,1.415,0.9895,158,0
SPY190802P300,2019-07-31,2019-07-31 09:31:44,1.42,0.993,120,1.41,0.986,10,1.42,0.993,1,1.415,0.9895,158,0
SPY190802P300,2019-07-31,2019-07-31 09:31:45,1.42,0.993,100,1.41,0.986,10,1.42,0.993,1,1.415,0.9895,158,0
SPY190802P300,2019-07-31,2019-07-31 09:31:45,1.42,0.993,120,1.41,0.986,10,1.42,0.993,1,1.415,0.9895,158,0
SPY190802P300,2019-07-31,2019-07-31 09:31:46,1.43,1.0,170,1.41,0.986,18,1.42,0.993,1,1.42,0.993,158,0
SPY190802P300,2019-07-31,2019-07-31 09:31:47,1.43,1.0,130,1.41,0.986,530,1.42,0.993,1,1.42,0.993,158,0
SPY190802P300,2019-07-31,2019-07-31 09:31:47,1.43,1.0,146,1.41,0.986,18,1.42,0.993,1,1.42,0.993,158,0
SPY190802P300,2019-07-31,2019-07-31 09:31:48,1.43,1.0,130,1.41,0.986,530,1.42,0.993,1,1.42,0.993,158,0
SPY190802P300,2019-07-31,2019-07-31 09:31:49,1.43,1.0,120,1.41,0.986,553,1.42,0.993,1,1.42,0.993,158,0
SPY190802P300,2019-07-31,2019-07-31 09:31:49,1.43,1.0,133,1.42,0.993,16,1.42,0.993,1,1.425,0.9965,158,0
SPY190802P300,2019-07-31,2019-07-31 09:31:50,1.43,1.0,120,1.41,0.986,553,1.42,0.993,1,1.42,0.993,158,0
SPY190802P300,2019-07-31,2019-07-31 09:31:50,1.43,1.0,140,1.41,0.986,436,1.42,0.993,1,1.42,0.993,158,0
SPY190802P300,2019-07-31,2019-07-31 09:31:51,1.43,1.0,197,1.41,0.986,521,1.42,0.993,1,1.42,0.993,158,0
SPY190802P300,2019-07-31,2019-07-31 09:31:52,1.43,1.0,197,1.41,0.986,264,1.42,0.993,1,1.42,0.993,158,0
SPY190802P300,2019-07-31,2019-07-31 09:31:52,1.43,1.0,120,1.42,0.993,3,1.42,0.993,1,1.425,0.9965,158,0
SPY190802P300,2019-07-31,2019-07-31 09:31:53,1.43,1.0,100,1.42,0.993,19,1.42,0.993,1,1.425,0.9965,158,0
SPY190802P300,2019-07-31,2019-07-31 09:31:54,1.43,1.0,115,1.42,0.993,3,1.42,0.993,1,1.425,0.9965,158,0
SPY190802P300,2019-07-31,2019-07-31 09:31:54,1.43,1.0,10,1.42,0.993,3,1.42,0.993,1,1.425,0.9965,158,0
SPY190802P300,2019-07-31,2019-07-31 09:31:55,1.43,1.0,15,1.42,0.993,3,1.42,0.993,1,1.425,0.9965,158,0
SPY190802P300,2019-07-31,2019-07-31 09:31:55,1.43,1.0,93,1.42,0.993,3,1.42,0.993,1,1.425,0.9965,158,0
SPY190802P300,2019-07-31,2019-07-31 09:31:56,1.42,0.993,1,1.41,0.986,110,1.42,0.993,3,1.415,0.9895,161,3
SPY190802P300,2019-07-31,2019-07-31 09:31:57,1.42,0.993,6,1.41,0.986,50,1.42,0.993,3,1.415,0.9895,161,0
SPY190802P300,2019-07-31,2019-07-31 09:31:57,1.43,1.0,509,1.41,0.986,60,1.42,0.993,3,1.42,0.993,161,0
SPY190802P300,2019-07-31,2019-07-31 09:31:58,1.42,0.993,6,1.42,0.993,16,1.42,0.993,3,1.42,0.993,161,0
SPY190802P300,2019-07-31,2019-07-31 09:31:59,1.43,1.0,170,1.42,0.993,6,1.42,0.993,3,1.425,0.9965,161,0
SPY190802P300,2019-07-31,2019-07-31 09:31:59,1.43,1.0,139,1.42,0.993,16,1.42,0.993,3,1.425,0.9965,161,0
SPY190802P300,2019-07-31,2019-07-31 09:32:00,1.44,1.0069,174,1.42,0.993,6,1.42,0.993,3,1.43,1.0,161,0
SPY190802P300,2019-07-31,2019-07-31 09:32:01,1.45,1.0139,164,1.43,1.0,99,1.42,0.993,3,1.44,1.0069,161,0
SPY190802P300,2019-07-31,2019-07-31 09:32:01,1.44,1.0069,120,1.43,1.0,18,1.42,0.993,3,1.435,1.0034,161,0
SPY190802P300,2019-07-31,2019-07-31 09:32:02,1.45,1.0139,164,1.44,1.0069,16,1.42,0.993,3,1.445,1.0104,161,0
SPY190802P300,2019-07-31,2019-07-31 09:32:03,1.44,1.0069,5,1.43,1.0,66,1.42,0.993,3,1.435,1.0034,161,0
SPY190802P300,2019-07-31,2019-07-31 09:32:04,1.45,1.0139,247,1.44,1.0069,22,1.42,0.993,3,1.445,1.0104,161,0
SPY190802P300,2019-07-31,2019-07-31 09:32:04,1.45,1.0139,247,1.44,1.0069,6,1.42,0.993,3,1.445,1.0104,161,0
SPY190802P300,2019-07-31,2019-07-31 09:32:05,1.46,1.0209,218,1.44,1.0069,5,1.42,0.993,3,1.45,1.0139,161,0
SPY190802P300,2019-07-31,2019-07-31 09:32:06,1.45,1.0139,10,1.44,1.0069,134,1.44,1.0069,2,1.445,1.0104,163,2
SPY190802P300,2019-07-31,2019-07-31 09:32:06,1.46,1.0209,697,1.44,1.0069,5,1.42,0.993,3,1.45,1.0139,161,0
SPY190802P300,2019-07-31,2019-07-31 09:32:07,1.46,1.0209,340,1.43,1.0,693,1.44,1.0069,2,1.445,1.0104,163,0
SPY190802P300,2019-07-31,2019-07-31 09:32:07,1.46,1.0209,340,1.44,1.0069,134,1.44,1.0069,2,1.45,1.0139,163,0
SPY190802P300,2019-07-31,2019-07-31 09:32:08,1.46,1.0209,654,1.45,1.0139,16,1.44,1.0069,2,1.455,1.0174,163,0
SPY190802P300,2019-07-31,2019-07-31 09:32:09,1.47,1.0279,258,1.45,1.0139,486,1.44,1.0069,2,1.46,1.0209,163,0
SPY190802P300,2019-07-31,2019-07-31 09:32:09,1.46,1.0209,63,1.45,1.0139,74,1.44,1.0069,2,1.455,1.0174,163,0
SPY190802P300,2019-07-31,2019-07-31 09:32:10,1.47,1.0279,153,1.45,1.0139,785,1.44,1.0069,2,1.46,1.0209,163,0
SPY190802P300,2019-07-31,2019-07-31 09:32:10,1.47,1.0279,100,1.46,1.0209,6,1.44,1.0069,2,1.465,1.0244,163,0
SPY190802P300,2019-07-31,2019-07-31 09:32:11,1.48,1.0349,609,1.46,1.0209,112,1.44,1.0069,2,1.47,1.0279,163,0
SPY190802P300,2019-07-31,2019-07-31 09:32:12,1.47,1.0279,6,1.46,1.0209,112,1.44,1.0069,2,1.465,1.0244,163,0
SPY190802P300,2019-07-31,2019-07-31 09:32:12,1.47,1.0279,6,1.46,1.0209,108,1.44,1.0069,2,1.465,1.0244,163,0
SPY190802P300,2019-07-31,2019-07-31 09:32:13,1.47,1.0279,6,1.46,1.0209,50,1.44,1.0069,2,1.465,1.0244,163,0
SPY190802P300,2019-07-31,2019-07-31 09:32:13,1.47,1.0279,6,1.46,1.0209,76,1.44,1.0069,2,1.465,1.0244,163,0
SPY190802P300,2019-07-31,2019-07-31 09:32:14,1.47,1.0279,120,1.45,1.0139,619,1.44,1.0069,2,1.46,1.0209,163,0
SPY190802P300,2019-07-31,2019-07-31 09:32:14,1.47,1.0279,5,1.45,1.0139,619,1.44,1.0069,2,1.46,1.0209,163,0
SPY190802P300,2019-07-31,2019-07-31 09:32:15,1.47,1.0279,10,1.45,1.0139,341,1.44,1.0069,2,1.46,1.0209,163,0
SPY190802P300,2019-07-31,2019-07-31 09:32:16,1.47,1.0279,120,1.45,1.0139,354,1.44,1.0069,2,1.46,1.0209,163,0
SPY190802P300,2019-07-31,2019-07-31 09:32:18,1.48,1.0349,296,1.46,1.0209,137,1.44,1.0069,2,1.47,1.0279,163,0
SPY190802P300,2019-07-31,2019-07-31 09:32:19,1.48,1.0349,184,1.47,1.0279,14,1.47,1.0279,2,1.475,1.0314,165,0
SPY190802P300,2019-07-31,2019-07-31 09:32:19,1.48,1.0349,296,1.47,1.0279,16,1.47,1.0279,2,1.475,1.0314,165,2
SPY190802P300,2019-07-31,2019-07-31 09:32:20,1.48,1.0349,123,1.47,1.0279,14,1.47,1.0279,2,1.475,1.0314,165,0
SPY190802P300,2019-07-31,2019-07-31 09:32:21,1.48,1.0349,132,1.47,1.0279,37,1.47,1.0279,2,1.475,1.0314,165,0
SPY190802P300,2019-07-31,2019-07-31 09:32:21,1.48,1.0349,132,1.47,1.0279,14,1.47,1.0279,2,1.475,1.0314,165,0
SPY190802P300,2019-07-31,2019-07-31 09:32:22,1.48,1.0349,132,1.47,1.0279,27,1.47,1.0279,2,1.475,1.0314,165,0
SPY190802P300,2019-07-31,2019-07-31 09:32:22,1.48,1.0349,132,1.47,1.0279,37,1.47,1.0279,2,1.475,1.0314,165,0
SPY190802P300,2019-07-31,2019-07-31 09:32:23,1.48,1.0349,132,1.47,1.0279,27,1.47,1.0279,2,1.475,1.0314,165,0
SPY190802P300,2019-07-31,2019-07-31 09:32:24,1.48,1.0349,50,1.46,1.0209,387,1.47,1.0279,2,1.47,1.0279,165,0
SPY190802P300,2019-07-31,2019-07-31 09:32:25,1.49,1.0419,192,1.48,1.0349,16,1.47,1.0279,2,1.485,1.0384,165,0
SPY190802P300,2019-07-31,2019-07-31 09:32:25,1.49,1.0419,192,1.46,1.0209,690,1.47,1.0279,2,1.475,1.0314,165,0
SPY190802P300,2019-07-31,2019-07-31 09:32:26,1.49,1.0419,192,1.48,1.0349,17,1.47,1.0279,2,1.485,1.0384,165,0
SPY190802P300,2019-07-31,2019-07-31 09:32:27,1.48,1.0349,6,1.47,1.0279,27,1.47,1.0279,2,1.475,1.0314,165,0
SPY190802P300,2019-07-31,2019-07-31 09:32:27,1.49,1.0419,187,1.48,1.0349,26,1.47,1.0279,2,1.485,1.0384,165,0
SPY190802P300,2019-07-31,2019-07-31 09:32:28,1.48,1.0349,123,1.46,1.0209,363,1.47,1.0279,2,1.47,1.0279,165,0
SPY190802P300,2019-07-31,2019-07-31 09:32:28,1.48,1.0349,170,1.48,1.0349,16,1.47,1.0279,2,1.48,1.0349,165,0
SPY190802P300,2019-07-31,2019-07-31 09:32:29,1.49,1.0419,137,1.48,1.0349,34,1.49,1.0419,10,1.485,1.0384,175,0
SPY190802P300,2019-07-31,2019-07-31 09:32:29,1.49,1.0419,409,1.48,1.0349,46,1.49,1.0419,10,1.485,1.0384,175,10
SPY190802P300,2019-07-31,2019-07-31 09:32:30,1.49,1.0419,134,1.48,1.0349,24,1.49,1.0419,10,1.485,1.0384,175,0
SPY190802P300,2019-07-31,2019-07-31 09:32:31,1.48,1.0349,6,1.47,1.0279,38,1.49,1.0419,10,1.475,1.0314,175,0
SPY190802P300,2019-07-31,2019-07-31 09:32:31,1.49,1.0419,240,1.48,1.0349,16,1.49,1.0419,10,1.485,1.0384,175,0
SPY190802P300,2019-07-31,2019-07-31 09:32:32,1.48,1.0349,50,1.47,1.0279,37,1.49,1.0419,10,1.475,1.0314,175,0
SPY190802P300,2019-07-31,2019-07-31 09:32:32,1.49,1.0419,493,1.47,1.0279,159,1.49,1.0419,10,1.48,1.0349,175,0
SPY190802P300,2019-07-31,2019-07-31 09:32:33,1.49,1.0419,104,1.48,1.0349,104,1.49,1.0419,10,1.485,1.0384,175,0
SPY190802P300,2019-07-31,2019-07-31 09:32:34,1.5,1.0489,424,1.49,1.0419,36,1.49,1.0419,10,1.495,1.0454,175,0
SPY190802P300,2019-07-31,2019-07-31 09:32:34,1.5,1.0489,519,1.49,1.0419,27,1.49,1.0419,10,1.495,1.0454,175,0
SPY190802P300,2019-07-31,2019-07-31 09:32:35,1.5,1.0489,636,1.49,1.0419,27,1.49,1.0419,10,1.495,1.0454,175,0
SPY190802P300,2019-07-31,2019-07-31 09:32:35,1.49,1.0419,190,1.48,1.0349,27,1.49,1.0419,10,1.485,1.0384,175,0
SPY190802P300,2019-07-31,2019-07-31 09:32:36,1.49,1.0419,190,1.48,1.0349,27,1.49,1.0419,10,1.485,1.0384,175,0
SPY190802P300,2019-07-31,2019-07-31 09:32:37,1.49,1.0419,190,1.48,1.0349,27,1.49,1.0419,10,1.485,1.0384,175,0
SPY190802P300,2019-07-31,2019-07-31 09:32:37,1.49,1.0419,466,1.48,1.0349,37,1.49,1.0419,10,1.485,1.0384,175,0
SPY190802P300,2019-07-31,2019-07-31 09:32:38,1.49,1.0419,342,1.47,1.0279,126,1.49,1.0419,10,1.48,1.0349,175,0
SPY190802P300,2019-07-31,2019-07-31 09:32:38,1.49,1.0419,692,1.47,1.0279,114,1.49,1.0419,10,1.48,1.0349,175,0
SPY190802P300,2019-07-31,2019-07-31 09:32:39,1.49,1.0419,134,1.48,1.0349,32,1.49,1.0419,10,1.485,1.0384,175,0
SPY190802P300,2019-07-31,2019-07-31 09:32:40,1.49,1.0419,350,1.48,1.0349,42,1.49,1.0419,10,1.485,1.0384,175,0
SPY190802P300,2019-07-31,2019-07-31 09:32:40,1.48,1.0349,14,1.47,1.0279,71,1.49,1.0419,10,1.475,1.0314,175,0
SPY190802P300,2019-07-31,2019-07-31 09:32:41,1.47,1.0279,27,1.46,1.0209,146,1.49,1.0419,10,1.465,1.0244,175,0
SPY190802P300,2019-07-31,2019-07-31 09:32:41,1.47,1.0279,27,1.46,1.0209,316,1.49,1.0419,10,1.465,1.0244,175,0
SPY190802P300,2019-07-31,2019-07-31 09:32:42,1.48,1.0349,181,1.46,1.0209,390,1.49,1.0419,10,1.47,1.0279,175,0
SPY190802P300,2019-07-31,2019-07-31 09:32:43,1.49,1.0419,247,1.47,1.0279,127,1.49,1.0419,10,1.48,1.0349,175,0
SPY190802P300,2019-07-31,2019-07-31 09:32:43,1.48,1.0349,1,1.47,1.0279,146,1.48,1.0349,5,1.475,1.0314,180,5
SPY190802P300,2019-07-31,2019-07-31 09:32:45,1.49,1.0419,475,1.48,1.0349,27,1.48,1.0349,5,1.485,1.0384,180,0
SPY190802P300,2019-07-31,2019-07-31 09:32:46,1.49,1.0419,589,1.48,1.0349,27,1.48,1.0349,5,1.485,1.0384,180,0
SPY190802P300,2019-07-31,2019-07-31 09:32:47,1.49,1.0419,528,1.47,1.0279,151,1.48,1.0349,5,1.48,1.0349,180,0
SPY190802P300,2019-07-31,2019-07-31 09:32:47,1.49,1.0419,528,1.48,1.0349,27,1.48,1.0349,5,1.485,1.0384,180,0
SPY190802P300,2019-07-31,2019-07-31 09:32:48,1.48,1.0349,146,1.47,1.0279,27,1.48,1.0349,5,1.475,1.0314,180,0
SPY190802P300,2019-07-31,2019-07-31 09:32:48,1.49,1.0419,528,1.48,1.0349,27,1.48,1.0349,5,1.485,1.0384,180,0
SPY190802P300,2019-07-31,2019-07-31 09:32:49,1.48,1.0349,196,1.47,1.0279,27,1.48,1.0349,5,1.475,1.0314,180,0
SPY190802P300,2019-07-31,2019-07-31 09:32:50,1.47,1.0279,27,1.46,1.0209,137,1.48,1.0349,5,1.465,1.0244,180,0
SPY190802P300,2019-07-31,2019-07-31 09:32:50,1.48,1.0349,132,1.46,1.0209,296,1.48,1.0349,5,1.47,1.0279,180,0
SPY190802P300,2019-07-31,2019-07-31 09:32:51,1.47,1.0279,27,1.46,1.0209,137,1.48,1.0349,5,1.465,1.0244,180,0
SPY190802P300,2019-07-31,2019-07-31 09:32:51,1.47,1.0279,27,1.46,1.0209,106,1.48,1.0349,5,1.465,1.0244,180,0
SPY190802P300,2019-07-31,2019-07-31 09:32:52,1.47,1.0279,86,1.46,1.0209,96,1.48,1.0349,5,1.465,1.0244,180,0
SPY190802P300,2019-07-31,2019-07-31 09:32:53,1.46,1.0209,15,1.45,1.0139,163,1.48,1.0349,5,1.455,1.0174,180,0
SPY190802P300,2019-07-31,2019-07-31 09:32:53,1.46,1.0209,146,1.44,1.0069,156,1.48,1.0349,5,1.45,1.0139,180,0
SPY190802P300,2019-07-31,2019-07-31 09:32:54,1.46,1.0209,196,1.44,1.0069,146,1.46,1.0209,1,1.45,1.0139,182,2
SPY190802P300,2019-07-31,2019-07-31 09:32:55,1.45,1.0139,111,1.43,1.0,226,1.46,1.0209,1,1.44,1.0069,182,0
SPY190802P300,2019-07-31,2019-07-31 09:32:55,1.45,1.0139,93,1.44,1.0069,88,1.46,1.0209,1,1.445,1.0104,182,0
SPY190802P300,2019-07-31,2019-07-31 09:32:56,1.45,1.0139,111,1.43,1.0,402,1.46,1.0209,1,1.44,1.0069,182,0
SPY190802P300,2019-07-31,2019-07-31 09:32:56,1.45,1.0139,111,1.43,1.0,325,1.46,1.0209,1,1.44,1.0069,182,0
SPY190802P300,2019-07-31,2019-07-31 09:32:57,1.45,1.0139,111,1.43,1.0,402,1.46,1.0209,1,1.44,1.0069,182,0
SPY190802P300,2019-07-31,2019-07-31 09:32:57,1.45,1.0139,70,1.44,1.0069,4,1.46,1.0209,1,1.445,1.0104,182,0
SPY190802P300,2019-07-31,2019-07-31 09:32:58,1.44,1.0069,33,1.43,1.0,134,1.46,1.0209,1,1.435,1.0034,182,0
SPY190802P300,2019-07-31,2019-07-31 09:32:58,1.44,1.0069,13,1.43,1.0,253,1.46,1.0209,1,1.435,1.0034,182,0
SPY190802P300,2019-07-31,2019-07-31 09:32:59,1.44,1.0069,33,1.43,1.0,115,1.46,1.0209,1,1.435,1.0034,182,0
SPY190802P300,2019-07-31,2019-07-31 09:33:00,1.44,1.0069,317,1.43,1.0,10,1.46,1.0209,1,1.435,1.0034,182,0
SPY190802P300,2019-07-31,2019-07-31 09:33:00,1.44,1.0069,572,1.43,1.0,10,1.46,1.0209,1,1.435,1.0034,182,0
SPY190802P300,2019-07-31,2019-07-31 09:33:01,1.44,1.0069,572,1.43,1.0,10,1.46,1.0209,1,1.435,1.0034,182,0
SPY190802P300,2019-07-31,2019-07-31 09:33:02,1.44,1.0069,572,1.43,1.0,10,1.46,1.0209,1,1.435,1.0034,182,0
SPY190802P300,2019-07-31,2019-07-31 09:33:03,1.44,1.0069,572,1.43,1.0,10,1.44,1.0069,1,1.435,1.0034,183,1
SPY190802P300,2019-07-31,2019-07-31 09:33:04,1.44,1.0069,572,1.43,1.0,10,1.44,1.0069,1,1.435,1.0034,183,0
SPY190802P300,2019-07-31,2019-07-31 09:33:04,1.44,1.0069,594,1.43,1.0,10,1.44,1.0069,1,1.435,1.0034,183,0
SPY190802P300,2019-07-31,2019-07-31 09:33:05,1.44,1.0069,594,1.43,1.0,10,1.44,1.0069,1,1.435,1.0034,183,0
SPY190802P300,2019-07-31,2019-07-31 09:33:06,1.44,1.0069,594,1.43,1.0,10,1.44,1.0069,1,1.435,1.0034,183,0
SPY190802P300,2019-07-31,2019-07-31 09:33:07,1.44,1.0069,118,1.43,1.0,82,1.44,1.0069,1,1.435,1.0034,183,0
SPY190802P300,2019-07-31,2019-07-31 09:33:07,1.44,1.0069,594,1.43,1.0,10,1.44,1.0069,1,1.435,1.0034,183,0
SPY190802P300,2019-07-31,2019-07-31 09:33:08,1.44,1.0069,27,1.43,1.0,71,1.44,1.0069,1,1.435,1.0034,183,0
SPY190802P300,2019-07-31,2019-07-31 09:33:09,1.45,1.0139,502,1.43,1.0,276,1.44,1.0069,1,1.44,1.0069,183,0
SPY190802P300,2019-07-31,2019-07-31 09:33:09,1.45,1.0139,553,1.44,1.0069,27,1.44,1.0069,1,1.445,1.0104,183,0
SPY190802P300,2019-07-31,2019-07-31 09:33:10,1.45,1.0139,502,1.44,1.0069,31,1.44,1.0069,1,1.445,1.0104,183,0
SPY190802P300,2019-07-31,2019-07-31 09:33:11,1.45,1.0139,134,1.44,1.0069,95,1.44,1.0069,1,1.445,1.0104,183,0
SPY190802P300,2019-07-31,2019-07-31 09:33:11,1.45,1.0139,134,1.44,1.0069,58,1.44,1.0069,1,1.445,1.0104,183,0
SPY190802P300,2019-07-31,2019-07-31 09:33:12,1.46,1.0209,445,1.44,1.0069,120,1.44,1.0069,1,1.45,1.0139,183,0
SPY190802P300,2019-07-31,2019-07-31 09:33:13,1.46,1.0209,197,1.44,1.0069,224,1.44,1.0069,1,1.45,1.0139,183,0
SPY190802P300,2019-07-31,2019-07-31 09:33:13,1.46,1.0209,197,1.44,1.0069,319,1.44,1.0069,1,1.45,1.0139,183,0
SPY190802P300,2019-07-31,2019-07-31 09:33:14,1.46,1.0209,478,1.44,1.0069,143,1.45,1.0139,10,1.45,1.0139,193,10
SPY190802P300,2019-07-31,2019-07-31 09:33:15,1.45,1.0139,27,1.44,1.0069,53,1.45,1.0139,10,1.445,1.0104,193,0
SPY190802P300,2019-07-31,2019-07-31 09:33:16,1.45,1.0139,27,1.44,1.0069,40,1.45,1.0139,10,1.445,1.0104,193,0
SPY190802P300,2019-07-31,2019-07-31 09:33:16,1.45,1.0139,27,1.44,1.0069,386,1.45,1.0139,10,1.445,1.0104,193,0
SPY190802P300,2019-07-31,2019-07-31 09:33:17,1.45,1.0139,5,1.44,1.0069,42,1.45,1.0139,10,1.445,1.0104,193,0
SPY190802P300,2019-07-31,2019-07-31 09:33:17,1.45,1.0139,110,1.44,1.0069,7,1.45,1.0139,10,1.445,1.0104,193,0
SPY190802P300,2019-07-31,2019-07-31 09:33:18,1.45,1.0139,214,1.44,1.0069,7,1.45,1.0139,10,1.445,1.0104,193,0
SPY190802P300,2019-07-31,2019-07-31 09:33:19,1.45,1.0139,560,1.44,1.0069,7,1.44,1.0069,3,1.445,1.0104,196,3
SPY190802P300,2019-07-31,2019-07-31 09:33:19,1.45,1.0139,516,1.44,1.0069,7,1.45,1.0139,10,1.445,1.0104,193,0
SPY190802P300,2019-07-31,2019-07-31 09:33:20,1.45,1.0139,753,1.44,1.0069,4,1.44,1.0069,3,1.445,1.0104,196,0
SPY190802P300,2019-07-31,2019-07-31 09:33:20,1.45,1.0139,642,1.44,1.0069,4,1.44,1.0069,3,1.445,1.0104,196,0
SPY190802P300,2019-07-31,2019-07-31 09:33:21,1.43,1.0,297,1.43,1.0,28,1.42,0.993,1,1.43,1.0,211,1
SPY190802P300,2019-07-31,2019-07-31 09:33:21,1.44,1.0069,360,1.43,1.0,28,1.43,1.0,10,1.435,1.0034,210,14
SPY190802P300,2019-07-31,2019-07-31 09:33:22,1.42,0.993,146,1.41,0.986,10,1.42,0.993,1,1.415,0.9895,211,0
SPY190802P300,2019-07-31,2019-07-31 09:33:23,1.42,0.993,146,1.41,0.986,10,1.42,0.993,1,1.415,0.9895,211,0
SPY190802P300,2019-07-31,2019-07-31 09:33:23,1.42,0.993,196,1.41,0.986,10,1.42,0.993,1,1.415,0.9895,211,0
SPY190802P300,2019-07-31,2019-07-31 09:33:24,1.42,0.993,146,1.41,0.986,10,1.42,0.993,1,1.415,0.9895,211,0
SPY190802P300,2019-07-31,2019-07-31 09:33:25,1.42,0.993,146,1.41,0.986,33,1.42,0.993,1,1.415,0.9895,211,0
SPY190802P300,2019-07-31,2019-07-31 09:33:25,1.42,0.993,146,1.41,0.986,46,1.42,0.993,1,1.415,0.9895,212,1
SPY190802P300,2019-07-31,2019-07-31 09:33:26,1.42,0.993,146,1.41,0.986,46,1.42,0.993,1,1.415,0.9895,212,0
SPY190802P300,2019-07-31,2019-07-31 09:33:27,1.42,0.993,900,1.41,0.986,10,1.42,0.993,1,1.415,0.9895,212,0
SPY190802P300,2019-07-31,2019-07-31 09:33:27,1.42,0.993,146,1.41,0.986,33,1.42,0.993,1,1.415,0.9895,212,0
SPY190802P300,2019-07-31,2019-07-31 09:33:28,1.42,0.993,857,1.41,0.986,10,1.42,0.993,1,1.415,0.9895,212,0
SPY190802P300,2019-07-31,2019-07-31 09:33:29,1.42,0.993,753,1.41,0.986,10,1.41,0.986,10,1.415,0.9895,223,11
SPY190802P300,2019-07-31,2019-07-31 09:33:30,1.41,0.986,197,1.41,0.986,10,1.41,0.986,4,1.41,0.986,227,4
SPY190802P300,2019-07-31,2019-07-31 09:33:30,1.41,0.986,134,1.4,0.979,2,1.41,0.986,4,1.405,0.9825,227,0
SPY190802P300,2019-07-31,2019-07-31 09:33:31,1.41,0.986,134,1.4,0.979,2,1.41,0.986,4,1.405,0.9825,227,0
SPY190802P300,2019-07-31,2019-07-31 09:33:31,1.41,0.986,466,1.4,0.979,2,1.41,0.986,4,1.405,0.9825,227,0
SPY190802P300,2019-07-31,2019-07-31 09:33:32,1.41,0.986,466,1.4,0.979,2,1.41,0.986,4,1.405,0.9825,227,0
SPY190802P300,2019-07-31,2019-07-31 09:33:33,1.41,0.986,462,1.4,0.979,2,1.41,0.986,4,1.405,0.9825,227,0
SPY190802P300,2019-07-31,2019-07-31 09:33:33,1.41,0.986,637,1.4,0.979,2,1.41,0.986,4,1.405,0.9825,227,0
SPY190802P300,2019-07-31,2019-07-31 09:33:34,1.4,0.979,381,1.39,0.972,50,1.4,0.979,2,1.395,0.9755,231,4
SPY190802P300,2019-07-31,2019-07-31 09:33:34,1.4,0.979,611,1.39,0.972,54,1.4,0.979,2,1.395,0.9755,231,0
SPY190802P300,2019-07-31,2019-07-31 09:33:35,1.4,0.979,611,1.39,0.972,54,1.4,0.979,2,1.395,0.9755,231,0
SPY190802P300,2019-07-31,2019-07-31 09:33:36,1.4,0.979,611,1.39,0.972,50,1.4,0.979,2,1.395,0.9755,231,0
SPY190802P300,2019-07-31,2019-07-31 09:33:36,1.4,0.979,440,1.39,0.972,50,1.4,0.979,2,1.395,0.9755,231,0
SPY190802P300,2019-07-31,2019-07-31 09:33:37,1.4,0.979,290,1.39,0.972,50,1.4,0.979,2,1.395,0.9755,231,0
SPY190802P300,2019-07-31,2019-07-31 09:33:37,1.4,0.979,440,1.39,0.972,50,1.4,0.979,2,1.395,0.9755,231,0
SPY190802P300,2019-07-31,2019-07-31 09:33:38,1.4,0.979,187,1.39,0.972,50,1.4,0.979,2,1.395,0.9755,231,0
SPY190802P300,2019-07-31,2019-07-31 09:33:39,1.4,0.979,324,1.39,0.972,50,1.4,0.979,2,1.395,0.9755,231,0
SPY190802P300,2019-07-31,2019-07-31 09:33:40,1.4,0.979,556,1.39,0.972,50,1.4,0.979,2,1.395,0.9755,231,0
SPY190802P300,2019-07-31,2019-07-31 09:33:41,1.4,0.979,218,1.39,0.972,65,1.4,0.979,2,1.395,0.9755,231,0
SPY190802P300,2019-07-31,2019-07-31 09:33:42,1.41,0.986,759,1.39,0.972,116,1.4,0.979,2,1.4,0.979,231,0
SPY190802P300,2019-07-31,2019-07-31 09:33:42,1.4,0.979,114,1.39,0.972,116,1.4,0.979,2,1.395,0.9755,231,0
SPY190802P300,2019-07-31,2019-07-31 09:33:43,1.41,0.986,197,1.39,0.972,90,1.4,0.979,2,1.4,0.979,231,0
SPY190802P300,2019-07-31,2019-07-31 09:33:43,1.4,0.979,6,1.39,0.972,110,1.4,0.979,2,1.395,0.9755,231,0
SPY190802P300,2019-07-31,2019-07-31 09:33:44,1.4,0.979,1,1.39,0.972,218,1.4,0.979,4,1.395,0.9755,235,4
SPY190802P300,2019-07-31,2019-07-31 09:33:45,1.41,0.986,200,1.39,0.972,193,1.4,0.979,4,1.4,0.979,235,0
SPY190802P300,2019-07-31,2019-07-31 09:33:45,1.41,0.986,390,1.39,0.972,531,1.4,0.979,4,1.4,0.979,235,0
SPY190802P300,2019-07-31,2019-07-31 09:33:46,1.41,0.986,10,1.4,0.979,148,1.4,0.979,4,1.405,0.9825,235,0
SPY190802P300,2019-07-31,2019-07-31 09:33:46,1.41,0.986,49,1.4,0.979,76,1.4,0.979,4,1.405,0.9825,235,0
SPY190802P300,2019-07-31,2019-07-31 09:33:47,1.41,0.986,19,1.4,0.979,76,1.4,0.979,4,1.405,0.9825,235,0
SPY190802P300,2019-07-31,2019-07-31 09:33:48,1.42,0.993,293,1.4,0.979,146,1.4,0.979,4,1.41,0.986,235,0
SPY190802P300,2019-07-31,2019-07-31 09:33:48,1.41,0.986,27,1.4,0.979,162,1.4,0.979,4,1.405,0.9825,235,0
SPY190802P300,2019-07-31,2019-07-31 09:33:49,1.41,0.986,27,1.4,0.979,146,1.4,0.979,4,1.405,0.9825,235,0
SPY190802P300,2019-07-31,2019-07-31 09:33:49,1.41,0.986,16,1.4,0.979,146,1.4,0.979,4,1.405,0.9825,235,0
SPY190802P300,2019-07-31,2019-07-31 09:33:50,1.41,0.986,58,1.4,0.979,146,1.4,0.979,4,1.405,0.9825,235,0
SPY190802P300,2019-07-31,2019-07-31 09:33:50,1.41,0.986,27,1.4,0.979,146,1.4,0.979,4,1.405,0.9825,235,0
SPY190802P300,2019-07-31,2019-07-31 09:33:51,1.41,0.986,16,1.4,0.979,162,1.4,0.979,4,1.405,0.9825,235,0
SPY190802P300,2019-07-31,2019-07-31 09:33:52,1.41,0.986,74,1.39,0.972,190,1.4,0.979,4,1.4,0.979,235,0
SPY190802P300,2019-07-31,2019-07-31 09:33:52,1.41,0.986,74,1.39,0.972,170,1.4,0.979,4,1.4,0.979,235,0
SPY190802P300,2019-07-31,2019-07-31 09:33:53,1.41,0.986,74,1.39,0.972,170,1.4,0.979,4,1.4,0.979,235,0
SPY190802P300,2019-07-31,2019-07-31 09:33:54,1.41,0.986,279,1.39,0.972,220,1.4,0.979,4,1.4,0.979,235,0
SPY190802P300,2019-07-31,2019-07-31 09:33:54,1.41,0.986,139,1.39,0.972,220,1.4,0.979,4,1.4,0.979,235,0
SPY190802P300,2019-07-31,2019-07-31 09:33:55,1.41,0.986,328,1.39,0.972,220,1.4,0.979,4,1.4,0.979,235,0
SPY190802P300,2019-07-31,2019-07-31 09:33:56,1.41,0.986,328,1.4,0.979,28,1.4,0.979,4,1.405,0.9825,235,0
SPY190802P300,2019-07-31,2019-07-31 09:33:56,1.41,0.986,27,1.4,0.979,84,1.4,0.979,4,1.405,0.9825,235,0
SPY190802P300,2019-07-31,2019-07-31 09:33:57,1.42,0.993,66,1.41,0.986,38,1.4,0.979,4,1.415,0.9895,235,0
SPY190802P300,2019-07-31,2019-07-31 09:33:57,1.41,0.986,27,1.4,0.979,94,1.4,0.979,4,1.405,0.9825,235,0
SPY190802P300,2019-07-31,2019-07-31 09:33:58,1.42,0.993,27,1.41,0.986,88,1.4,0.979,4,1.415,0.9895,235,0
SPY190802P300,2019-07-31,2019-07-31 09:33:58,1.42,0.993,53,1.41,0.986,28,1.4,0.979,4,1.415,0.9895,235,0
SPY190802P300,2019-07-31,2019-07-31 09:33:59,1.42,0.993,27,1.41,0.986,98,1.4,0.979,4,1.415,0.9895,235,0
SPY190802P300,2019-07-31,2019-07-31 09:34:00,1.44,1.0069,148,1.42,0.993,214,1.42,0.993,2,1.43,1.0,237,2
SPY190802P300,2019-07-31,2019-07-31 09:34:00,1.44,1.0069,281,1.43,1.0,38,1.42,0.993,2,1.435,1.0034,237,0
SPY190802P300,2019-07-31,2019-07-31 09:34:01,1.45,1.0139,70,1.44,1.0069,20,1.42,0.993,2,1.445,1.0104,237,0
SPY190802P300,2019-07-31,2019-07-31 09:34:01,1.45,1.0139,165,1.44,1.0069,4,1.42,0.993,2,1.445,1.0104,237,0
SPY190802P300,2019-07-31,2019-07-31 09:34:02,1.45,1.0139,10,1.44,1.0069,81,1.42,0.993,2,1.445,1.0104,237,0
SPY190802P300,2019-07-31,2019-07-31 09:34:03,1.46,1.0209,86,1.45,1.0139,16,1.42,0.993,2,1.455,1.0174,237,0
SPY190802P300,2019-07-31,2019-07-31 09:34:03,1.46,1.0209,114,1.44,1.0069,93,1.42,0.993,2,1.45,1.0139,237,0
SPY190802P300,2019-07-31,2019-07-31 09:34:04,1.45,1.0139,27,1.44,1.0069,31,1.42,0.993,2,1.445,1.0104,237,0
SPY190802P300,2019-07-31,2019-07-31 09:34:04,1.45,1.0139,27,1.44,1.0069,104,1.42,0.993,2,1.445,1.0104,237,0
SPY190802P300,2019-07-31,2019-07-31 09:34:05,1.46,1.0209,77,1.45,1.0139,29,1.42,0.993,2,1.455,1.0174,237,0
SPY190802P300,2019-07-31,2019-07-31 09:34:06,1.46,1.0209,67,1.45,1.0139,29,1.42,0.993,2,1.455,1.0174,237,0
SPY190802P300,2019-07-31,2019-07-31 09:34:07,1.46,1.0209,154,1.45,1.0139,46,1.42,0.993,2,1.455,1.0174,237,0
SPY190802P300,2019-07-31,2019-07-31 09:34:07,1.45,1.0139,17,1.45,1.0139,29,1.42,0.993,2,1.45,1.0139,237,0
SPY190802P300,2019-07-31,2019-07-31 09:34:08,1.46,1.0209,77,1.45,1.0139,46,1.42,0.993,2,1.455,1.0174,237,0
SPY190802P300,2019-07-31,2019-07-31 09:34:08,1.46,1.0209,41,1.45,1.0139,45,1.42,0.993,2,1.455,1.0174,237,0
SPY190802P300,2019-07-31,2019-07-31 09:34:09,1.46,1.0209,25,1.44,1.0069,231,1.42,0.993,2,1.45,1.0139,237,0
SPY190802P300,2019-07-31,2019-07-31 09:34:10,1.46,1.0209,73,1.45,1.0139,48,1.42,0.993,2,1.455,1.0174,237,0
SPY190802P300,2019-07-31,2019-07-31 09:34:10,1.46,1.0209,21,1.46,1.0209,16,1.42,0.993,2,1.46,1.0209,237,0
SPY190802P300,2019-07-31,2019-07-31 09:34:11,1.45,1.0139,72,1.43,1.0,484,1.45,1.0139,3,1.44,1.0069,240,3
SPY190802P300,2019-07-31,2019-07-31 09:34:11,1.45,1.0139,120,1.43,1.0,216,1.45,1.0139,3,1.44,1.0069,240,0
SPY190802P300,2019-07-31,2019-07-31 09:34:12,1.45,1.0139,27,1.44,1.0069,44,1.45,1.0139,3,1.445,1.0104,240,0
SPY190802P300,2019-07-31,2019-07-31 09:34:12,1.45,1.0139,66,1.43,1.0,529,1.45,1.0139,3,1.44,1.0069,240,0
SPY190802P300,2019-07-31,2019-07-31 09:34:13,1.46,1.0209,180,1.44,1.0069,287,1.45,1.0139,3,1.45,1.0139,240,0
SPY190802P300,2019-07-31,2019-07-31 09:34:13,1.46,1.0209,180,1.44,1.0069,149,1.45,1.0139,3,1.45,1.0139,240,0
SPY190802P300,2019-07-31,2019-07-31 09:34:14,1.46,1.0209,259,1.44,1.0069,443,1.45,1.0139,3,1.45,1.0139,240,0
SPY190802P300,2019-07-31,2019-07-31 09:34:15,1.45,1.0139,27,1.44,1.0069,44,1.45,1.0139,3,1.445,1.0104,240,0
SPY190802P300,2019-07-31,2019-07-31 09:34:15,1.45,1.0139,109,1.44,1.0069,16,1.45,1.0139,3,1.445,1.0104,240,0
SPY190802P300,2019-07-31,2019-07-31 09:34:16,1.45,1.0139,77,1.44,1.0069,29,1.45,1.0139,3,1.445,1.0104,240,0
SPY190802P300,2019-07-31,2019-07-31 09:34:16,1.45,1.0139,86,1.44,1.0069,24,1.45,1.0139,3,1.445,1.0104,240,0
SPY190802P300,2019-07-31,2019-07-31 09:34:17,1.45,1.0139,77,1.43,1.0,585,1.45,1.0139,3,1.44,1.0069,240,0
SPY190802P300,2019-07-31,2019-07-31 09:34:18,1.45,1.0139,77,1.44,1.0069,6,1.45,1.0139,3,1.445,1.0104,240,0
SPY190802P300,2019-07-31,2019-07-31 09:34:19,1.44,1.0069,27,1.43,1.0,208,1.45,1.0139,3,1.435,1.0034,240,0
SPY190802P300,2019-07-31,2019-07-31 09:34:20,1.45,1.0139,99,1.44,1.0069,22,1.45,1.0139,3,1.445,1.0104,240,0
SPY190802P300,2019-07-31,2019-07-31 09:34:20,1.45,1.0139,83,1.44,1.0069,16,1.45,1.0139,3,1.445,1.0104,240,0
SPY190802P300,2019-07-31,2019-07-31 09:34:21,1.45,1.0139,70,1.44,1.0069,29,1.45,1.0139,3,1.445,1.0104,240,0
SPY190802P300,2019-07-31,2019-07-31 09:34:21,1.45,1.0139,99,1.43,1.0,729,1.45,1.0139,3,1.44,1.0069,240,0
SPY190802P300,2019-07-31,2019-07-31 09:34:22,1.45,1.0139,27,1.44,1.0069,50,1.45,1.0139,3,1.445,1.0104,240,0
SPY190802P300,2019-07-31,2019-07-31 09:34:23,1.46,1.0209,44,1.44,1.0069,435,1.45,1.0139,3,1.45,1.0139,240,0
SPY190802P300,2019-07-31,2019-07-31 09:34:23,1.46,1.0209,27,1.44,1.0069,70,1.45,1.0139,3,1.45,1.0139,240,0
SPY190802P300,2019-07-31,2019-07-31 09:34:24,1.46,1.0209,223,1.45,1.0139,1,1.46,1.0209,1,1.455,1.0174,241,1
SPY190802P300,2019-07-31,2019-07-31 09:34:24,1.46,1.0209,77,1.45,1.0139,1,1.45,1.0139,3,1.455,1.0174,240,0
SPY190802P300,2019-07-31,2019-07-31 09:34:25,1.46,1.0209,145,1.45,1.0139,1,1.46,1.0209,1,1.455,1.0174,241,0
SPY190802P300,2019-07-31,2019-07-31 09:34:26,1.46,1.0209,217,1.45,1.0139,1,1.46,1.0209,1,1.455,1.0174,241,0
SPY190802P300,2019-07-31,2019-07-31 09:34:26,1.45,1.0139,6,1.45,1.0139,1,1.45,1.0139,1,1.45,1.0139,243,2
SPY190802P300,2019-07-31,2019-07-31 09:34:27,1.45,1.0139,32,1.44,1.0069,14,1.45,1.0139,5,1.445,1.0104,248,5
SPY190802P300,2019-07-31,2019-07-31 09:34:27,1.45,1.0139,6,1.43,1.0,545,1.45,1.0139,1,1.44,1.0069,243,0
SPY190802P300,2019-07-31,2019-07-31 09:34:28,1.45,1.0139,6,1.43,1.0,737,1.45,1.0139,5,1.44,1.0069,248,0
SPY190802P300,2019-07-31,2019-07-31 09:34:28,1.45,1.0139,32,1.43,1.0,737,1.45,1.0139,5,1.44,1.0069,248,0
SPY190802P300,2019-07-31,2019-07-31 09:34:29,1.46,1.0209,50,1.44,1.0069,507,1.45,1.0139,5,1.45,1.0139,248,0
SPY190802P300,2019-07-31,2019-07-31 09:34:30,1.46,1.0209,91,1.45,1.0139,10,1.45,1.0139,5,1.455,1.0174,248,0
SPY190802P300,2019-07-31,2019-07-31 09:34:31,1.46,1.0209,70,1.45,1.0139,10,1.45,1.0139,5,1.455,1.0174,248,0
SPY190802P300,2019-07-31,2019-07-31 09:34:31,1.46,1.0209,107,1.45,1.0139,10,1.45,1.0139,5,1.455,1.0174,248,0
SPY190802P300,2019-07-31,2019-07-31 09:34:32,1.46,1.0209,324,1.45,1.0139,10,1.45,1.0139,5,1.455,1.0174,248,0
SPY190802P300,2019-07-31,2019-07-31 09:34:32,1.46,1.0209,342,1.45,1.0139,10,1.45,1.0139,5,1.455,1.0174,248,0
SPY190802P300,2019-07-31,2019-07-31 09:34:33,1.46,1.0209,307,1.45,1.0139,6,1.45,1.0139,1,1.455,1.0174,254,6
SPY190802P300,2019-07-31,2019-07-31 09:34:34,1.46,1.0209,442,1.45,1.0139,4,1.45,1.0139,1,1.455,1.0174,254,0
SPY190802P300,2019-07-31,2019-07-31 09:34:34,1.45,1.0139,77,1.43,1.0,729,1.45,1.0139,4,1.44,1.0069,258,4
SPY190802P300,2019-07-31,2019-07-31 09:34:35,1.45,1.0139,76,1.43,1.0,580,1.45,1.0139,4,1.44,1.0069,258,0
SPY190802P300,2019-07-31,2019-07-31 09:34:35,1.45,1.0139,10,1.44,1.0069,5,1.45,1.0139,4,1.445,1.0104,258,0
SPY190802P300,2019-07-31,2019-07-31 09:34:36,1.45,1.0139,26,1.44,1.0069,170,1.45,1.0139,4,1.445,1.0104,258,0
SPY190802P300,2019-07-31,2019-07-31 09:34:36,1.45,1.0139,29,1.44,1.0069,92,1.45,1.0139,4,1.445,1.0104,258,0
SPY190802P300,2019-07-31,2019-07-31 09:34:37,1.46,1.0209,324,1.44,1.0069,530,1.45,1.0139,4,1.45,1.0139,258,0
SPY190802P300,2019-07-31,2019-07-31 09:34:38,1.45,1.0139,27,1.43,1.0,604,1.45,1.0139,4,1.44,1.0069,258,0
SPY190802P300,2019-07-31,2019-07-31 09:34:39,1.45,1.0139,32,1.43,1.0,724,1.45,1.0139,4,1.44,1.0069,258,0
SPY190802P300,2019-07-31,2019-07-31 09:34:39,1.45,1.0139,32,1.44,1.0069,106,1.45,1.0139,4,1.445,1.0104,258,0
SPY190802P300,2019-07-31,2019-07-31 09:34:40,1.45,1.0139,27,1.44,1.0069,190,1.45,1.0139,4,1.445,1.0104,258,0
SPY190802P300,2019-07-31,2019-07-31 09:34:41,1.45,1.0139,27,1.44,1.0069,190,1.45,1.0139,4,1.445,1.0104,258,0
SPY190802P300,2019-07-31,2019-07-31 09:34:42,1.45,1.0139,27,1.44,1.0069,190,1.45,1.0139,4,1.445,1.0104,258,0
SPY190802P300,2019-07-31,2019-07-31 09:34:42,1.45,1.0139,27,1.44,1.0069,170,1.45,1.0139,4,1.445,1.0104,258,0
SPY190802P300,2019-07-31,2019-07-31 09:34:43,1.46,1.0209,231,1.44,1.0069,215,1.45,1.0139,4,1.45,1.0139,258,0
SPY190802P300,2019-07-31,2019-07-31 09:34:43,1.46,1.0209,281,1.44,1.0069,608,1.45,1.0139,4,1.45,1.0139,258,0
SPY190802P300,2019-07-31,2019-07-31 09:34:44,1.46,1.0209,324,1.45,1.0139,4,1.45,1.0139,4,1.455,1.0174,258,0
SPY190802P300,2019-07-31,2019-07-31 09:34:45,1.46,1.0209,103,1.44,1.0069,488,1.45,1.0139,4,1.45,1.0139,258,0
SPY190802P300,2019-07-31,2019-07-31 09:34:45,1.46,1.0209,281,1.44,1.0069,643,1.45,1.0139,4,1.45,1.0139,258,0
SPY190802P300,2019-07-31,2019-07-31 09:34:46,1.46,1.0209,6,1.45,1.0139,5,1.45,1.0139,4,1.455,1.0174,258,0
SPY190802P300,2019-07-31,2019-07-31 09:34:46,1.46,1.0209,27,1.44,1.0069,641,1.45,1.0139,4,1.45,1.0139,258,0
SPY190802P300,2019-07-31,2019-07-31 09:34:47,1.46,1.0209,20,1.44,1.0069,525,1.45,1.0139,4,1.45,1.0139,258,0
SPY190802P300,2019-07-31,2019-07-31 09:34:47,1.46,1.0209,27,1.44,1.0069,550,1.45,1.0139,4,1.45,1.0139,258,0
SPY190802P300,2019-07-31,2019-07-31 09:34:48,1.46,1.0209,32,1.44,1.0069,541,1.45,1.0139,4,1.45,1.0139,258,0
SPY190802P300,2019-07-31,2019-07-31 09:34:49,1.45,1.0139,6,1.44,1.0069,680,1.45,1.0139,4,1.445,1.0104,258,0
SPY190802P300,2019-07-31,2019-07-31 09:34:49,1.46,1.0209,32,1.44,1.0069,620,1.45,1.0139,4,1.45,1.0139,258,0
SPY190802P300,2019-07-31,2019-07-31 09:34:50,1.46,1.0209,77,1.45,1.0139,5,1.45,1.0139,4,1.455,1.0174,258,0
SPY190802P300,2019-07-31,2019-07-31 09:34:50,1.46,1.0209,27,1.45,1.0139,104,1.45,1.0139,4,1.455,1.0174,258,0
SPY190802P300,2019-07-31,2019-07-31 09:34:51,1.46,1.0209,27,1.45,1.0139,104,1.45,1.0139,4,1.455,1.0174,258,0
SPY190802P300,2019-07-31,2019-07-31 09:34:51,1.46,1.0209,6,1.45,1.0139,111,1.45,1.0139,4,1.455,1.0174,258,0
SPY190802P300,2019-07-31,2019-07-31 09:34:52,1.47,1.0279,342,1.45,1.0139,576,1.45,1.0139,4,1.46,1.0209,258,0
SPY190802P300,2019-07-31,2019-07-31 09:34:53,1.46,1.0209,37,1.45,1.0139,593,1.45,1.0139,4,1.455,1.0174,258,0
SPY190802P300,2019-07-31,2019-07-31 09:34:53,1.46,1.0209,18,1.45,1.0139,635,1.45,1.0139,4,1.455,1.0174,258,0
SPY190802P300,2019-07-31,2019-07-31 09:34:54,1.46,1.0209,18,1.45,1.0139,254,1.45,1.0139,4,1.455,1.0174,258,0
SPY190802P300,2019-07-31,2019-07-31 09:34:54,1.46,1.0209,34,1.45,1.0139,254,1.45,1.0139,4,1.455,1.0174,258,0
SPY190802P300,2019-07-31,2019-07-31 09:34:55,1.46,1.0209,27,1.45,1.0139,233,1.45,1.0139,4,1.455,1.0174,258,0
SPY190802P300,2019-07-31,2019-07-31 09:34:56,1.46,1.0209,1,1.45,1.0139,191,1.46,1.0209,5,1.455,1.0174,263,5
SPY190802P300,2019-07-31,2019-07-31 09:34:57,1.47,1.0279,27,1.45,1.0139,381,1.46,1.0209,5,1.46,1.0209,263,0
SPY190802P300,2019-07-31,2019-07-31 09:34:57,1.47,1.0279,77,1.45,1.0139,573,1.46,1.0209,5,1.46,1.0209,263,0
SPY190802P300,2019-07-31,2019-07-31 09:34:58,1.48,1.0349,6,1.46,1.0209,6,1.46,1.0209,5,1.47,1.0279,263,0
SPY190802P300,2019-07-31,2019-07-31 09:34:58,1.47,1.0279,10,1.46,1.0209,269,1.46,1.0209,5,1.465,1.0244,263,0
SPY190802P300,2019-07-31,2019-07-31 09:34:59,1.47,1.0279,721,1.45,1.0139,1,1.46,1.0209,5,1.46,1.0209,263,0
SPY190802P300,2019-07-31,2019-07-31 09:35:00,1.46,1.0209,40,1.45,1.0139,1,1.46,1.0209,5,1.455,1.0174,263,0
SPY190802P300,2019-07-31,2019-07-31 09:35:00,1.46,1.0209,45,1.45,1.0139,1,1.46,1.0209,5,1.455,1.0174,263,0
SPY190802P300,2019-07-31,2019-07-31 09:35:01,1.46,1.0209,156,1.45,1.0139,1,1.46,1.0209,5,1.455,1.0174,263,0
SPY190802P300,2019-07-31,2019-07-31 09:35:01,1.46,1.0209,70,1.45,1.0139,1,1.46,1.0209,5,1.455,1.0174,263,0
SPY190802P300,2019-07-31,2019-07-31 09:35:02,1.46,1.0209,600,1.45,1.0139,1,1.46,1.0209,5,1.455,1.0174,263,0
SPY190802P300,2019-07-31,2019-07-31 09:35:02,1.46,1.0209,613,1.45,1.0139,1,1.45,1.0139,1,1.455,1.0174,264,1
SPY190802P300,2019-07-31,2019-07-31 09:35:03,1.45,1.0139,27,1.45,1.0139,1,1.45,1.0139,1,1.45,1.0139,264,0
SPY190802P300,2019-07-31,2019-07-31 09:35:04,1.45,1.0139,475,1.44,1.0069,10,1.45,1.0139,1,1.445,1.0104,264,0
SPY190802P300,2019-07-31,2019-07-31 09:35:04,1.45,1.0139,102,1.44,1.0069,50,1.45,1.0139,1,1.445,1.0104,264,0
SPY190802P300,2019-07-31,2019-07-31 09:35:05,1.45,1.0139,475,1.44,1.0069,10,1.45,1.0139,1,1.445,1.0104,264,0
SPY190802P300,2019-07-31,2019-07-31 09:35:06,1.45,1.0139,568,1.44,1.0069,10,1.45,1.0139,1,1.445,1.0104,264,0
SPY190802P300,2019-07-31,2019-07-31 09:35:07,1.45,1.0139,568,1.44,1.0069,10,1.45,1.0139,1,1.445,1.0104,264,0
SPY190802P300,2019-07-31,2019-07-31 09:35:07,1.45,1.0139,439,1.44,1.0069,10,1.45,1.0139,1,1.445,1.0104,264,0
SPY190802P300,2019-07-31,2019-07-31 09:35:08,1.45,1.0139,399,1.44,1.0069,10,1.45,1.0139,1,1.445,1.0104,264,0
SPY190802P300,2019-07-31,2019-07-31 09:35:08,1.45,1.0139,14,1.44,1.0069,10,1.45,1.0139,1,1.445,1.0104,264,0
SPY190802P300,2019-07-31,2019-07-31 09:35:09,1.45,1.0139,27,1.44,1.0069,27,1.45,1.0139,1,1.445,1.0104,264,0
SPY190802P300,2019-07-31,2019-07-31 09:35:10,1.45,1.0139,33,1.44,1.0069,33,1.45,1.0139,1,1.445,1.0104,264,0
SPY190802P300,2019-07-31,2019-07-31 09:35:10,1.45,1.0139,33,1.44,1.0069,58,1.45,1.0139,1,1.445,1.0104,264,0
SPY190802P300,2019-07-31,2019-07-31 09:35:11,1.45,1.0139,27,1.44,1.0069,12,1.45,1.0139,1,1.445,1.0104,264,0
SPY190802P300,2019-07-31,2019-07-31 09:35:11,1.45,1.0139,37,1.44,1.0069,10,1.45,1.0139,1,1.445,1.0104,264,0
SPY190802P300,2019-07-31,2019-07-31 09:35:12,1.45,1.0139,35,1.44,1.0069,16,1.45,1.0139,1,1.445,1.0104,264,0
SPY190802P300,2019-07-31,2019-07-31 09:35:13,1.45,1.0139,27,1.44,1.0069,10,1.45,1.0139,1,1.445,1.0104,264,0
SPY190802P300,2019-07-31,2019-07-31 09:35:14,1.46,1.0209,1081,1.44,1.0069,134,1.45,1.0139,1,1.45,1.0139,264,0
SPY190802P300,2019-07-31,2019-07-31 09:35:15,1.47,1.0279,753,1.45,1.0139,77,1.45,1.0139,1,1.46,1.0209,264,0
SPY190802P300,2019-07-31,2019-07-31 09:35:16,1.46,1.0209,27,1.45,1.0139,77,1.45,1.0139,1,1.455,1.0174,264,0
SPY190802P300,2019-07-31,2019-07-31 09:35:16,1.47,1.0279,688,1.45,1.0139,77,1.45,1.0139,1,1.46,1.0209,264,0
SPY190802P300,2019-07-31,2019-07-31 09:35:17,1.47,1.0279,27,1.46,1.0209,6,1.45,1.0139,1,1.465,1.0244,264,0
SPY190802P300,2019-07-31,2019-07-31 09:35:18,1.47,1.0279,44,1.46,1.0209,30,1.45,1.0139,1,1.465,1.0244,264,0
SPY190802P300,2019-07-31,2019-07-31 09:35:18,1.47,1.0279,301,1.45,1.0139,70,1.45,1.0139,1,1.46,1.0209,264,0
SPY190802P300,2019-07-31,2019-07-31 09:35:19,1.47,1.0279,113,1.45,1.0139,81,1.45,1.0139,1,1.46,1.0209,264,0
SPY190802P300,2019-07-31,2019-07-31 09:35:19,1.47,1.0279,27,1.46,1.0209,6,1.45,1.0139,1,1.465,1.0244,264,0
SPY190802P300,2019-07-31,2019-07-31 09:35:20,1.48,1.0349,773,1.45,1.0139,1101,1.45,1.0139,1,1.465,1.0244,264,0
SPY190802P300,2019-07-31,2019-07-31 09:35:20,1.47,1.0279,32,1.45,1.0139,585,1.45,1.0139,1,1.46,1.0209,264,0
SPY190802P300,2019-07-31,2019-07-31 09:35:21,1.48,1.0349,773,1.46,1.0209,9,1.45,1.0139,1,1.47,1.0279,264,0
SPY190802P300,2019-07-31,2019-07-31 09:35:22,1.48,1.0349,773,1.46,1.0209,14,1.45,1.0139,1,1.47,1.0279,264,0
SPY190802P300,2019-07-31,2019-07-31 09:35:22,1.47,1.0279,33,1.46,1.0209,6,1.45,1.0139,1,1.465,1.0244,264,0
SPY190802P300,2019-07-31,2019-07-31 09:35:23,1.47,1.0279,33,1.46,1.0209,21,1.45,1.0139,1,1.465,1.0244,264,0
SPY190802P300,2019-07-31,2019-07-31 09:35:24,1.47,1.0279,6,1.46,1.0209,18,1.45,1.0139,1,1.465,1.0244,264,0
SPY190802P300,2019-07-31,2019-07-31 09:35:25,1.47,1.0279,16,1.46,1.0209,22,1.45,1.0139,1,1.465,1.0244,264,0
SPY190802P300,2019-07-31,2019-07-31 09:35:25,1.47,1.0279,16,1.46,1.0209,72,1.45,1.0139,1,1.465,1.0244,264,0
SPY190802P300,2019-07-31,2019-07-31 09:35:26,1.48,1.0349,21,1.47,1.0279,104,1.45,1.0139,1,1.475,1.0314,264,0
SPY190802P300,2019-07-31,2019-07-31 09:35:27,1.48,1.0349,27,1.46,1.0209,169,1.45,1.0139,1,1.47,1.0279,264,0
SPY190802P300,2019-07-31,2019-07-31 09:35:27,1.48,1.0349,27,1.47,1.0279,104,1.45,1.0139,1,1.475,1.0314,264,0
SPY190802P300,2019-07-31,2019-07-31 09:35:28,1.48,1.0349,598,1.46,1.0209,79,1.45,1.0139,1,1.47,1.0279,264,0
SPY190802P300,2019-07-31,2019-07-31 09:35:28,1.47,1.0279,32,1.46,1.0209,79,1.45,1.0139,1,1.465,1.0244,264,0
SPY190802P300,2019-07-31,2019-07-31 09:35:29,1.47,1.0279,194,1.45,1.0139,129,1.45,1.0139,1,1.46,1.0209,264,0
SPY190802P300,2019-07-31,2019-07-31 09:35:29,1.47,1.0279,125,1.45,1.0139,473,1.45,1.0139,1,1.46,1.0209,264,0
SPY190802P300,2019-07-31,2019-07-31 09:35:30,1.47,1.0279,694,1.45,1.0139,70,1.45,1.0139,1,1.46,1.0209,264,0
SPY190802P300,2019-07-31,2019-07-31 09:35:31,1.46,1.0209,27,1.45,1.0139,12,1.45,1.0139,1,1.455,1.0174,264,0
SPY190802P300,2019-07-31,2019-07-31 09:35:31,1.47,1.0279,853,1.44,1.0069,811,1.45,1.0139,1,1.455,1.0174,264,0
SPY190802P300,2019-07-31,2019-07-31 09:35:32,1.45,1.0139,33,1.44,1.0069,70,1.45,1.0139,1,1.445,1.0104,264,0
SPY190802P300,2019-07-31,2019-07-31 09:35:32,1.46,1.0209,179,1.44,1.0069,575,1.45,1.0139,1,1.45,1.0139,264,0
SPY190802P300,2019-07-31,2019-07-31 09:35:33,1.46,1.0209,538,1.44,1.0069,231,1.45,1.0139,1,1.45,1.0139,264,0
SPY190802P300,2019-07-31,2019-07-31 09:35:34,1.46,1.0209,78,1.45,1.0139,13,1.45,1.0139,1,1.455,1.0174,264,0
SPY190802P300,2019-07-31,2019-07-31 09:35:34,1.46,1.0209,44,1.45,1.0139,29,1.45,1.0139,1,1.455,1.0174,264,0
SPY190802P300,2019-07-31,2019-07-31 09:35:35,1.46,1.0209,37,1.45,1.0139,92,1.45,1.0139,1,1.455,1.0174,264,0
SPY190802P300,2019-07-31,2019-07-31 09:35:35,1.46,1.0209,33,1.45,1.0139,63,1.45,1.0139,1,1.455,1.0174,264,0
SPY190802P300,2019-07-31,2019-07-31 09:35:36,1.46,1.0209,33,1.45,1.0139,103,1.45,1.0139,1,1.455,1.0174,264,0
SPY190802P300,2019-07-31,2019-07-31 09:35:36,1.46,1.0209,33,1.45,1.0139,119,1.45,1.0139,1,1.455,1.0174,264,0
SPY190802P300,2019-07-31,2019-07-31 09:35:37,1.46,1.0209,30,1.45,1.0139,79,1.45,1.0139,1,1.455,1.0174,264,0
SPY190802P300,2019-07-31,2019-07-31 09:35:38,1.47,1.0279,458,1.45,1.0139,106,1.45,1.0139,1,1.46,1.0209,264,0
SPY190802P300,2019-07-31,2019-07-31 09:35:38,1.47,1.0279,2,1.46,1.0209,51,1.45,1.0139,1,1.465,1.0244,264,0
SPY190802P300,2019-07-31,2019-07-31 09:35:39,1.47,1.0279,2,1.46,1.0209,190,1.45,1.0139,1,1.465,1.0244,264,0
SPY190802P300,2019-07-31,2019-07-31 09:35:41,1.47,1.0279,2,1.46,1.0209,737,1.45,1.0139,1,1.465,1.0244,264,0
SPY190802P300,2019-07-31,2019-07-31 09:35:41,1.47,1.0279,2,1.46,1.0209,573,1.45,1.0139,1,1.465,1.0244,264,0
SPY190802P300,2019-07-31,2019-07-31 09:35:42,1.47,1.0279,2,1.46,1.0209,231,1.46,1.0209,10,1.465,1.0244,274,10
SPY190802P300,2019-07-31,2019-07-31 09:35:43,1.47,1.0279,2,1.46,1.0209,566,1.46,1.0209,10,1.465,1.0244,274,0
SPY190802P300,2019-07-31,2019-07-31 09:35:43,1.47,1.0279,10,1.46,1.0209,466,1.46,1.0209,10,1.465,1.0244,274,0
SPY190802P300,2019-07-31,2019-07-31 09:35:44,1.47,1.0279,27,1.46,1.0209,450,1.46,1.0209,10,1.465,1.0244,274,0
SPY190802P300,2019-07-31,2019-07-31 09:35:44,1.47,1.0279,10,1.46,1.0209,450,1.46,1.0209,10,1.465,1.0244,274,0
SPY190802P300,2019-07-31,2019-07-31 09:35:45,1.47,1.0279,38,1.46,1.0209,227,1.46,1.0209,10,1.465,1.0244,274,0
SPY190802P300,2019-07-31,2019-07-31 09:35:46,1.47,1.0279,35,1.46,1.0209,113,1.46,1.0209,10,1.465,1.0244,274,0
SPY190802P300,2019-07-31,2019-07-31 09:35:46,1.47,1.0279,38,1.46,1.0209,93,1.46,1.0209,10,1.465,1.0244,274,0
SPY190802P300,2019-07-31,2019-07-31 09:35:47,1.47,1.0279,35,1.45,1.0139,206,1.46,1.0209,10,1.46,1.0209,274,0
SPY190802P300,2019-07-31,2019-07-31 09:35:48,1.47,1.0279,2,1.46,1.0209,60,1.46,1.0209,10,1.465,1.0244,274,0
SPY190802P300,2019-07-31,2019-07-31 09:35:48,1.47,1.0279,2,1.46,1.0209,18,1.46,1.0209,10,1.465,1.0244,274,0
SPY190802P300,2019-07-31,2019-07-31 09:35:49,1.47,1.0279,6,1.46,1.0209,110,1.46,1.0209,10,1.465,1.0244,274,0
SPY190802P300,2019-07-31,2019-07-31 09:35:50,1.47,1.0279,2,1.46,1.0209,190,1.46,1.0209,10,1.465,1.0244,274,0
SPY190802P300,2019-07-31,2019-07-31 09:35:50,1.47,1.0279,27,1.46,1.0209,105,1.46,1.0209,10,1.465,1.0244,274,0
SPY190802P300,2019-07-31,2019-07-31 09:35:51,1.47,1.0279,27,1.46,1.0209,190,1.46,1.0209,10,1.465,1.0244,274,0
SPY190802P300,2019-07-31,2019-07-31 09:35:51,1.47,1.0279,2,1.46,1.0209,190,1.46,1.0209,10,1.465,1.0244,274,0
SPY190802P300,2019-07-31,2019-07-31 09:35:52,1.47,1.0279,31,1.46,1.0209,190,1.46,1.0209,10,1.465,1.0244,274,0
SPY190802P300,2019-07-31,2019-07-31 09:35:53,1.47,1.0279,16,1.46,1.0209,190,1.46,1.0209,10,1.465,1.0244,274,0
SPY190802P300,2019-07-31,2019-07-31 09:35:53,1.47,1.0279,27,1.46,1.0209,126,1.46,1.0209,10,1.465,1.0244,274,0
SPY190802P300,2019-07-31,2019-07-31 09:35:54,1.47,1.0279,2,1.46,1.0209,110,1.46,1.0209,10,1.465,1.0244,274,0
SPY190802P300,2019-07-31,2019-07-31 09:35:55,1.47,1.0279,239,1.45,1.0139,21,1.46,1.0209,10,1.46,1.0209,274,0
SPY190802P300,2019-07-31,2019-07-31 09:35:56,1.47,1.0279,320,1.45,1.0139,222,1.46,1.0209,10,1.46,1.0209,274,0
SPY190802P300,2019-07-31,2019-07-31 09:35:57,1.47,1.0279,385,1.45,1.0139,205,1.46,1.0209,10,1.46,1.0209,274,0
SPY190802P300,2019-07-31,2019-07-31 09:35:57,1.47,1.0279,385,1.46,1.0209,172,1.46,1.0209,10,1.465,1.0244,274,0
SPY190802P300,2019-07-31,2019-07-31 09:35:58,1.48,1.0349,6,1.46,1.0209,304,1.47,1.0279,2,1.47,1.0279,276,0
SPY190802P300,2019-07-31,2019-07-31 09:35:58,1.48,1.0349,10,1.46,1.0209,172,1.47,1.0279,2,1.47,1.0279,276,2
SPY190802P300,2019-07-31,2019-07-31 09:35:59,1.48,1.0349,6,1.47,1.0279,96,1.47,1.0279,2,1.475,1.0314,276,0
SPY190802P300,2019-07-31,2019-07-31 09:35:59,1.48,1.0349,10,1.48,1.0349,16,1.47,1.0279,2,1.48,1.0349,276,0
SPY190802P300,2019-07-31,2019-07-31 09:36:00,1.48,1.0349,10,1.48,1.0349,16,1.47,1.0279,2,1.48,1.0349,276,0
SPY190802P300,2019-07-31,2019-07-31 09:36:01,1.48,1.0349,44,1.47,1.0279,458,1.47,1.0279,2,1.475,1.0314,276,0
SPY190802P300,2019-07-31,2019-07-31 09:36:01,1.48,1.0349,6,1.47,1.0279,594,1.47,1.0279,2,1.475,1.0314,276,0
SPY190802P300,2019-07-31,2019-07-31 09:36:02,1.48,1.0349,145,1.47,1.0279,16,1.47,1.0279,2,1.475,1.0314,276,0
SPY190802P300,2019-07-31,2019-07-31 09:36:03,1.48,1.0349,6,1.47,1.0279,12,1.48,1.0349,1,1.475,1.0314,277,1
SPY190802P300,2019-07-31,2019-07-31 09:36:03,1.48,1.0349,10,1.47,1.0279,6,1.48,1.0349,1,1.475,1.0314,277,0
SPY190802P300,2019-07-31,2019-07-31 09:36:04,1.48,1.0349,206,1.47,1.0279,24,1.48,1.0349,1,1.475,1.0314,277,0
SPY190802P300,2019-07-31,2019-07-31 09:36:05,1.48,1.0349,6,1.47,1.0279,87,1.48,1.0349,1,1.475,1.0314,277,0
SPY190802P300,2019-07-31,2019-07-31 09:36:05,1.48,1.0349,207,1.46,1.0209,753,1.48,1.0349,1,1.47,1.0279,277,0
SPY190802P300,2019-07-31,2019-07-31 09:36:06,1.48,1.0349,118,1.47,1.0279,124,1.48,1.0349,1,1.475,1.0314,278,1
SPY190802P300,2019-07-31,2019-07-31 09:36:07,1.48,1.0349,27,1.47,1.0279,75,1.47,1.0279,3,1.475,1.0314,281,3
SPY190802P300,2019-07-31,2019-07-31 09:36:07,1.48,1.0349,207,1.47,1.0279,48,1.47,1.0279,3,1.475,1.0314,281,0
SPY190802P300,2019-07-31,2019-07-31 09:36:08,1.49,1.0419,285,1.47,1.0279,161,1.47,1.0279,3,1.48,1.0349,281,0
SPY190802P300,2019-07-31,2019-07-31 09:36:08,1.48,1.0349,17,1.47,1.0279,65,1.47,1.0279,3,1.475,1.0314,281,0
SPY190802P300,2019-07-31,2019-07-31 09:36:09,1.49,1.0419,929,1.47,1.0279,161,1.47,1.0279,3,1.48,1.0349,281,0
SPY190802P300,2019-07-31,2019-07-31 09:36:10,1.49,1.0419,553,1.47,1.0279,321,1.47,1.0279,3,1.48,1.0349,281,0
SPY190802P300,2019-07-31,2019-07-31 09:36:11,1.49,1.0419,622,1.47,1.0279,613,1.47,1.0279,3,1.48,1.0349,281,0
SPY190802P300,2019-07-31,2019-07-31 09:36:11,1.49,1.0419,88,1.48,1.0349,6,1.47,1.0279,3,1.485,1.0384,281,0
SPY190802P300,2019-07-31,2019-07-31 09:36:12,1.49,1.0419,445,1.47,1.0279,496,1.47,1.0279,3,1.48,1.0349,281,0
SPY190802P300,2019-07-31,2019-07-31 09:36:12,1.49,1.0419,360,1.48,1.0349,1,1.47,1.0279,3,1.485,1.0384,281,0
SPY190802P300,2019-07-31,2019-07-31 09:36:13,1.49,1.0419,515,1.48,1.0349,4,1.48,1.0349,10,1.485,1.0384,291,10
SPY190802P300,2019-07-31,2019-07-31 09:36:13,1.48,1.0349,6,1.48,1.0349,1,1.48,1.0349,10,1.48,1.0349,291,0
SPY190802P300,2019-07-31,2019-07-31 09:36:14,1.48,1.0349,6,1.47,1.0279,70,1.48,1.0349,10,1.475,1.0314,291,0
SPY190802P300,2019-07-31,2019-07-31 09:36:15,1.48,1.0349,17,1.47,1.0279,70,1.48,1.0349,10,1.475,1.0314,291,0
SPY190802P300,2019-07-31,2019-07-31 09:36:15,1.49,1.0419,600,1.47,1.0279,70,1.48,1.0349,10,1.48,1.0349,291,0
SPY190802P300,2019-07-31,2019-07-31 09:36:16,1.48,1.0349,6,1.47,1.0279,235,1.48,1.0349,10,1.475,1.0314,291,0
SPY190802P300,2019-07-31,2019-07-31 09:36:16,1.48,1.0349,207,1.47,1.0279,186,1.48,1.0349,10,1.475,1.0314,291,0
SPY190802P300,2019-07-31,2019-07-31 09:36:17,1.48,1.0349,207,1.47,1.0279,22,1.48,1.0349,10,1.475,1.0314,291,0
SPY190802P300,2019-07-31,2019-07-31 09:36:17,1.48,1.0349,27,1.46,1.0209,594,1.48,1.0349,10,1.47,1.0279,291,0
SPY190802P300,2019-07-31,2019-07-31 09:36:18,1.48,1.0349,207,1.47,1.0279,22,1.48,1.0349,10,1.475,1.0314,291,0
SPY190802P300,2019-07-31,2019-07-31 09:36:19,1.48,1.0349,207,1.47,1.0279,4,1.48,1.0349,1,1.475,1.0314,292,1
SPY190802P300,2019-07-31,2019-07-31 09:36:19,1.47,1.0279,6,1.47,1.0279,16,1.48,1.0349,1,1.47,1.0279,292,0
SPY190802P300,2019-07-31,2019-07-31 09:36:20,1.47,1.0279,186,1.45,1.0139,580,1.48,1.0349,1,1.46,1.0209,292,0
SPY190802P300,2019-07-31,2019-07-31 09:36:21,1.46,1.0209,32,1.45,1.0139,215,1.48,1.0349,1,1.455,1.0174,292,0
SPY190802P300,2019-07-31,2019-07-31 09:36:22,1.47,1.0279,302,1.45,1.0139,185,1.48,1.0349,1,1.46,1.0209,292,0
SPY190802P300,2019-07-31,2019-07-31 09:36:22,1.46,1.0209,32,1.45,1.0139,185,1.48,1.0349,1,1.455,1.0174,292,0
SPY190802P300,2019-07-31,2019-07-31 09:36:23,1.47,1.0279,538,1.45,1.0139,550,1.48,1.0349,1,1.46,1.0209,292,0
SPY190802P300,2019-07-31,2019-07-31 09:36:23,1.47,1.0279,593,1.45,1.0139,550,1.48,1.0349,1,1.46,1.0209,292,0
SPY190802P300,2019-07-31,2019-07-31 09:36:24,1.47,1.0279,538,1.45,1.0139,559,1.48,1.0349,1,1.46,1.0209,292,0
SPY190802P300,2019-07-31,2019-07-31 09:36:25,1.47,1.0279,538,1.46,1.0209,4,1.48,1.0349,1,1.465,1.0244,292,0
SPY190802P300,2019-07-31,2019-07-31 09:36:25,1.47,1.0279,538,1.46,1.0209,15,1.48,1.0349,1,1.465,1.0244,292,0
SPY190802P300,2019-07-31,2019-07-31 09:36:26,1.47,1.0279,577,1.46,1.0209,17,1.48,1.0349,1,1.465,1.0244,292,0
SPY190802P300,2019-07-31,2019-07-31 09:36:26,1.47,1.0279,577,1.46,1.0209,15,1.48,1.0349,1,1.465,1.0244,292,0
SPY190802P300,2019-07-31,2019-07-31 09:36:27,1.47,1.0279,577,1.46,1.0209,15,1.48,1.0349,1,1.465,1.0244,292,0
SPY190802P300,2019-07-31,2019-07-31 09:36:28,1.47,1.0279,586,1.46,1.0209,15,1.48,1.0349,1,1.465,1.0244,292,0
SPY190802P300,2019-07-31,2019-07-31 09:36:28,1.47,1.0279,577,1.46,1.0209,15,1.48,1.0349,1,1.465,1.0244,292,0
SPY190802P300,2019-07-31,2019-07-31 09:36:29,1.47,1.0279,32,1.46,1.0209,15,1.48,1.0349,1,1.465,1.0244,292,0
SPY190802P300,2019-07-31,2019-07-31 09:36:30,1.47,1.0279,210,1.46,1.0209,15,1.48,1.0349,1,1.465,1.0244,292,0
SPY190802P300,2019-07-31,2019-07-31 09:36:30,1.47,1.0279,253,1.46,1.0209,15,1.48,1.0349,1,1.465,1.0244,292,0
SPY190802P300,2019-07-31,2019-07-31 09:36:31,1.47,1.0279,512,1.46,1.0209,15,1.48,1.0349,1,1.465,1.0244,292,0
SPY190802P300,2019-07-31,2019-07-31 09:36:31,1.47,1.0279,512,1.46,1.0209,22,1.48,1.0349,1,1.465,1.0244,292,0
SPY190802P300,2019-07-31,2019-07-31 09:36:32,1.47,1.0279,464,1.46,1.0209,15,1.48,1.0349,1,1.465,1.0244,292,0
SPY190802P300,2019-07-31,2019-07-31 09:36:33,1.47,1.0279,500,1.46,1.0209,15,1.48,1.0349,1,1.465,1.0244,292,0
SPY190802P300,2019-07-31,2019-07-31 09:36:34,1.47,1.0279,494,1.46,1.0209,15,1.47,1.0279,1,1.465,1.0244,293,1
SPY190802P300,2019-07-31,2019-07-31 09:36:34,1.47,1.0279,500,1.46,1.0209,15,1.48,1.0349,1,1.465,1.0244,292,0
SPY190802P300,2019-07-31,2019-07-31 09:36:35,1.47,1.0279,493,1.46,1.0209,15,1.47,1.0279,1,1.465,1.0244,293,0
SPY190802P300,2019-07-31,2019-07-31 09:36:36,1.47,1.0279,493,1.46,1.0209,15,1.47,1.0279,1,1.465,1.0244,293,0
SPY190802P300,2019-07-31,2019-07-31 09:36:37,1.47,1.0279,105,1.46,1.0209,76,1.47,1.0279,1,1.465,1.0244,293,0
SPY190802P300,2019-07-31,2019-07-31 09:36:37,1.47,1.0279,48,1.46,1.0209,76,1.47,1.0279,1,1.465,1.0244,293,0
SPY190802P300,2019-07-31,2019-07-31 09:36:38,1.47,1.0279,88,1.46,1.0209,65,1.47,1.0279,1,1.465,1.0244,293,0
SPY190802P300,2019-07-31,2019-07-31 09:36:39,1.47,1.0279,1,1.46,1.0209,465,1.47,1.0279,1,1.465,1.0244,293,0
SPY190802P300,2019-07-31,2019-07-31 09:36:40,1.47,1.0279,1,1.46,1.0209,465,1.47,1.0279,1,1.465,1.0244,293,0
SPY190802P300,2019-07-31,2019-07-31 09:36:41,1.47,1.0279,1,1.46,1.0209,1114,1.47,1.0279,1,1.465,1.0244,293,0
SPY190802P300,2019-07-31,2019-07-31 09:36:42,1.47,1.0279,1,1.46,1.0209,529,1.47,1.0279,1,1.465,1.0244,293,0
SPY190802P300,2019-07-31,2019-07-31 09:36:42,1.47,1.0279,1,1.46,1.0209,536,1.47,1.0279,1,1.465,1.0244,293,0
SPY190802P300,2019-07-31,2019-07-31 09:36:43,1.47,1.0279,1,1.46,1.0209,195,1.47,1.0279,1,1.465,1.0244,293,0
SPY190802P300,2019-07-31,2019-07-31 09:36:44,1.47,1.0279,27,1.46,1.0209,448,1.47,1.0279,1,1.465,1.0244,293,0
SPY190802P300,2019-07-31,2019-07-31 09:36:44,1.47,1.0279,1,1.46,1.0209,15,1.47,1.0279,1,1.465,1.0244,293,0
SPY190802P300,2019-07-31,2019-07-31 09:36:45,1.47,1.0279,27,1.46,1.0209,88,1.47,1.0279,1,1.465,1.0244,293,0
SPY190802P300,2019-07-31,2019-07-31 09:36:46,1.47,1.0279,73,1.46,1.0209,16,1.47,1.0279,1,1.465,1.0244,293,0
SPY190802P300,2019-07-31,2019-07-31 09:36:46,1.47,1.0279,121,1.46,1.0209,15,1.47,1.0279,1,1.465,1.0244,293,0
SPY190802P300,2019-07-31,2019-07-31 09:36:47,1.47,1.0279,126,1.46,1.0209,15,1.47,1.0279,1,1.465,1.0244,293,0
SPY190802P300,2019-07-31,2019-07-31 09:36:48,1.47,1.0279,299,1.46,1.0209,15,1.47,1.0279,1,1.465,1.0244,293,0
SPY190802P300,2019-07-31,2019-07-31 09:36:49,1.47,1.0279,33,1.46,1.0209,15,1.47,1.0279,1,1.465,1.0244,293,0
SPY190802P300,2019-07-31,2019-07-31 09:36:50,1.47,1.0279,58,1.46,1.0209,15,1.47,1.0279,1,1.465,1.0244,293,0
SPY190802P300,2019-07-31,2019-07-31 09:36:50,1.47,1.0279,138,1.46,1.0209,15,1.47,1.0279,1,1.465,1.0244,293,0
SPY190802P300,2019-07-31,2019-07-31 09:36:51,1.47,1.0279,95,1.46,1.0209,15,1.47,1.0279,1,1.465,1.0244,293,0
SPY190802P300,2019-07-31,2019-07-31 09:36:52,1.47,1.0279,27,1.46,1.0209,65,1.47,1.0279,1,1.465,1.0244,293,0
SPY190802P300,2019-07-31,2019-07-31 09:36:52,1.47,1.0279,1,1.46,1.0209,134,1.47,1.0279,1,1.465,1.0244,293,0
SPY190802P300,2019-07-31,2019-07-31 09:36:53,1.47,1.0279,1,1.46,1.0209,661,1.47,1.0279,1,1.465,1.0244,294,1
SPY190802P300,2019-07-31,2019-07-31 09:36:54,1.47,1.0279,31,1.46,1.0209,558,1.47,1.0279,1,1.465,1.0244,294,0
SPY190802P300,2019-07-31,2019-07-31 09:36:55,1.47,1.0279,6,1.46,1.0209,668,1.47,1.0279,1,1.465,1.0244,294,0
SPY190802P300,2019-07-31,2019-07-31 09:36:55,1.47,1.0279,6,1.46,1.0209,558,1.47,1.0279,1,1.465,1.0244,294,0
SPY190802P300,2019-07-31,2019-07-31 09:36:56,1.48,1.0349,26,1.47,1.0279,50,1.47,1.0279,1,1.475,1.0314,294,0
SPY190802P300,2019-07-31,2019-07-31 09:36:57,1.48,1.0349,33,1.47,1.0279,50,1.47,1.0279,1,1.475,1.0314,294,0
SPY190802P300,2019-07-31,2019-07-31 09:36:58,1.48,1.0349,10,1.47,1.0279,70,1.47,1.0279,1,1.475,1.0314,294,0
SPY190802P300,2019-07-31,2019-07-31 09:36:59,1.48,1.0349,33,1.47,1.0279,100,1.47,1.0279,1,1.475,1.0314,294,0
SPY190802P300,2019-07-31,2019-07-31 09:36:59,1.48,1.0349,48,1.47,1.0279,66,1.47,1.0279,1,1.475,1.0314,294,0
SPY190802P300,2019-07-31,2019-07-31 09:37:00,1.48,1.0349,33,1.47,1.0279,50,1.47,1.0279,1,1.475,1.0314,294,0
SPY190802P300,2019-07-31,2019-07-31 09:37:01,1.47,1.0279,27,1.46,1.0209,185,1.47,1.0279,1,1.465,1.0244,294,0
SPY190802P300,2019-07-31,2019-07-31 09:37:02,1.48,1.0349,99,1.47,1.0279,50,1.47,1.0279,1,1.475,1.0314,294,0
SPY190802P300,2019-07-31,2019-07-31 09:37:02,1.47,1.0279,6,1.46,1.0209,642,1.47,1.0279,1,1.465,1.0244,294,0
SPY190802P300,2019-07-31,2019-07-31 09:37:04,1.47,1.0279,34,1.46,1.0209,118,1.47,1.0279,1,1.465,1.0244,294,0
SPY190802P300,2019-07-31,2019-07-31 09:37:04,1.47,1.0279,34,1.46,1.0209,117,1.47,1.0279,1,1.465,1.0244,294,0
SPY190802P300,2019-07-31,2019-07-31 09:37:05,1.47,1.0279,33,1.46,1.0209,273,1.47,1.0279,1,1.465,1.0244,294,0
SPY190802P300,2019-07-31,2019-07-31 09:37:06,1.47,1.0279,7,1.46,1.0209,217,1.47,1.0279,1,1.465,1.0244,294,0
SPY190802P300,2019-07-31,2019-07-31 09:37:07,1.48,1.0349,33,1.46,1.0209,65,1.47,1.0279,1,1.47,1.0279,294,0
SPY190802P300,2019-07-31,2019-07-31 09:37:07,1.48,1.0349,73,1.46,1.0209,880,1.47,1.0279,1,1.47,1.0279,294,0
SPY190802P300,2019-07-31,2019-07-31 09:37:08,1.48,1.0349,73,1.46,1.0209,877,1.47,1.0279,1,1.47,1.0279,294,0
SPY190802P300,2019-07-31,2019-07-31 09:37:09,1.48,1.0349,33,1.46,1.0209,1112,1.47,1.0279,1,1.47,1.0279,294,0
SPY190802P300,2019-07-31,2019-07-31 09:37:09,1.48,1.0349,32,1.47,1.0279,50,1.47,1.0279,1,1.475,1.0314,294,0
SPY190802P300,2019-07-31,2019-07-31 09:37:10,1.48,1.0349,32,1.47,1.0279,50,1.47,1.0279,1,1.475,1.0314,294,0
SPY190802P300,2019-07-31,2019-07-31 09:37:10,1.47,1.0279,7,1.46,1.0209,62,1.47,1.0279,1,1.465,1.0244,294,0
SPY190802P300,2019-07-31,2019-07-31 09:37:11,1.47,1.0279,10,1.46,1.0209,56,1.47,1.0279,1,1.465,1.0244,294,0
SPY190802P300,2019-07-31,2019-07-31 09:37:12,1.47,1.0279,10,1.46,1.0209,85,1.47,1.0279,1,1.465,1.0244,294,0
SPY190802P300,2019-07-31,2019-07-31 09:37:13,1.47,1.0279,33,1.46,1.0209,65,1.47,1.0279,1,1.465,1.0244,294,0
SPY190802P300,2019-07-31,2019-07-31 09:37:14,1.47,1.0279,33,1.46,1.0209,85,1.47,1.0279,1,1.465,1.0244,294,0
SPY190802P300,2019-07-31,2019-07-31 09:37:15,1.47,1.0279,127,1.46,1.0209,85,1.47,1.0279,1,1.465,1.0244,294,0
SPY190802P300,2019-07-31,2019-07-31 09:37:15,1.47,1.0279,33,1.46,1.0209,85,1.47,1.0279,1,1.465,1.0244,294,0
SPY190802P300,2019-07-31,2019-07-31 09:37:16,1.47,1.0279,127,1.46,1.0209,86,1.47,1.0279,1,1.465,1.0244,294,0
SPY190802P300,2019-07-31,2019-07-31 09:37:17,1.47,1.0279,46,1.46,1.0209,868,1.47,1.0279,1,1.465,1.0244,294,0
SPY190802P300,2019-07-31,2019-07-31 09:37:18,1.48,1.0349,170,1.46,1.0209,622,1.47,1.0279,1,1.47,1.0279,294,0
SPY190802P300,2019-07-31,2019-07-31 09:37:18,1.48,1.0349,134,1.47,1.0279,50,1.47,1.0279,1,1.475,1.0314,295,1
SPY190802P300,2019-07-31,2019-07-31 09:37:19,1.48,1.0349,134,1.47,1.0279,86,1.47,1.0279,1,1.475,1.0314,295,0
SPY190802P300,2019-07-31,2019-07-31 09:37:20,1.48,1.0349,134,1.47,1.0279,66,1.47,1.0279,1,1.475,1.0314,295,0
SPY190802P300,2019-07-31,2019-07-31 09:37:21,1.48,1.0349,134,1.47,1.0279,50,1.47,1.0279,1,1.475,1.0314,295,0
SPY190802P300,2019-07-31,2019-07-31 09:37:21,1.48,1.0349,134,1.46,1.0209,571,1.47,1.0279,1,1.47,1.0279,295,0
SPY190802P300,2019-07-31,2019-07-31 09:37:22,1.48,1.0349,147,1.47,1.0279,66,1.47,1.0279,1,1.475,1.0314,295,0
SPY190802P300,2019-07-31,2019-07-31 09:37:22,1.47,1.0279,6,1.47,1.0279,66,1.47,1.0279,1,1.47,1.0279,295,0
SPY190802P300,2019-07-31,2019-07-31 09:37:23,1.48,1.0349,134,1.46,1.0209,758,1.47,1.0279,1,1.47,1.0279,295,0
SPY190802P300,2019-07-31,2019-07-31 09:37:24,1.47,1.0279,10,1.46,1.0209,62,1.47,1.0279,1,1.465,1.0244,295,0
SPY190802P300,2019-07-31,2019-07-31 09:37:24,1.48,1.0349,134,1.47,1.0279,50,1.47,1.0279,1,1.475,1.0314,295,0
SPY190802P300,2019-07-31,2019-07-31 09:37:25,1.47,1.0279,6,1.46,1.0209,498,1.47,1.0279,1,1.465,1.0244,295,0
SPY190802P300,2019-07-31,2019-07-31 09:37:26,1.47,1.0279,7,1.46,1.0209,185,1.47,1.0279,1,1.465,1.0244,295,0
SPY190802P300,2019-07-31,2019-07-31 09:37:26,1.47,1.0279,10,1.46,1.0209,185,1.47,1.0279,1,1.465,1.0244,295,0
SPY190802P300,2019-07-31,2019-07-31 09:37:27,1.48,1.0349,135,1.47,1.0279,66,1.47,1.0279,1,1.475,1.0314,295,0
SPY190802P300,2019-07-31,2019-07-31 09:37:28,1.48,1.0349,135,1.47,1.0279,66,1.47,1.0279,1,1.475,1.0314,295,0
SPY190802P300,2019-07-31,2019-07-31 09:37:29,1.48,1.0349,135,1.47,1.0279,50,1.47,1.0279,1,1.475,1.0314,295,0
SPY190802P300,2019-07-31,2019-07-31 09:37:29,1.48,1.0349,121,1.47,1.0279,50,1.47,1.0279,1,1.475,1.0314,295,0
SPY190802P300,2019-07-31,2019-07-31 09:37:30,1.48,1.0349,6,1.47,1.0279,277,1.47,1.0279,1,1.475,1.0314,295,0
SPY190802P300,2019-07-31,2019-07-31 09:37:30,1.48,1.0349,135,1.47,1.0279,78,1.47,1.0279,1,1.475,1.0314,295,0
SPY190802P300,2019-07-31,2019-07-31 09:37:31,1.48,1.0349,1,1.47,1.0279,835,1.47,1.0279,1,1.475,1.0314,295,0
SPY190802P300,2019-07-31,2019-07-31 09:37:32,1.48,1.0349,1,1.47,1.0279,762,1.47,1.0279,1,1.475,1.0314,295,0
SPY190802P300,2019-07-31,2019-07-31 09:37:32,1.48,1.0349,1,1.47,1.0279,569,1.47,1.0279,1,1.475,1.0314,295,0
SPY190802P300,2019-07-31,2019-07-31 09:37:33,1.48,1.0349,1,1.47,1.0279,215,1.47,1.0279,1,1.475,1.0314,295,0
SPY190802P300,2019-07-31,2019-07-31 09:37:34,1.48,1.0349,78,1.47,1.0279,70,1.47,1.0279,1,1.475,1.0314,295,0
SPY190802P300,2019-07-31,2019-07-31 09:37:35,1.48,1.0349,481,1.46,1.0209,618,1.47,1.0279,1,1.47,1.0279,295,0
SPY190802P300,2019-07-31,2019-07-31 09:37:35,1.48,1.0349,78,1.47,1.0279,55,1.47,1.0279,1,1.475,1.0314,295,0
SPY190802P300,2019-07-31,2019-07-31 09:37:36,1.47,1.0279,71,1.46,1.0209,70,1.47,1.0279,1,1.465,1.0244,295,0
SPY190802P300,2019-07-31,2019-07-31 09:37:37,1.47,1.0279,1,1.46,1.0209,218,1.47,1.0279,1,1.465,1.0244,295,0
SPY190802P300,2019-07-31,2019-07-31 09:37:38,1.48,1.0349,265,1.47,1.0279,16,1.47,1.0279,1,1.475,1.0314,295,0
SPY190802P300,2019-07-31,2019-07-31 09:37:38,1.47,1.0279,1,1.47,1.0279,70,1.47,1.0279,1,1.47,1.0279,295,0
SPY190802P300,2019-07-31,2019-07-31 09:37:39,1.48,1.0349,265,1.46,1.0209,327,1.47,1.0279,1,1.47,1.0279,295,0
SPY190802P300,2019-07-31,2019-07-31 09:37:40,1.47,1.0279,145,1.46,1.0209,226,1.47,1.0279,1,1.465,1.0244,295,0
SPY190802P300,2019-07-31,2019-07-31 09:37:40,1.48,1.0349,369,1.47,1.0279,16,1.47,1.0279,1,1.475,1.0314,295,0
SPY190802P300,2019-07-31,2019-07-31 09:37:41,1.47,1.0279,145,1.46,1.0209,76,1.46,1.0209,3,1.465,1.0244,298,3
SPY190802P300,2019-07-31,2019-07-31 09:37:42,1.47,1.0279,196,1.46,1.0209,70,1.46,1.0209,3,1.465,1.0244,298,0
SPY190802P300,2019-07-31,2019-07-31 09:37:42,1.47,1.0279,145,1.46,1.0209,76,1.46,1.0209,3,1.465,1.0244,298,0
SPY190802P300,2019-07-31,2019-07-31 09:37:43,1.47,1.0279,109,1.46,1.0209,70,1.46,1.0209,3,1.465,1.0244,298,0
SPY190802P300,2019-07-31,2019-07-31 09:37:44,1.47,1.0279,651,1.46,1.0209,15,1.47,1.0279,2,1.465,1.0244,300,2
SPY190802P300,2019-07-31,2019-07-31 09:37:45,1.47,1.0279,651,1.46,1.0209,13,1.46,1.0209,2,1.465,1.0244,302,2
SPY190802P300,2019-07-31,2019-07-31 09:37:45,1.47,1.0279,651,1.46,1.0209,15,1.47,1.0279,2,1.465,1.0244,300,0
SPY190802P300,2019-07-31,2019-07-31 09:37:46,1.47,1.0279,651,1.46,1.0209,13,1.46,1.0209,2,1.465,1.0244,302,0
SPY190802P300,2019-07-31,2019-07-31 09:37:47,1.47,1.0279,416,1.46,1.0209,13,1.46,1.0209,2,1.465,1.0244,302,0
SPY190802P300,2019-07-31,2019-07-31 09:37:47,1.47,1.0279,342,1.46,1.0209,13,1.46,1.0209,2,1.465,1.0244,302,0
SPY190802P300,2019-07-31,2019-07-31 09:37:48,1.47,1.0279,342,1.46,1.0209,13,1.47,1.0279,14,1.465,1.0244,342,40
SPY190802P300,2019-07-31,2019-07-31 09:37:49,1.47,1.0279,642,1.46,1.0209,13,1.46,1.0209,4,1.465,1.0244,346,0
SPY190802P300,2019-07-31,2019-07-31 09:37:49,1.47,1.0279,342,1.46,1.0209,13,1.46,1.0209,4,1.465,1.0244,346,4
SPY190802P300,2019-07-31,2019-07-31 09:37:50,1.47,1.0279,577,1.46,1.0209,13,1.46,1.0209,4,1.465,1.0244,346,0
SPY190802P300,2019-07-31,2019-07-31 09:37:51,1.47,1.0279,642,1.46,1.0209,13,1.46,1.0209,4,1.465,1.0244,346,0
SPY190802P300,2019-07-31,2019-07-31 09:37:51,1.47,1.0279,466,1.46,1.0209,13,1.46,1.0209,4,1.465,1.0244,346,0
SPY190802P300,2019-07-31,2019-07-31 09:37:52,1.47,1.0279,642,1.46,1.0209,13,1.46,1.0209,4,1.465,1.0244,346,0
SPY190802P300,2019-07-31,2019-07-31 09:37:53,1.47,1.0279,642,1.46,1.0209,13,1.46,1.0209,4,1.465,1.0244,346,0
SPY190802P300,2019-07-31,2019-07-31 09:37:54,1.47,1.0279,326,1.46,1.0209,13,1.46,1.0209,4,1.465,1.0244,346,0
SPY190802P300,2019-07-31,2019-07-31 09:37:55,1.47,1.0279,561,1.46,1.0209,13,1.46,1.0209,4,1.465,1.0244,346,0
SPY190802P300,2019-07-31,2019-07-31 09:37:56,1.47,1.0279,561,1.46,1.0209,13,1.46,1.0209,4,1.465,1.0244,346,0
SPY190802P300,2019-07-31,2019-07-31 09:37:57,1.47,1.0279,561,1.46,1.0209,13,1.46,1.0209,4,1.465,1.0244,346,0
SPY190802P300,2019-07-31,2019-07-31 09:37:58,1.47,1.0279,326,1.46,1.0209,16,1.46,1.0209,4,1.465,1.0244,346,0
SPY190802P300,2019-07-31,2019-07-31 09:37:59,1.47,1.0279,431,1.46,1.0209,9,1.46,1.0209,4,1.465,1.0244,346,0
SPY190802P300,2019-07-31,2019-07-31 09:38:00,1.47,1.0279,854,1.46,1.0209,9,1.46,1.0209,4,1.465,1.0244,346,0
SPY190802P300,2019-07-31,2019-07-31 09:38:01,1.47,1.0279,379,1.46,1.0209,9,1.46,1.0209,4,1.465,1.0244,346,0
SPY190802P300,2019-07-31,2019-07-31 09:38:02,1.47,1.0279,568,1.46,1.0209,107,1.46,1.0209,4,1.465,1.0244,346,0
SPY190802P300,2019-07-31,2019-07-31 09:38:03,1.47,1.0279,373,1.46,1.0209,9,1.46,1.0209,4,1.465,1.0244,346,0
SPY190802P300,2019-07-31,2019-07-31 09:38:04,1.47,1.0279,673,1.46,1.0209,9,1.46,1.0209,4,1.465,1.0244,346,0
SPY190802P300,2019-07-31,2019-07-31 09:38:05,1.47,1.0279,850,1.46,1.0209,9,1.46,1.0209,1,1.465,1.0244,347,1
SPY190802P300,2019-07-31,2019-07-31 09:38:06,1.47,1.0279,850,1.46,1.0209,9,1.46,1.0209,1,1.465,1.0244,347,0
SPY190802P300,2019-07-31,2019-07-31 09:38:07,1.47,1.0279,850,1.46,1.0209,8,1.46,1.0209,1,1.465,1.0244,347,0
SPY190802P300,2019-07-31,2019-07-31 09:38:08,1.47,1.0279,590,1.46,1.0209,5,1.46,1.0209,3,1.465,1.0244,350,3
SPY190802P300,2019-07-31,2019-07-31 09:38:09,1.47,1.0279,311,1.46,1.0209,5,1.46,1.0209,3,1.465,1.0244,350,0
SPY190802P300,2019-07-31,2019-07-31 09:38:09,1.47,1.0279,311,1.46,1.0209,5,1.46,1.0209,2,1.465,1.0244,352,2
SPY190802P300,2019-07-31,2019-07-31 09:38:10,1.47,1.0279,311,1.46,1.0209,19,1.46,1.0209,2,1.465,1.0244,352,0
SPY190802P300,2019-07-31,2019-07-31 09:38:10,1.47,1.0279,311,1.46,1.0209,5,1.46,1.0209,2,1.465,1.0244,352,0
SPY190802P300,2019-07-31,2019-07-31 09:38:11,1.47,1.0279,462,1.46,1.0209,5,1.46,1.0209,2,1.465,1.0244,352,0
SPY190802P300,2019-07-31,2019-07-31 09:38:12,1.47,1.0279,462,1.46,1.0209,5,1.46,1.0209,2,1.465,1.0244,352,0
SPY190802P300,2019-07-31,2019-07-31 09:38:13,1.47,1.0279,542,1.46,1.0209,5,1.46,1.0209,2,1.465,1.0244,352,0
SPY190802P300,2019-07-31,2019-07-31 09:38:14,1.47,1.0279,258,1.46,1.0209,6,1.46,1.0209,2,1.465,1.0244,352,0
SPY190802P300,2019-07-31,2019-07-31 09:38:14,1.47,1.0279,254,1.46,1.0209,5,1.46,1.0209,2,1.465,1.0244,352,0
SPY190802P300,2019-07-31,2019-07-31 09:38:15,1.47,1.0279,403,1.46,1.0209,6,1.46,1.0209,2,1.465,1.0244,352,0
SPY190802P300,2019-07-31,2019-07-31 09:38:16,1.47,1.0279,403,1.46,1.0209,6,1.46,1.0209,2,1.465,1.0244,352,0
SPY190802P300,2019-07-31,2019-07-31 09:38:17,1.47,1.0279,262,1.46,1.0209,5,1.46,1.0209,2,1.465,1.0244,352,0
SPY190802P300,2019-07-31,2019-07-31 09:38:17,1.47,1.0279,410,1.46,1.0209,5,1.46,1.0209,2,1.465,1.0244,352,0
SPY190802P300,2019-07-31,2019-07-31 09:38:18,1.47,1.0279,370,1.46,1.0209,16,1.46,1.0209,2,1.465,1.0244,352,0
SPY190802P300,2019-07-31,2019-07-31 09:38:19,1.47,1.0279,211,1.46,1.0209,16,1.46,1.0209,2,1.465,1.0244,352,0
SPY190802P300,2019-07-31,2019-07-31 09:38:19,1.47,1.0279,226,1.46,1.0209,5,1.46,1.0209,2,1.465,1.0244,352,0
SPY190802P300,2019-07-31,2019-07-31 09:38:20,1.47,1.0279,127,1.46,1.0209,5,1.46,1.0209,2,1.465,1.0244,352,0
SPY190802P300,2019-07-31,2019-07-31 09:38:20,1.47,1.0279,281,1.46,1.0209,5,1.46,1.0209,2,1.465,1.0244,352,0
SPY190802P300,2019-07-31,2019-07-31 09:38:21,1.47,1.0279,226,1.46,1.0209,5,1.46,1.0209,2,1.465,1.0244,352,0
SPY190802P300,2019-07-31,2019-07-31 09:38:22,1.47,1.0279,226,1.46,1.0209,80,1.46,1.0209,1,1.465,1.0244,354,2
SPY190802P300,2019-07-31,2019-07-31 09:38:23,1.47,1.0279,398,1.46,1.0209,60,1.46,1.0209,1,1.465,1.0244,354,0
SPY190802P300,2019-07-31,2019-07-31 09:38:24,1.47,1.0279,438,1.46,1.0209,60,1.46,1.0209,1,1.465,1.0244,354,0
SPY190802P300,2019-07-31,2019-07-31 09:38:25,1.47,1.0279,438,1.46,1.0209,66,1.46,1.0209,1,1.465,1.0244,355,1
SPY190802P300,2019-07-31,2019-07-31 09:38:25,1.47,1.0279,438,1.46,1.0209,66,1.46,1.0209,1,1.465,1.0244,354,0
SPY190802P300,2019-07-31,2019-07-31 09:38:26,1.47,1.0279,438,1.46,1.0209,111,1.46,1.0209,1,1.465,1.0244,355,0
SPY190802P300,2019-07-31,2019-07-31 09:38:26,1.47,1.0279,419,1.46,1.0209,86,1.46,1.0209,1,1.465,1.0244,355,0
SPY190802P300,2019-07-31,2019-07-31 09:38:27,1.47,1.0279,419,1.46,1.0209,95,1.46,1.0209,1,1.465,1.0244,355,0
SPY190802P300,2019-07-31,2019-07-31 09:38:28,1.47,1.0279,419,1.46,1.0209,112,1.46,1.0209,1,1.465,1.0244,355,0
SPY190802P300,2019-07-31,2019-07-31 09:38:29,1.47,1.0279,127,1.46,1.0209,86,1.46,1.0209,1,1.465,1.0244,355,0
SPY190802P300,2019-07-31,2019-07-31 09:38:30,1.47,1.0279,127,1.46,1.0209,55,1.46,1.0209,1,1.465,1.0244,355,0
SPY190802P300,2019-07-31,2019-07-31 09:38:31,1.47,1.0279,23,1.46,1.0209,118,1.46,1.0209,1,1.465,1.0244,355,0
SPY190802P300,2019-07-31,2019-07-31 09:38:31,1.47,1.0279,127,1.46,1.0209,66,1.46,1.0209,1,1.465,1.0244,355,0
SPY190802P300,2019-07-31,2019-07-31 09:38:32,1.47,1.0279,19,1.46,1.0209,118,1.46,1.0209,1,1.465,1.0244,355,0
SPY190802P300,2019-07-31,2019-07-31 09:38:33,1.47,1.0279,52,1.46,1.0209,102,1.46,1.0209,1,1.465,1.0244,355,0
SPY190802P300,2019-07-31,2019-07-31 09:38:33,1.47,1.0279,7,1.46,1.0209,118,1.46,1.0209,1,1.465,1.0244,356,1
SPY190802P300,2019-07-31,2019-07-31 09:38:34,1.47,1.0279,7,1.46,1.0209,118,1.46,1.0209,1,1.465,1.0244,356,0
SPY190802P300,2019-07-31,2019-07-31 09:38:35,1.47,1.0279,139,1.46,1.0209,5,1.46,1.0209,1,1.465,1.0244,356,0
SPY190802P300,2019-07-31,2019-07-31 09:38:36,1.47,1.0279,139,1.46,1.0209,16,1.46,1.0209,1,1.465,1.0244,356,0
SPY190802P300,2019-07-31,2019-07-31 09:38:37,1.47,1.0279,139,1.46,1.0209,5,1.46,1.0209,1,1.465,1.0244,356,0
SPY190802P300,2019-07-31,2019-07-31 09:38:38,1.47,1.0279,40,1.46,1.0209,5,1.46,1.0209,1,1.465,1.0244,356,0
SPY190802P300,2019-07-31,2019-07-31 09:38:39,1.47,1.0279,17,1.46,1.0209,114,1.46,1.0209,1,1.465,1.0244,356,0
SPY190802P300,2019-07-31,2019-07-31 09:38:40,1.47,1.0279,17,1.46,1.0209,212,1.46,1.0209,1,1.465,1.0244,356,0
SPY190802P300,2019-07-31,2019-07-31 09:38:40,1.47,1.0279,7,1.46,1.0209,300,1.46,1.0209,1,1.465,1.0244,356,0
SPY190802P300,2019-07-31,2019-07-31 09:38:41,1.47,1.0279,7,1.46,1.0209,342,1.46,1.0209,1,1.465,1.0244,356,0
SPY190802P300,2019-07-31,2019-07-31 09:38:42,1.47,1.0279,7,1.46,1.0209,477,1.46,1.0209,1,1.465,1.0244,356,0
SPY190802P300,2019-07-31,2019-07-31 09:38:43,1.47,1.0279,7,1.46,1.0209,473,1.47,1.0279,1,1.465,1.0244,357,1
SPY190802P300,2019-07-31,2019-07-31 09:38:43,1.47,1.0279,7,1.46,1.0209,231,1.46,1.0209,1,1.465,1.0244,356,0
SPY190802P300,2019-07-31,2019-07-31 09:38:44,1.47,1.0279,7,1.46,1.0209,918,1.46,1.0209,1,1.465,1.0244,358,1
SPY190802P300,2019-07-31,2019-07-31 09:38:45,1.47,1.0279,7,1.46,1.0209,584,1.46,1.0209,1,1.465,1.0244,358,0
SPY190802P300,2019-07-31,2019-07-31 09:38:46,1.47,1.0279,7,1.46,1.0209,941,1.46,1.0209,1,1.465,1.0244,358,0
SPY190802P300,2019-07-31,2019-07-31 09:38:47,1.48,1.0349,72,1.47,1.0279,140,1.47,1.0279,3,1.475,1.0314,361,3
SPY190802P300,2019-07-31,2019-07-31 09:38:48,1.48,1.0349,77,1.46,1.0209,754,1.47,1.0279,3,1.47,1.0279,361,0
SPY190802P300,2019-07-31,2019-07-31 09:38:49,1.48,1.0349,10,1.47,1.0279,110,1.47,1.0279,3,1.475,1.0314,361,0
SPY190802P300,2019-07-31,2019-07-31 09:38:50,1.48,1.0349,7,1.47,1.0279,115,1.47,1.0279,3,1.475,1.0314,361,0
SPY190802P300,2019-07-31,2019-07-31 09:38:50,1.48,1.0349,53,1.47,1.0279,115,1.47,1.0279,3,1.475,1.0314,361,0
SPY190802P300,2019-07-31,2019-07-31 09:38:51,1.48,1.0349,7,1.47,1.0279,115,1.47,1.0279,3,1.475,1.0314,361,0
SPY190802P300,2019-07-31,2019-07-31 09:38:52,1.48,1.0349,6,1.47,1.0279,338,1.47,1.0279,3,1.475,1.0314,361,0
SPY190802P300,2019-07-31,2019-07-31 09:38:52,1.48,1.0349,10,1.47,1.0279,338,1.47,1.0279,3,1.475,1.0314,361,0
SPY190802P300,2019-07-31,2019-07-31 09:38:53,1.49,1.0419,6,1.48,1.0349,50,1.47,1.0279,3,1.485,1.0384,361,0
SPY190802P300,2019-07-31,2019-07-31 09:38:54,1.49,1.0419,6,1.48,1.0349,167,1.47,1.0279,3,1.485,1.0384,361,0
SPY190802P300,2019-07-31,2019-07-31 09:38:55,1.49,1.0419,30,1.48,1.0349,85,1.47,1.0279,3,1.485,1.0384,361,0
SPY190802P300,2019-07-31,2019-07-31 09:38:56,1.49,1.0419,30,1.48,1.0349,316,1.47,1.0279,3,1.485,1.0384,361,0
SPY190802P300,2019-07-31,2019-07-31 09:38:57,1.49,1.0419,10,1.48,1.0349,316,1.47,1.0279,3,1.485,1.0384,361,0
SPY190802P300,2019-07-31,2019-07-31 09:38:57,1.5,1.0489,263,1.48,1.0349,357,1.47,1.0279,3,1.49,1.0419,361,0
SPY190802P300,2019-07-31,2019-07-31 09:38:58,1.5,1.0489,40,1.49,1.0419,339,1.47,1.0279,3,1.495,1.0454,361,0
SPY190802P300,2019-07-31,2019-07-31 09:38:59,1.5,1.0489,46,1.49,1.0419,594,1.47,1.0279,3,1.495,1.0454,361,0
SPY190802P300,2019-07-31,2019-07-31 09:39:00,1.5,1.0489,40,1.49,1.0419,594,1.47,1.0279,3,1.495,1.0454,361,0
SPY190802P300,2019-07-31,2019-07-31 09:39:01,1.5,1.0489,40,1.49,1.0419,503,1.5,1.0489,1,1.495,1.0454,362,1
SPY190802P300,2019-07-31,2019-07-31 09:39:02,1.5,1.0489,40,1.49,1.0419,693,1.5,1.0489,1,1.495,1.0454,362,0
SPY190802P300,2019-07-31,2019-07-31 09:39:02,1.5,1.0489,40,1.49,1.0419,646,1.5,1.0489,1,1.495,1.0454,362,0
SPY190802P300,2019-07-31,2019-07-31 09:39:03,1.5,1.0489,40,1.49,1.0419,582,1.5,1.0489,1,1.495,1.0454,362,0
SPY190802P300,2019-07-31,2019-07-31 09:39:04,1.5,1.0489,40,1.49,1.0419,582,1.5,1.0489,1,1.495,1.0454,362,0
SPY190802P300,2019-07-31,2019-07-31 09:39:05,1.5,1.0489,46,1.49,1.0419,351,1.5,1.0489,1,1.495,1.0454,362,0
SPY190802P300,2019-07-31,2019-07-31 09:39:06,1.5,1.0489,40,1.49,1.0419,392,1.5,1.0489,1,1.495,1.0454,362,0
SPY190802P300,2019-07-31,2019-07-31 09:39:07,1.5,1.0489,40,1.49,1.0419,552,1.5,1.0489,1,1.495,1.0454,362,0
SPY190802P300,2019-07-31,2019-07-31 09:39:08,1.5,1.0489,40,1.49,1.0419,610,1.5,1.0489,1,1.495,1.0454,362,0
SPY190802P300,2019-07-31,2019-07-31 09:39:08,1.5,1.0489,40,1.49,1.0419,622,1.5,1.0489,1,1.495,1.0454,362,0
SPY190802P300,2019-07-31,2019-07-31 09:39:09,1.5,1.0489,40,1.49,1.0419,392,1.5,1.0489,1,1.495,1.0454,362,0
SPY190802P300,2019-07-31,2019-07-31 09:39:10,1.5,1.0489,40,1.49,1.0419,392,1.5,1.0489,1,1.495,1.0454,362,0
SPY190802P300,2019-07-31,2019-07-31 09:39:10,1.5,1.0489,60,1.49,1.0419,392,1.5,1.0489,1,1.495,1.0454,362,0
SPY190802P300,2019-07-31,2019-07-31 09:39:11,1.5,1.0489,60,1.49,1.0419,351,1.5,1.0489,1,1.495,1.0454,362,0
SPY190802P300,2019-07-31,2019-07-31 09:39:12,1.5,1.0489,60,1.49,1.0419,392,1.5,1.0489,1,1.495,1.0454,362,0
SPY190802P300,2019-07-31,2019-07-31 09:39:12,1.5,1.0489,66,1.49,1.0419,392,1.5,1.0489,1,1.495,1.0454,362,0
SPY190802P300,2019-07-31,2019-07-31 09:39:13,1.5,1.0489,66,1.49,1.0419,528,1.5,1.0489,1,1.495,1.0454,362,0
SPY190802P300,2019-07-31,2019-07-31 09:39:13,1.5,1.0489,66,1.49,1.0419,487,1.5,1.0489,1,1.495,1.0454,362,0
SPY190802P300,2019-07-31,2019-07-31 09:39:14,1.5,1.0489,66,1.49,1.0419,434,1.5,1.0489,1,1.495,1.0454,362,0
SPY190802P300,2019-07-31,2019-07-31 09:39:15,1.5,1.0489,330,1.48,1.0349,263,1.5,1.0489,1,1.49,1.0419,362,0
SPY190802P300,2019-07-31,2019-07-31 09:39:15,1.49,1.0419,27,1.49,1.0419,6,1.5,1.0489,1,1.49,1.0419,362,0
SPY190802P300,2019-07-31,2019-07-31 09:39:16,1.49,1.0419,27,1.48,1.0349,190,1.5,1.0489,1,1.485,1.0384,362,0
SPY190802P300,2019-07-31,2019-07-31 09:39:17,1.49,1.0419,49,1.48,1.0349,107,1.5,1.0489,1,1.485,1.0384,362,0
SPY190802P300,2019-07-31,2019-07-31 09:39:17,1.49,1.0419,33,1.48,1.0349,51,1.5,1.0489,1,1.485,1.0384,362,0
SPY190802P300,2019-07-31,2019-07-31 09:39:18,1.48,1.0349,32,1.48,1.0349,51,1.5,1.0489,1,1.48,1.0349,362,0
SPY190802P300,2019-07-31,2019-07-31 09:39:18,1.48,1.0349,31,1.47,1.0279,457,1.5,1.0489,1,1.475,1.0314,362,0
SPY190802P300,2019-07-31,2019-07-31 09:39:19,1.48,1.0349,27,1.48,1.0349,6,1.49,1.0419,4,1.48,1.0349,366,4
SPY190802P300,2019-07-31,2019-07-31 09:39:20,1.48,1.0349,27,1.48,1.0349,6,1.49,1.0419,4,1.48,1.0349,366,0
SPY190802P300,2019-07-31,2019-07-31 09:39:21,1.48,1.0349,27,1.47,1.0279,570,1.49,1.0419,4,1.475,1.0314,366,0
SPY190802P300,2019-07-31,2019-07-31 09:39:21,1.48,1.0349,27,1.47,1.0279,614,1.49,1.0419,4,1.475,1.0314,366,0
SPY190802P300,2019-07-31,2019-07-31 09:39:22,1.49,1.0419,27,1.49,1.0419,6,1.49,1.0419,4,1.49,1.0419,366,0
SPY190802P300,2019-07-31,2019-07-31 09:39:22,1.49,1.0419,27,1.48,1.0349,180,1.49,1.0419,4,1.485,1.0384,366,0
SPY190802P300,2019-07-31,2019-07-31 09:39:23,1.5,1.0489,484,1.49,1.0419,6,1.49,1.0419,4,1.495,1.0454,366,0
SPY190802P300,2019-07-31,2019-07-31 09:39:24,1.5,1.0489,46,1.49,1.0419,6,1.49,1.0419,4,1.495,1.0454,366,0
SPY190802P300,2019-07-31,2019-07-31 09:39:24,1.5,1.0489,64,1.49,1.0419,75,1.49,1.0419,4,1.495,1.0454,366,0
SPY190802P300,2019-07-31,2019-07-31 09:39:25,1.5,1.0489,64,1.49,1.0419,258,1.49,1.0419,4,1.495,1.0454,366,0
SPY190802P300,2019-07-31,2019-07-31 09:39:26,1.5,1.0489,58,1.49,1.0419,418,1.49,1.0419,4,1.495,1.0454,366,0
SPY190802P300,2019-07-31,2019-07-31 09:39:27,1.5,1.0489,58,1.49,1.0419,291,1.49,1.0419,4,1.495,1.0454,366,0
SPY190802P300,2019-07-31,2019-07-31 09:39:27,1.5,1.0489,58,1.49,1.0419,568,1.49,1.0419,4,1.495,1.0454,366,0
SPY190802P300,2019-07-31,2019-07-31 09:39:28,1.5,1.0489,40,1.49,1.0419,403,1.49,1.0419,4,1.495,1.0454,366,0
SPY190802P300,2019-07-31,2019-07-31 09:39:29,1.5,1.0489,59,1.49,1.0419,350,1.49,1.0419,4,1.495,1.0454,366,0
SPY190802P300,2019-07-31,2019-07-31 09:39:30,1.5,1.0489,59,1.49,1.0419,483,1.49,1.0419,4,1.495,1.0454,366,0
SPY190802P300,2019-07-31,2019-07-31 09:39:31,1.5,1.0489,59,1.49,1.0419,520,1.49,1.0419,4,1.495,1.0454,366,0
SPY190802P300,2019-07-31,2019-07-31 09:39:32,1.5,1.0489,46,1.49,1.0419,115,1.49,1.0419,4,1.495,1.0454,366,0
SPY190802P300,2019-07-31,2019-07-31 09:39:33,1.49,1.0419,34,1.49,1.0419,120,1.49,1.0419,4,1.49,1.0419,366,0
SPY190802P300,2019-07-31,2019-07-31 09:39:33,1.5,1.0489,737,1.48,1.0349,780,1.49,1.0419,4,1.49,1.0419,366,0
SPY190802P300,2019-07-31,2019-07-31 09:39:34,1.5,1.0489,737,1.48,1.0349,862,1.5,1.0489,10,1.49,1.0419,376,10
SPY190802P300,2019-07-31,2019-07-31 09:39:35,1.5,1.0489,737,1.48,1.0349,864,1.5,1.0489,10,1.49,1.0419,376,0
SPY190802P300,2019-07-31,2019-07-31 09:39:35,1.5,1.0489,737,1.48,1.0349,959,1.5,1.0489,10,1.49,1.0419,376,0
SPY190802P300,2019-07-31,2019-07-31 09:39:36,1.5,1.0489,737,1.49,1.0419,179,1.5,1.0489,10,1.495,1.0454,376,0
SPY190802P300,2019-07-31,2019-07-31 09:39:37,1.5,1.0489,165,1.49,1.0419,60,1.5,1.0489,10,1.495,1.0454,376,0
SPY190802P300,2019-07-31,2019-07-31 09:39:37,1.5,1.0489,123,1.49,1.0419,130,1.5,1.0489,10,1.495,1.0454,376,0
SPY190802P300,2019-07-31,2019-07-31 09:39:38,1.5,1.0489,60,1.49,1.0419,60,1.5,1.0489,10,1.495,1.0454,376,0
SPY190802P300,2019-07-31,2019-07-31 09:39:38,1.5,1.0489,61,1.49,1.0419,285,1.5,1.0489,10,1.495,1.0454,376,0
SPY190802P300,2019-07-31,2019-07-31 09:39:39,1.5,1.0489,61,1.49,1.0419,551,1.5,1.0489,10,1.495,1.0454,376,0
SPY190802P300,2019-07-31,2019-07-31 09:39:40,1.5,1.0489,40,1.49,1.0419,769,1.5,1.0489,10,1.495,1.0454,376,0
SPY190802P300,2019-07-31,2019-07-31 09:39:41,1.5,1.0489,40,1.49,1.0419,591,1.5,1.0489,10,1.495,1.0454,376,0
SPY190802P300,2019-07-31,2019-07-31 09:39:42,1.5,1.0489,40,1.49,1.0419,373,1.5,1.0489,10,1.495,1.0454,376,0
SPY190802P300,2019-07-31,2019-07-31 09:39:42,1.5,1.0489,40,1.49,1.0419,591,1.5,1.0489,10,1.495,1.0454,376,0
SPY190802P300,2019-07-31,2019-07-31 09:39:43,1.5,1.0489,40,1.49,1.0419,347,1.5,1.0489,10,1.495,1.0454,376,0
SPY190802P300,2019-07-31,2019-07-31 09:39:44,1.5,1.0489,136,1.49,1.0419,1017,1.5,1.0489,10,1.495,1.0454,376,0
SPY190802P300,2019-07-31,2019-07-31 09:39:44,1.5,1.0489,61,1.49,1.0419,347,1.5,1.0489,10,1.495,1.0454,376,0
SPY190802P300,2019-07-31,2019-07-31 09:39:45,1.5,1.0489,40,1.49,1.0419,1181,1.5,1.0489,10,1.495,1.0454,376,0
SPY190802P300,2019-07-31,2019-07-31 09:39:46,1.5,1.0489,40,1.49,1.0419,1181,1.5,1.0489,10,1.495,1.0454,376,0
SPY190802P300,2019-07-31,2019-07-31 09:39:47,1.5,1.0489,67,1.49,1.0419,317,1.5,1.0489,10,1.495,1.0454,376,0
SPY190802P300,2019-07-31,2019-07-31 09:39:47,1.5,1.0489,67,1.49,1.0419,429,1.5,1.0489,10,1.495,1.0454,376,0
SPY190802P300,2019-07-31,2019-07-31 09:39:48,1.5,1.0489,77,1.49,1.0419,213,1.5,1.0489,10,1.495,1.0454,376,0
SPY190802P300,2019-07-31,2019-07-31 09:39:49,1.5,1.0489,46,1.49,1.0419,126,1.5,1.0489,10,1.495,1.0454,376,0
SPY190802P300,2019-07-31,2019-07-31 09:39:49,1.5,1.0489,77,1.49,1.0419,386,1.5,1.0489,10,1.495,1.0454,376,0
SPY190802P300,2019-07-31,2019-07-31 09:39:50,1.5,1.0489,78,1.49,1.0419,273,1.5,1.0489,10,1.495,1.0454,376,0
SPY190802P300,2019-07-31,2019-07-31 09:39:51,1.5,1.0489,93,1.49,1.0419,118,1.5,1.0489,10,1.495,1.0454,386,10
SPY190802P300,2019-07-31,2019-07-31 09:39:52,1.5,1.0489,80,1.49,1.0419,43,1.5,1.0489,10,1.495,1.0454,386,0
SPY190802P300,2019-07-31,2019-07-31 09:39:53,1.5,1.0489,50,1.49,1.0419,205,1.5,1.0489,5,1.495,1.0454,391,5
SPY190802P300,2019-07-31,2019-07-31 09:39:53,1.5,1.0489,66,1.49,1.0419,205,1.5,1.0489,10,1.495,1.0454,386,0
SPY190802P300,2019-07-31,2019-07-31 09:39:54,1.5,1.0489,65,1.49,1.0419,135,1.5,1.0489,5,1.495,1.0454,396,5
SPY190802P300,2019-07-31,2019-07-31 09:39:55,1.5,1.0489,66,1.49,1.0419,155,1.5,1.0489,5,1.495,1.0454,396,0
SPY190802P300,2019-07-31,2019-07-31 09:39:55,1.5,1.0489,82,1.49,1.0419,172,1.5,1.0489,5,1.495,1.0454,396,0
SPY190802P300,2019-07-31,2019-07-31 09:39:56,1.5,1.0489,80,1.49,1.0419,306,1.5,1.0489,5,1.495,1.0454,396,0
SPY190802P300,2019-07-31,2019-07-31 09:39:57,1.5,1.0489,165,1.49,1.0419,15,1.5,1.0489,5,1.495,1.0454,396,0
SPY190802P300,2019-07-31,2019-07-31 09:39:57,1.5,1.0489,297,1.49,1.0419,15,1.5,1.0489,2,1.495,1.0454,411,15
SPY190802P300,2019-07-31,2019-07-31 09:39:58,1.5,1.0489,46,1.49,1.0419,65,1.49,1.0419,10,1.495,1.0454,421,10
SPY190802P300,2019-07-31,2019-07-31 09:39:59,1.5,1.0489,46,1.49,1.0419,200,1.49,1.0419,10,1.495,1.0454,421,0
SPY190802P300,2019-07-31,2019-07-31 09:39:59,1.5,1.0489,506,1.49,1.0419,5,1.49,1.0419,10,1.495,1.0454,421,0
SPY190802P300,2019-07-31,2019-07-31 09:40:00,1.5,1.0489,556,1.49,1.0419,14,1.49,1.0419,10,1.495,1.0454,421,0
SPY190802P300,2019-07-31,2019-07-31 09:40:01,1.5,1.0489,448,1.49,1.0419,11,1.49,1.0419,10,1.495,1.0454,421,0
SPY190802P300,2019-07-31,2019-07-31 09:40:01,1.5,1.0489,556,1.49,1.0419,21,1.49,1.0419,10,1.495,1.0454,421,0
SPY190802P300,2019-07-31,2019-07-31 09:40:02,1.5,1.0489,420,1.49,1.0419,11,1.5,1.0489,1,1.495,1.0454,422,1
SPY190802P300,2019-07-31,2019-07-31 09:40:03,1.49,1.0419,32,1.48,1.0349,482,1.49,1.0419,5,1.485,1.0384,432,10
SPY190802P300,2019-07-31,2019-07-31 09:40:05,1.49,1.0419,33,1.48,1.0349,107,1.49,1.0419,5,1.485,1.0384,432,0
SPY190802P300,2019-07-31,2019-07-31 09:40:05,1.49,1.0419,43,1.48,1.0349,103,1.49,1.0419,5,1.485,1.0384,432,0
SPY190802P300,2019-07-31,2019-07-31 09:40:06,1.49,1.0419,26,1.48,1.0349,191,1.49,1.0419,5,1.485,1.0384,432,0
SPY190802P300,2019-07-31,2019-07-31 09:40:07,1.49,1.0419,48,1.48,1.0349,538,1.49,1.0419,5,1.485,1.0384,432,0
SPY190802P300,2019-07-31,2019-07-31 09:40:07,1.49,1.0419,26,1.48,1.0349,509,1.49,1.0419,5,1.485,1.0384,432,0
SPY190802P300,2019-07-31,2019-07-31 09:40:08,1.49,1.0419,33,1.48,1.0349,478,1.49,1.0419,5,1.485,1.0384,432,0
SPY190802P300,2019-07-31,2019-07-31 09:40:09,1.49,1.0419,45,1.48,1.0349,478,1.49,1.0419,5,1.485,1.0384,432,0
SPY190802P300,2019-07-31,2019-07-31 09:40:09,1.49,1.0419,75,1.47,1.0279,567,1.49,1.0419,5,1.48,1.0349,432,0
SPY190802P300,2019-07-31,2019-07-31 09:40:10,1.49,1.0419,75,1.47,1.0279,567,1.49,1.0419,5,1.48,1.0349,432,0
SPY190802P300,2019-07-31,2019-07-31 09:40:11,1.48,1.0349,40,1.47,1.0279,812,1.49,1.0419,3,1.475,1.0314,435,0
SPY190802P300,2019-07-31,2019-07-31 09:40:11,1.49,1.0419,75,1.47,1.0279,812,1.49,1.0419,3,1.48,1.0349,435,3
SPY190802P300,2019-07-31,2019-07-31 09:40:12,1.49,1.0419,14,1.48,1.0349,360,1.49,1.0419,3,1.485,1.0384,435,0
SPY190802P300,2019-07-31,2019-07-31 09:40:13,1.49,1.0419,27,1.48,1.0349,539,1.49,1.0419,3,1.485,1.0384,435,0
SPY190802P300,2019-07-31,2019-07-31 09:40:13,1.49,1.0419,27,1.48,1.0349,199,1.49,1.0419,3,1.485,1.0384,435,0
SPY190802P300,2019-07-31,2019-07-31 09:40:14,1.49,1.0419,10,1.48,1.0349,92,1.49,1.0419,3,1.485,1.0384,435,0
SPY190802P300,2019-07-31,2019-07-31 09:40:15,1.48,1.0349,6,1.47,1.0279,547,1.49,1.0419,3,1.475,1.0314,435,0
SPY190802P300,2019-07-31,2019-07-31 09:40:15,1.49,1.0419,10,1.48,1.0349,92,1.49,1.0419,3,1.485,1.0384,435,0
SPY190802P300,2019-07-31,2019-07-31 09:40:16,1.48,1.0349,22,1.47,1.0279,547,1.49,1.0419,3,1.475,1.0314,435,0
SPY190802P300,2019-07-31,2019-07-31 09:40:17,1.48,1.0349,27,1.47,1.0279,567,1.49,1.0419,3,1.475,1.0314,435,0
SPY190802P300,2019-07-31,2019-07-31 09:40:17,1.48,1.0349,22,1.47,1.0279,588,1.49,1.0419,3,1.475,1.0314,435,0
SPY190802P300,2019-07-31,2019-07-31 09:40:18,1.48,1.0349,27,1.47,1.0279,636,1.49,1.0419,3,1.475,1.0314,435,0
SPY190802P300,2019-07-31,2019-07-31 09:40:18,1.49,1.0419,27,1.47,1.0279,636,1.49,1.0419,3,1.48,1.0349,435,0
SPY190802P300,2019-07-31,2019-07-31 09:40:19,1.49,1.0419,27,1.48,1.0349,372,1.49,1.0419,3,1.485,1.0384,435,0
SPY190802P300,2019-07-31,2019-07-31 09:40:20,1.49,1.0419,48,1.48,1.0349,187,1.49,1.0419,3,1.485,1.0384,435,0
SPY190802P300,2019-07-31,2019-07-31 09:40:20,1.49,1.0419,32,1.48,1.0349,187,1.49,1.0419,3,1.485,1.0384,435,0
SPY190802P300,2019-07-31,2019-07-31 09:40:21,1.49,1.0419,48,1.48,1.0349,296,1.49,1.0419,3,1.485,1.0384,435,0
SPY190802P300,2019-07-31,2019-07-31 09:40:22,1.5,1.0489,178,1.49,1.0419,117,1.49,1.0419,3,1.495,1.0454,435,0
SPY190802P300,2019-07-31,2019-07-31 09:40:22,1.5,1.0489,476,1.48,1.0349,357,1.49,1.0419,3,1.49,1.0419,435,0
SPY190802P300,2019-07-31,2019-07-31 09:40:23,1.49,1.0419,10,1.48,1.0349,559,1.49,1.0419,3,1.485,1.0384,435,0
SPY190802P300,2019-07-31,2019-07-31 09:40:24,1.49,1.0419,27,1.48,1.0349,559,1.49,1.0419,3,1.485,1.0384,435,0
SPY190802P300,2019-07-31,2019-07-31 09:40:25,1.5,1.0489,237,1.48,1.0349,788,1.49,1.0419,3,1.49,1.0419,435,0
SPY190802P300,2019-07-31,2019-07-31 09:40:26,1.49,1.0419,6,1.48,1.0349,608,1.49,1.0419,3,1.485,1.0384,435,0
SPY190802P300,2019-07-31,2019-07-31 09:40:26,1.49,1.0419,27,1.48,1.0349,608,1.49,1.0419,3,1.485,1.0384,435,0
SPY190802P300,2019-07-31,2019-07-31 09:40:27,1.49,1.0419,32,1.48,1.0349,388,1.49,1.0419,3,1.485,1.0384,435,0
SPY190802P300,2019-07-31,2019-07-31 09:40:27,1.49,1.0419,113,1.48,1.0349,388,1.49,1.0419,3,1.485,1.0384,435,0
SPY190802P300,2019-07-31,2019-07-31 09:40:28,1.49,1.0419,113,1.48,1.0349,357,1.49,1.0419,3,1.485,1.0384,435,0
SPY190802P300,2019-07-31,2019-07-31 09:40:29,1.49,1.0419,113,1.48,1.0349,316,1.49,1.0419,3,1.485,1.0384,435,0
SPY190802P300,2019-07-31,2019-07-31 09:40:30,1.49,1.0419,88,1.48,1.0349,222,1.49,1.0419,3,1.485,1.0384,435,0
SPY190802P300,2019-07-31,2019-07-31 09:40:30,1.49,1.0419,121,1.48,1.0349,187,1.49,1.0419,3,1.485,1.0384,435,0
SPY190802P300,2019-07-31,2019-07-31 09:40:31,1.49,1.0419,10,1.48,1.0349,278,1.49,1.0419,3,1.485,1.0384,435,0
SPY190802P300,2019-07-31,2019-07-31 09:40:32,1.48,1.0349,16,1.47,1.0279,437,1.49,1.0419,3,1.475,1.0314,435,0
SPY190802P300,2019-07-31,2019-07-31 09:40:32,1.48,1.0349,6,1.47,1.0279,580,1.49,1.0419,3,1.475,1.0314,435,0
SPY190802P300,2019-07-31,2019-07-31 09:40:33,1.48,1.0349,22,1.47,1.0279,437,1.49,1.0419,3,1.475,1.0314,435,0
SPY190802P300,2019-07-31,2019-07-31 09:40:34,1.48,1.0349,46,1.47,1.0279,541,1.49,1.0419,3,1.475,1.0314,435,0
SPY190802P300,2019-07-31,2019-07-31 09:40:35,1.48,1.0349,40,1.47,1.0279,912,1.49,1.0419,3,1.475,1.0314,435,0
SPY190802P300,2019-07-31,2019-07-31 09:40:35,1.48,1.0349,46,1.47,1.0279,547,1.49,1.0419,3,1.475,1.0314,435,0
SPY190802P300,2019-07-31,2019-07-31 09:40:36,1.48,1.0349,46,1.47,1.0279,485,1.49,1.0419,3,1.475,1.0314,435,0
SPY190802P300,2019-07-31,2019-07-31 09:40:37,1.48,1.0349,45,1.47,1.0279,485,1.49,1.0419,3,1.475,1.0314,435,0
SPY190802P300,2019-07-31,2019-07-31 09:40:37,1.48,1.0349,22,1.47,1.0279,747,1.49,1.0419,3,1.475,1.0314,435,0
SPY190802P300,2019-07-31,2019-07-31 09:40:38,1.48,1.0349,7,1.47,1.0279,578,1.48,1.0349,4,1.475,1.0314,439,4
SPY190802P300,2019-07-31,2019-07-31 09:40:39,1.48,1.0349,12,1.47,1.0279,544,1.48,1.0349,4,1.475,1.0314,439,0
SPY190802P300,2019-07-31,2019-07-31 09:40:40,1.48,1.0349,12,1.47,1.0279,437,1.48,1.0349,4,1.475,1.0314,439,0
SPY190802P300,2019-07-31,2019-07-31 09:40:41,1.48,1.0349,12,1.47,1.0279,667,1.48,1.0349,4,1.475,1.0314,439,0
SPY190802P300,2019-07-31,2019-07-31 09:40:42,1.48,1.0349,23,1.47,1.0279,585,1.48,1.0349,4,1.475,1.0314,439,0
SPY190802P300,2019-07-31,2019-07-31 09:40:42,1.48,1.0349,10,1.47,1.0279,485,1.48,1.0349,4,1.475,1.0314,439,0
SPY190802P300,2019-07-31,2019-07-31 09:40:43,1.49,1.0419,196,1.47,1.0279,588,1.48,1.0349,4,1.48,1.0349,439,0
SPY190802P300,2019-07-31,2019-07-31 09:40:44,1.49,1.0419,32,1.48,1.0349,139,1.48,1.0349,4,1.485,1.0384,439,0
SPY190802P300,2019-07-31,2019-07-31 09:40:44,1.48,1.0349,22,1.47,1.0279,588,1.48,1.0349,4,1.475,1.0314,439,0
SPY190802P300,2019-07-31,2019-07-31 09:40:45,1.49,1.0419,56,1.48,1.0349,170,1.48,1.0349,4,1.485,1.0384,439,0
SPY190802P300,2019-07-31,2019-07-31 09:40:45,1.49,1.0419,28,1.48,1.0349,170,1.48,1.0349,4,1.485,1.0384,439,0
SPY190802P300,2019-07-31,2019-07-31 09:40:46,1.49,1.0419,49,1.48,1.0349,170,1.48,1.0349,4,1.485,1.0384,439,0
SPY190802P300,2019-07-31,2019-07-31 09:40:47,1.49,1.0419,28,1.48,1.0349,212,1.48,1.0349,4,1.485,1.0384,439,0
SPY190802P300,2019-07-31,2019-07-31 09:40:47,1.49,1.0419,49,1.48,1.0349,170,1.48,1.0349,4,1.485,1.0384,439,0
SPY190802P300,2019-07-31,2019-07-31 09:40:48,1.49,1.0419,28,1.48,1.0349,212,1.48,1.0349,4,1.485,1.0384,439,0
SPY190802P300,2019-07-31,2019-07-31 09:40:49,1.49,1.0419,12,1.48,1.0349,326,1.48,1.0349,4,1.485,1.0384,439,0
SPY190802P300,2019-07-31,2019-07-31 09:40:49,1.49,1.0419,28,1.48,1.0349,326,1.48,1.0349,4,1.485,1.0384,439,0
SPY190802P300,2019-07-31,2019-07-31 09:40:50,1.49,1.0419,28,1.48,1.0349,326,1.48,1.0349,4,1.485,1.0384,439,0
SPY190802P300,2019-07-31,2019-07-31 09:40:51,1.49,1.0419,12,1.48,1.0349,322,1.48,1.0349,4,1.485,1.0384,439,0
SPY190802P300,2019-07-31,2019-07-31 09:40:51,1.49,1.0419,12,1.48,1.0349,326,1.48,1.0349,4,1.485,1.0384,439,0
SPY190802P300,2019-07-31,2019-07-31 09:40:52,1.49,1.0419,12,1.48,1.0349,322,1.48,1.0349,4,1.485,1.0384,439,0
SPY190802P300,2019-07-31,2019-07-31 09:40:53,1.48,1.0349,27,1.47,1.0279,231,1.48,1.0349,4,1.475,1.0314,439,0
