symbol,Date,quote_time,ask_price,norm_ask_price,ask_size,bid_price,norm_bid_price,bid_size,last_trade_price,norm_last_trade_price,last_trade_size,mark_price,norm_mark_price,volume,Volume
SPY190726P301,2019-07-24,2019-07-24 09:30:00,2.17,1.0,10,2.12,0.9769,10,1.52,0.7004,1,2.145,0.9884,0,0
SPY190726P301,2019-07-24,2019-07-24 09:30:12,2.17,1.0,45,2.0,0.9216,10,2.1,0.9677,1,2.085,0.9608,21,21
SPY190726P301,2019-07-24,2019-07-24 09:30:13,2.17,1.0,45,1.98,0.9124,1,2.08,0.9585,1,2.075,0.9562,22,1
SPY190726P301,2019-07-24,2019-07-24 09:30:13,2.2,1.0138,125,1.98,0.9124,1,2.08,0.9585,1,2.09,0.9631,22,0
SPY190726P301,2019-07-24,2019-07-24 09:30:14,2.2,1.0138,125,1.98,0.9124,1,2.08,0.9585,1,2.09,0.9631,22,0
SPY190726P301,2019-07-24,2019-07-24 09:30:14,2.17,1.0,10,2.06,0.9493,10,2.08,0.9585,1,2.115,0.9746,22,0
SPY190726P301,2019-07-24,2019-07-24 09:30:15,2.17,1.0,10,2.06,0.9493,10,2.08,0.9585,1,2.115,0.9746,22,0
SPY190726P301,2019-07-24,2019-07-24 09:30:16,2.12,0.9769,10,2.07,0.9539,10,2.08,0.9585,1,2.095,0.9654,22,0
SPY190726P301,2019-07-24,2019-07-24 09:30:16,2.12,0.9769,1,2.06,0.9493,10,2.08,0.9585,1,2.09,0.9631,22,0
SPY190726P301,2019-07-24,2019-07-24 09:30:17,2.12,0.9769,10,2.06,0.9493,10,2.08,0.9585,1,2.09,0.9631,22,0
SPY190726P301,2019-07-24,2019-07-24 09:30:17,2.11,0.9723,1,2.07,0.9539,1,2.08,0.9585,1,2.09,0.9631,22,0
SPY190726P301,2019-07-24,2019-07-24 09:30:18,2.11,0.9723,1,2.06,0.9493,6,2.08,0.9585,1,2.085,0.9608,22,0
SPY190726P301,2019-07-24,2019-07-24 09:30:19,2.12,0.9769,1,2.07,0.9539,1,2.08,0.9585,1,2.095,0.9654,22,0
SPY190726P301,2019-07-24,2019-07-24 09:30:19,2.12,0.9769,20,2.08,0.9585,1,2.08,0.9585,1,2.1,0.9677,22,0
SPY190726P301,2019-07-24,2019-07-24 09:30:20,2.08,0.9585,57,2.04,0.94,20,2.02,0.9308,1,2.06,0.9493,23,1
SPY190726P301,2019-07-24,2019-07-24 09:30:20,2.09,0.9631,10,2.04,0.94,1,2.08,0.9585,1,2.065,0.9516,22,0
SPY190726P301,2019-07-24,2019-07-24 09:30:21,2.1,0.9677,1,2.06,0.9493,1,2.02,0.9308,1,2.08,0.9585,23,0
SPY190726P301,2019-07-24,2019-07-24 09:30:21,2.12,0.9769,1,1.96,0.9032,1,2.03,0.9354,10,2.04,0.94,33,10
SPY190726P301,2019-07-24,2019-07-24 09:30:22,2.09,0.9631,5,2.02,0.9308,5,2.03,0.9354,10,2.055,0.947,33,0
SPY190726P301,2019-07-24,2019-07-24 09:30:22,2.08,0.9585,65,2.03,0.9354,51,2.03,0.9354,10,2.055,0.947,43,10
SPY190726P301,2019-07-24,2019-07-24 09:30:23,2.07,0.9539,1,1.91,0.8801,230,2.03,0.9354,10,1.99,0.917,43,0
SPY190726P301,2019-07-24,2019-07-24 09:30:24,2.06,0.9493,10,2.02,0.9308,10,2.03,0.9354,10,2.04,0.94,43,0
SPY190726P301,2019-07-24,2019-07-24 09:30:25,2.09,0.9631,70,2.04,0.94,1,2.03,0.9354,10,2.065,0.9516,43,0
SPY190726P301,2019-07-24,2019-07-24 09:30:25,2.07,0.9539,1,2.02,0.9308,10,2.03,0.9354,10,2.045,0.9423,43,0
SPY190726P301,2019-07-24,2019-07-24 09:30:26,2.09,0.9631,1,2.07,0.9539,40,2.03,0.9354,10,2.08,0.9585,43,0
SPY190726P301,2019-07-24,2019-07-24 09:30:26,2.09,0.9631,1,2.07,0.9539,1,2.03,0.9354,10,2.08,0.9585,43,0
SPY190726P301,2019-07-24,2019-07-24 09:30:27,2.08,0.9585,1,2.05,0.9447,101,2.03,0.9354,10,2.065,0.9516,43,0
SPY190726P301,2019-07-24,2019-07-24 09:30:27,2.09,0.9631,2,2.05,0.9447,101,2.03,0.9354,10,2.07,0.9539,43,0
SPY190726P301,2019-07-24,2019-07-24 09:30:28,2.08,0.9585,1,2.06,0.9493,10,2.06,0.9493,1,2.07,0.9539,44,1
SPY190726P301,2019-07-24,2019-07-24 09:30:29,2.08,0.9585,1,2.06,0.9493,10,2.06,0.9493,1,2.07,0.9539,44,0
SPY190726P301,2019-07-24,2019-07-24 09:30:29,2.09,0.9631,2,2.06,0.9493,10,2.06,0.9493,1,2.075,0.9562,44,0
SPY190726P301,2019-07-24,2019-07-24 09:30:30,2.09,0.9631,2,2.05,0.9447,100,2.06,0.9493,1,2.07,0.9539,44,0
SPY190726P301,2019-07-24,2019-07-24 09:30:31,2.12,0.9769,107,2.07,0.9539,100,2.09,0.9631,1,2.095,0.9654,45,1
SPY190726P301,2019-07-24,2019-07-24 09:30:32,2.12,0.9769,170,2.09,0.9631,1,2.09,0.9631,1,2.105,0.97,45,0
SPY190726P301,2019-07-24,2019-07-24 09:30:32,2.11,0.9723,1,2.08,0.9585,10,2.09,0.9631,2,2.095,0.9654,47,2
SPY190726P301,2019-07-24,2019-07-24 09:30:33,2.11,0.9723,2,2.08,0.9585,1,2.09,0.9631,2,2.095,0.9654,47,0
SPY190726P301,2019-07-24,2019-07-24 09:30:33,2.11,0.9723,2,2.08,0.9585,10,2.09,0.9631,2,2.095,0.9654,47,0
SPY190726P301,2019-07-24,2019-07-24 09:30:34,2.11,0.9723,2,2.08,0.9585,1,2.09,0.9631,2,2.095,0.9654,47,0
SPY190726P301,2019-07-24,2019-07-24 09:30:34,2.11,0.9723,3,2.08,0.9585,1,2.09,0.9631,2,2.095,0.9654,47,0
SPY190726P301,2019-07-24,2019-07-24 09:30:35,2.1,0.9677,20,2.06,0.9493,10,2.09,0.9631,2,2.08,0.9585,47,0
SPY190726P301,2019-07-24,2019-07-24 09:30:35,2.1,0.9677,1,2.07,0.9539,38,2.09,0.9631,2,2.085,0.9608,47,0
SPY190726P301,2019-07-24,2019-07-24 09:30:36,2.1,0.9677,73,2.06,0.9493,10,2.09,0.9631,2,2.08,0.9585,47,0
SPY190726P301,2019-07-24,2019-07-24 09:30:37,2.12,0.9769,172,2.08,0.9585,1,2.09,0.9631,2,2.1,0.9677,47,0
SPY190726P301,2019-07-24,2019-07-24 09:30:37,2.11,0.9723,20,2.08,0.9585,1,2.09,0.9631,2,2.095,0.9654,47,0
SPY190726P301,2019-07-24,2019-07-24 09:30:38,2.12,0.9769,1,2.09,0.9631,20,2.09,0.9631,2,2.105,0.97,47,0
SPY190726P301,2019-07-24,2019-07-24 09:30:38,2.12,0.9769,101,2.08,0.9585,1,2.09,0.9631,2,2.1,0.9677,47,0
SPY190726P301,2019-07-24,2019-07-24 09:30:39,2.12,0.9769,1,2.09,0.9631,33,2.09,0.9631,1,2.105,0.97,48,0
SPY190726P301,2019-07-24,2019-07-24 09:30:39,2.12,0.9769,1,2.09,0.9631,263,2.09,0.9631,1,2.105,0.97,48,1
SPY190726P301,2019-07-24,2019-07-24 09:30:40,2.12,0.9769,1,2.09,0.9631,35,2.09,0.9631,1,2.105,0.97,48,0
SPY190726P301,2019-07-24,2019-07-24 09:30:40,2.12,0.9769,1,2.1,0.9677,1,2.09,0.9631,1,2.11,0.9723,48,0
SPY190726P301,2019-07-24,2019-07-24 09:30:41,2.12,0.9769,1,2.1,0.9677,1,2.09,0.9631,1,2.11,0.9723,48,0
SPY190726P301,2019-07-24,2019-07-24 09:30:42,2.14,0.9861,7,2.11,0.9723,1,2.12,0.9769,1,2.125,0.9792,49,1
SPY190726P301,2019-07-24,2019-07-24 09:30:42,2.12,0.9769,1,2.1,0.9677,20,2.09,0.9631,1,2.11,0.9723,48,0
SPY190726P301,2019-07-24,2019-07-24 09:30:43,2.16,0.9953,71,2.12,0.9769,20,2.11,0.9723,3,2.14,0.9861,52,3
SPY190726P301,2019-07-24,2019-07-24 09:30:43,2.16,0.9953,1,2.12,0.9769,20,2.11,0.9723,3,2.14,0.9861,52,0
SPY190726P301,2019-07-24,2019-07-24 09:30:44,2.16,0.9953,1,2.12,0.9769,44,2.11,0.9723,3,2.14,0.9861,52,0
SPY190726P301,2019-07-24,2019-07-24 09:30:44,2.16,0.9953,20,2.12,0.9769,20,2.11,0.9723,3,2.14,0.9861,52,0
SPY190726P301,2019-07-24,2019-07-24 09:30:45,2.16,0.9953,78,2.12,0.9769,20,2.11,0.9723,3,2.14,0.9861,52,0
SPY190726P301,2019-07-24,2019-07-24 09:30:45,2.16,0.9953,78,2.12,0.9769,1,2.11,0.9723,3,2.14,0.9861,52,0
SPY190726P301,2019-07-24,2019-07-24 09:30:46,2.15,0.9907,10,2.11,0.9723,1,2.11,0.9723,3,2.13,0.9815,52,0
SPY190726P301,2019-07-24,2019-07-24 09:30:47,2.15,0.9907,23,2.11,0.9723,20,2.11,0.9723,3,2.13,0.9815,52,0
SPY190726P301,2019-07-24,2019-07-24 09:30:47,2.15,0.9907,10,2.12,0.9769,1,2.11,0.9723,3,2.135,0.9838,52,0
SPY190726P301,2019-07-24,2019-07-24 09:30:48,2.15,0.9907,10,2.11,0.9723,28,2.11,0.9723,3,2.13,0.9815,52,0
SPY190726P301,2019-07-24,2019-07-24 09:30:49,2.14,0.9861,6,2.1,0.9677,1,2.11,0.9723,3,2.12,0.9769,52,0
SPY190726P301,2019-07-24,2019-07-24 09:30:49,2.15,0.9907,7,2.11,0.9723,20,2.11,0.9723,3,2.13,0.9815,52,0
SPY190726P301,2019-07-24,2019-07-24 09:30:50,2.13,0.9815,10,2.08,0.9585,5,2.11,0.9723,3,2.105,0.97,52,0
SPY190726P301,2019-07-24,2019-07-24 09:30:50,2.13,0.9815,10,2.1,0.9677,1,2.11,0.9723,3,2.115,0.9746,52,0
SPY190726P301,2019-07-24,2019-07-24 09:30:52,2.13,0.9815,10,2.1,0.9677,1,2.11,0.9723,3,2.115,0.9746,52,0
SPY190726P301,2019-07-24,2019-07-24 09:30:52,2.13,0.9815,1,2.1,0.9677,1,2.11,0.9723,3,2.115,0.9746,52,0
SPY190726P301,2019-07-24,2019-07-24 09:30:53,2.13,0.9815,1,2.1,0.9677,1,2.11,0.9723,3,2.115,0.9746,52,0
SPY190726P301,2019-07-24,2019-07-24 09:30:54,2.13,0.9815,30,2.1,0.9677,1,2.11,0.9723,3,2.115,0.9746,52,0
SPY190726P301,2019-07-24,2019-07-24 09:30:54,2.13,0.9815,10,2.1,0.9677,2,2.11,0.9723,3,2.115,0.9746,52,0
SPY190726P301,2019-07-24,2019-07-24 09:30:55,2.13,0.9815,29,2.09,0.9631,128,2.11,0.9723,3,2.11,0.9723,52,0
SPY190726P301,2019-07-24,2019-07-24 09:30:56,2.15,0.9907,170,2.1,0.9677,168,2.11,0.9723,3,2.125,0.9792,52,0
SPY190726P301,2019-07-24,2019-07-24 09:30:56,2.13,0.9815,100,2.1,0.9677,1,2.11,0.9723,3,2.115,0.9746,52,0
SPY190726P301,2019-07-24,2019-07-24 09:30:57,2.14,0.9861,1,2.1,0.9677,101,2.11,0.9723,3,2.12,0.9769,52,0
SPY190726P301,2019-07-24,2019-07-24 09:30:57,2.15,0.9907,38,2.11,0.9723,1,2.11,0.9723,3,2.13,0.9815,52,0
SPY190726P301,2019-07-24,2019-07-24 09:30:58,2.16,0.9953,1,2.12,0.9769,101,2.11,0.9723,3,2.14,0.9861,52,0
SPY190726P301,2019-07-24,2019-07-24 09:30:59,2.15,0.9907,10,2.12,0.9769,1,2.11,0.9723,3,2.135,0.9838,52,0
SPY190726P301,2019-07-24,2019-07-24 09:30:59,2.15,0.9907,71,2.1,0.9677,168,2.11,0.9723,3,2.125,0.9792,52,0
SPY190726P301,2019-07-24,2019-07-24 09:31:00,2.14,0.9861,1,2.11,0.9723,1,2.11,0.9723,3,2.125,0.9792,52,0
SPY190726P301,2019-07-24,2019-07-24 09:31:00,2.14,0.9861,1,2.11,0.9723,131,2.11,0.9723,3,2.125,0.9792,52,0
SPY190726P301,2019-07-24,2019-07-24 09:31:01,2.15,0.9907,1,2.12,0.9769,1,2.11,0.9723,3,2.135,0.9838,52,0
SPY190726P301,2019-07-24,2019-07-24 09:31:02,2.16,0.9953,66,2.11,0.9723,6,2.11,0.9723,3,2.135,0.9838,52,0
SPY190726P301,2019-07-24,2019-07-24 09:31:03,2.15,0.9907,43,2.1,0.9677,163,2.12,0.9769,1,2.125,0.9792,54,0
SPY190726P301,2019-07-24,2019-07-24 09:31:03,2.15,0.9907,43,2.11,0.9723,6,2.12,0.9769,1,2.13,0.9815,54,2
SPY190726P301,2019-07-24,2019-07-24 09:31:04,2.13,0.9815,132,2.09,0.9631,35,2.12,0.9769,1,2.11,0.9723,54,0
SPY190726P301,2019-07-24,2019-07-24 09:31:04,2.13,0.9815,100,2.1,0.9677,1,2.12,0.9769,1,2.115,0.9746,54,0
SPY190726P301,2019-07-24,2019-07-24 09:31:05,2.13,0.9815,107,2.09,0.9631,66,2.12,0.9769,1,2.11,0.9723,54,0
SPY190726P301,2019-07-24,2019-07-24 09:31:05,2.13,0.9815,154,2.09,0.9631,1,2.12,0.9769,1,2.11,0.9723,54,0
SPY190726P301,2019-07-24,2019-07-24 09:31:06,2.11,0.9723,101,2.08,0.9585,10,2.12,0.9769,1,2.095,0.9654,54,0
SPY190726P301,2019-07-24,2019-07-24 09:31:06,2.12,0.9769,164,2.08,0.9585,10,2.12,0.9769,1,2.1,0.9677,54,0
SPY190726P301,2019-07-24,2019-07-24 09:31:07,2.11,0.9723,1,2.08,0.9585,1,2.12,0.9769,1,2.095,0.9654,54,0
SPY190726P301,2019-07-24,2019-07-24 09:31:07,2.11,0.9723,107,2.08,0.9585,1,2.12,0.9769,1,2.095,0.9654,54,0
SPY190726P301,2019-07-24,2019-07-24 09:31:08,2.12,0.9769,171,2.08,0.9585,12,2.12,0.9769,1,2.1,0.9677,54,0
SPY190726P301,2019-07-24,2019-07-24 09:31:09,2.12,0.9769,166,2.08,0.9585,20,2.12,0.9769,1,2.1,0.9677,54,0
SPY190726P301,2019-07-24,2019-07-24 09:31:09,2.12,0.9769,152,2.08,0.9585,21,2.12,0.9769,1,2.1,0.9677,54,0
SPY190726P301,2019-07-24,2019-07-24 09:31:10,2.11,0.9723,2,2.08,0.9585,17,2.12,0.9769,1,2.095,0.9654,54,0
SPY190726P301,2019-07-24,2019-07-24 09:31:10,2.12,0.9769,139,2.08,0.9585,65,2.12,0.9769,1,2.1,0.9677,54,0
SPY190726P301,2019-07-24,2019-07-24 09:31:11,2.13,0.9815,111,2.1,0.9677,1,2.12,0.9769,1,2.115,0.9746,54,0
SPY190726P301,2019-07-24,2019-07-24 09:31:11,2.12,0.9769,129,2.09,0.9631,10,2.12,0.9769,1,2.105,0.97,54,0
SPY190726P301,2019-07-24,2019-07-24 09:31:12,2.13,0.9815,1,2.11,0.9723,100,2.12,0.9769,1,2.12,0.9769,54,0
SPY190726P301,2019-07-24,2019-07-24 09:31:12,2.13,0.9815,1,2.1,0.9677,20,2.12,0.9769,1,2.115,0.9746,54,0
SPY190726P301,2019-07-24,2019-07-24 09:31:13,2.13,0.9815,1,2.12,0.9769,1,2.12,0.9769,1,2.125,0.9792,54,0
SPY190726P301,2019-07-24,2019-07-24 09:31:14,2.13,0.9815,101,2.11,0.9723,1,2.1,0.9677,1,2.12,0.9769,55,1
SPY190726P301,2019-07-24,2019-07-24 09:31:14,2.13,0.9815,1,2.12,0.9769,1,2.12,0.9769,1,2.125,0.9792,54,0
SPY190726P301,2019-07-24,2019-07-24 09:31:15,2.12,0.9769,106,2.08,0.9585,10,2.1,0.9677,1,2.1,0.9677,55,0
SPY190726P301,2019-07-24,2019-07-24 09:31:15,2.12,0.9769,2,2.08,0.9585,101,2.1,0.9677,1,2.1,0.9677,55,0
SPY190726P301,2019-07-24,2019-07-24 09:31:16,2.12,0.9769,10,2.09,0.9631,1,2.1,0.9677,1,2.105,0.97,55,0
SPY190726P301,2019-07-24,2019-07-24 09:31:16,2.12,0.9769,107,2.09,0.9631,1,2.11,0.9723,5,2.105,0.97,60,5
SPY190726P301,2019-07-24,2019-07-24 09:31:17,2.12,0.9769,100,2.08,0.9585,68,2.11,0.9723,5,2.1,0.9677,60,0
SPY190726P301,2019-07-24,2019-07-24 09:31:17,2.11,0.9723,136,2.07,0.9539,101,2.11,0.9723,5,2.09,0.9631,60,0
SPY190726P301,2019-07-24,2019-07-24 09:31:18,2.11,0.9723,142,2.07,0.9539,101,2.11,0.9723,5,2.09,0.9631,60,0
SPY190726P301,2019-07-24,2019-07-24 09:31:19,2.1,0.9677,163,2.06,0.9493,45,2.11,0.9723,5,2.08,0.9585,60,0
SPY190726P301,2019-07-24,2019-07-24 09:31:19,2.11,0.9723,129,2.07,0.9539,130,2.11,0.9723,5,2.09,0.9631,60,0
SPY190726P301,2019-07-24,2019-07-24 09:31:20,2.1,0.9677,2,2.07,0.9539,10,2.11,0.9723,5,2.085,0.9608,60,0
SPY190726P301,2019-07-24,2019-07-24 09:31:20,2.11,0.9723,164,2.07,0.9539,10,2.11,0.9723,5,2.09,0.9631,60,0
SPY190726P301,2019-07-24,2019-07-24 09:31:21,2.11,0.9723,126,2.07,0.9539,121,2.11,0.9723,5,2.09,0.9631,60,0
SPY190726P301,2019-07-24,2019-07-24 09:31:21,2.1,0.9677,1,2.06,0.9493,164,2.11,0.9723,5,2.08,0.9585,60,0
SPY190726P301,2019-07-24,2019-07-24 09:31:22,2.1,0.9677,1,2.06,0.9493,164,2.11,0.9723,5,2.08,0.9585,60,0
SPY190726P301,2019-07-24,2019-07-24 09:31:22,2.11,0.9723,138,2.07,0.9539,83,2.11,0.9723,5,2.09,0.9631,60,0
SPY190726P301,2019-07-24,2019-07-24 09:31:23,2.11,0.9723,138,2.07,0.9539,83,2.11,0.9723,5,2.09,0.9631,60,0
SPY190726P301,2019-07-24,2019-07-24 09:31:24,2.11,0.9723,138,2.07,0.9539,83,2.11,0.9723,5,2.09,0.9631,60,0
SPY190726P301,2019-07-24,2019-07-24 09:31:24,2.11,0.9723,138,2.08,0.9585,1,2.11,0.9723,5,2.095,0.9654,60,0
SPY190726P301,2019-07-24,2019-07-24 09:31:25,2.1,0.9677,1,2.08,0.9585,1,2.11,0.9723,5,2.09,0.9631,60,0
SPY190726P301,2019-07-24,2019-07-24 09:31:25,2.1,0.9677,1,2.07,0.9539,66,2.11,0.9723,5,2.085,0.9608,60,0
SPY190726P301,2019-07-24,2019-07-24 09:31:26,2.1,0.9677,1,2.07,0.9539,52,2.11,0.9723,5,2.085,0.9608,60,0
SPY190726P301,2019-07-24,2019-07-24 09:31:26,2.1,0.9677,1,2.07,0.9539,84,2.11,0.9723,5,2.085,0.9608,60,0
SPY190726P301,2019-07-24,2019-07-24 09:31:27,2.1,0.9677,2,2.06,0.9493,184,2.11,0.9723,5,2.08,0.9585,60,0
SPY190726P301,2019-07-24,2019-07-24 09:31:27,2.1,0.9677,56,2.06,0.9493,1,2.11,0.9723,5,2.08,0.9585,60,0
SPY190726P301,2019-07-24,2019-07-24 09:31:28,2.09,0.9631,2,2.06,0.9493,10,2.11,0.9723,5,2.075,0.9562,60,0
SPY190726P301,2019-07-24,2019-07-24 09:31:29,2.1,0.9677,82,2.06,0.9493,1,2.11,0.9723,5,2.08,0.9585,60,0
SPY190726P301,2019-07-24,2019-07-24 09:31:30,2.1,0.9677,80,2.06,0.9493,2,2.11,0.9723,5,2.08,0.9585,60,0
SPY190726P301,2019-07-24,2019-07-24 09:31:31,2.1,0.9677,80,2.06,0.9493,6,2.11,0.9723,5,2.08,0.9585,60,0
SPY190726P301,2019-07-24,2019-07-24 09:31:31,2.1,0.9677,80,2.05,0.9447,169,2.11,0.9723,5,2.075,0.9562,60,0
SPY190726P301,2019-07-24,2019-07-24 09:31:32,2.09,0.9631,2,2.06,0.9493,2,2.11,0.9723,5,2.075,0.9562,60,0
SPY190726P301,2019-07-24,2019-07-24 09:31:32,2.1,0.9677,61,2.06,0.9493,1,2.11,0.9723,5,2.08,0.9585,60,0
SPY190726P301,2019-07-24,2019-07-24 09:31:33,2.09,0.9631,1,2.06,0.9493,10,2.11,0.9723,5,2.075,0.9562,60,0
SPY190726P301,2019-07-24,2019-07-24 09:31:34,2.1,0.9677,81,2.06,0.9493,27,2.11,0.9723,5,2.08,0.9585,60,0
SPY190726P301,2019-07-24,2019-07-24 09:31:34,2.1,0.9677,81,2.06,0.9493,45,2.11,0.9723,5,2.08,0.9585,60,0
SPY190726P301,2019-07-24,2019-07-24 09:31:35,2.09,0.9631,4,2.06,0.9493,1,2.11,0.9723,5,2.075,0.9562,60,0
SPY190726P301,2019-07-24,2019-07-24 09:31:35,2.1,0.9677,81,2.06,0.9493,101,2.11,0.9723,5,2.08,0.9585,60,0
SPY190726P301,2019-07-24,2019-07-24 09:31:36,2.09,0.9631,66,2.05,0.9447,164,2.11,0.9723,5,2.07,0.9539,60,0
SPY190726P301,2019-07-24,2019-07-24 09:31:37,2.07,0.9539,100,2.02,0.9308,105,2.11,0.9723,5,2.045,0.9423,60,0
SPY190726P301,2019-07-24,2019-07-24 09:31:38,2.07,0.9539,10,2.03,0.9354,65,2.11,0.9723,5,2.05,0.9447,60,0
SPY190726P301,2019-07-24,2019-07-24 09:31:38,2.07,0.9539,101,2.03,0.9354,65,2.11,0.9723,5,2.05,0.9447,60,0
SPY190726P301,2019-07-24,2019-07-24 09:31:39,2.07,0.9539,39,2.04,0.94,1,2.11,0.9723,5,2.055,0.947,60,0
SPY190726P301,2019-07-24,2019-07-24 09:31:39,2.07,0.9539,44,2.05,0.9447,100,2.11,0.9723,5,2.06,0.9493,60,0
SPY190726P301,2019-07-24,2019-07-24 09:31:40,2.08,0.9585,1,2.06,0.9493,120,2.08,0.9585,1,2.07,0.9539,61,1
SPY190726P301,2019-07-24,2019-07-24 09:31:41,2.1,0.9677,1,2.07,0.9539,1,2.08,0.9585,1,2.085,0.9608,61,0
SPY190726P301,2019-07-24,2019-07-24 09:31:42,2.1,0.9677,160,2.06,0.9493,10,2.08,0.9585,1,2.08,0.9585,61,0
SPY190726P301,2019-07-24,2019-07-24 09:31:42,2.1,0.9677,1,2.07,0.9539,254,2.07,0.9539,1,2.085,0.9608,62,1
SPY190726P301,2019-07-24,2019-07-24 09:31:43,2.1,0.9677,1,2.07,0.9539,254,2.07,0.9539,1,2.085,0.9608,62,0
SPY190726P301,2019-07-24,2019-07-24 09:31:44,2.13,0.9815,106,2.09,0.9631,101,2.1,0.9677,1,2.11,0.9723,63,0
SPY190726P301,2019-07-24,2019-07-24 09:31:44,2.13,0.9815,2,2.07,0.9539,254,2.1,0.9677,1,2.1,0.9677,63,1
SPY190726P301,2019-07-24,2019-07-24 09:31:45,2.13,0.9815,150,2.09,0.9631,101,2.1,0.9677,1,2.11,0.9723,63,0
SPY190726P301,2019-07-24,2019-07-24 09:31:45,2.13,0.9815,106,2.09,0.9631,134,2.1,0.9677,1,2.11,0.9723,63,0
SPY190726P301,2019-07-24,2019-07-24 09:31:46,2.13,0.9815,59,2.09,0.9631,101,2.1,0.9677,1,2.11,0.9723,63,0
SPY190726P301,2019-07-24,2019-07-24 09:31:47,2.13,0.9815,70,2.09,0.9631,101,2.1,0.9677,1,2.11,0.9723,63,0
SPY190726P301,2019-07-24,2019-07-24 09:31:47,2.13,0.9815,59,2.09,0.9631,101,2.1,0.9677,1,2.11,0.9723,63,0
SPY190726P301,2019-07-24,2019-07-24 09:31:48,2.13,0.9815,45,2.09,0.9631,101,2.1,0.9677,1,2.11,0.9723,63,0
SPY190726P301,2019-07-24,2019-07-24 09:31:48,2.13,0.9815,70,2.09,0.9631,101,2.1,0.9677,1,2.11,0.9723,63,0
SPY190726P301,2019-07-24,2019-07-24 09:31:49,2.13,0.9815,1,2.1,0.9677,157,2.1,0.9677,1,2.115,0.9746,63,0
SPY190726P301,2019-07-24,2019-07-24 09:31:49,2.13,0.9815,45,2.09,0.9631,101,2.1,0.9677,1,2.11,0.9723,63,0
SPY190726P301,2019-07-24,2019-07-24 09:31:50,2.13,0.9815,1,2.1,0.9677,10,2.1,0.9677,1,2.115,0.9746,63,0
SPY190726P301,2019-07-24,2019-07-24 09:31:51,2.13,0.9815,103,2.1,0.9677,1,2.1,0.9677,1,2.115,0.9746,63,0
SPY190726P301,2019-07-24,2019-07-24 09:31:51,2.13,0.9815,141,2.1,0.9677,1,2.1,0.9677,1,2.115,0.9746,63,0
SPY190726P301,2019-07-24,2019-07-24 09:31:52,2.13,0.9815,109,2.1,0.9677,1,2.1,0.9677,1,2.115,0.9746,63,0
SPY190726P301,2019-07-24,2019-07-24 09:31:52,2.13,0.9815,141,2.1,0.9677,1,2.1,0.9677,1,2.115,0.9746,63,0
SPY190726P301,2019-07-24,2019-07-24 09:31:53,2.13,0.9815,109,2.1,0.9677,1,2.1,0.9677,1,2.115,0.9746,63,0
SPY190726P301,2019-07-24,2019-07-24 09:31:53,2.13,0.9815,142,2.1,0.9677,1,2.1,0.9677,1,2.115,0.9746,63,0
SPY190726P301,2019-07-24,2019-07-24 09:31:54,2.13,0.9815,110,2.1,0.9677,1,2.1,0.9677,1,2.115,0.9746,63,0
SPY190726P301,2019-07-24,2019-07-24 09:31:55,2.13,0.9815,110,2.1,0.9677,1,2.1,0.9677,1,2.115,0.9746,63,0
SPY190726P301,2019-07-24,2019-07-24 09:31:56,2.13,0.9815,36,2.1,0.9677,1,2.1,0.9677,1,2.115,0.9746,63,0
SPY190726P301,2019-07-24,2019-07-24 09:31:56,2.13,0.9815,1,2.1,0.9677,1,2.1,0.9677,1,2.115,0.9746,63,0
SPY190726P301,2019-07-24,2019-07-24 09:31:57,2.13,0.9815,1,2.1,0.9677,1,2.1,0.9677,1,2.115,0.9746,63,0
SPY190726P301,2019-07-24,2019-07-24 09:31:57,2.13,0.9815,2,2.09,0.9631,44,2.1,0.9677,1,2.11,0.9723,63,0
SPY190726P301,2019-07-24,2019-07-24 09:31:58,2.13,0.9815,1,2.11,0.9723,100,2.1,0.9677,1,2.12,0.9769,63,0
SPY190726P301,2019-07-24,2019-07-24 09:31:58,2.13,0.9815,1,2.1,0.9677,2,2.1,0.9677,1,2.115,0.9746,63,0
SPY190726P301,2019-07-24,2019-07-24 09:31:59,2.13,0.9815,1,2.12,0.9769,1,2.1,0.9677,1,2.125,0.9792,63,0
SPY190726P301,2019-07-24,2019-07-24 09:31:59,2.13,0.9815,1,2.1,0.9677,100,2.1,0.9677,1,2.115,0.9746,63,0
SPY190726P301,2019-07-24,2019-07-24 09:32:00,2.13,0.9815,1,2.13,0.9815,1,2.13,0.9815,1,2.13,0.9815,64,1
SPY190726P301,2019-07-24,2019-07-24 09:32:01,2.16,0.9953,1,2.13,0.9815,10,2.13,0.9815,1,2.145,0.9884,64,0
SPY190726P301,2019-07-24,2019-07-24 09:32:01,2.16,0.9953,1,2.13,0.9815,20,2.13,0.9815,1,2.145,0.9884,64,0
SPY190726P301,2019-07-24,2019-07-24 09:32:02,2.16,0.9953,1,2.13,0.9815,1,2.13,0.9815,1,2.145,0.9884,64,0
SPY190726P301,2019-07-24,2019-07-24 09:32:02,2.16,0.9953,1,2.13,0.9815,20,2.13,0.9815,1,2.145,0.9884,64,0
SPY190726P301,2019-07-24,2019-07-24 09:32:03,2.14,0.9861,100,2.09,0.9631,101,2.13,0.9815,1,2.115,0.9746,65,0
SPY190726P301,2019-07-24,2019-07-24 09:32:03,2.14,0.9861,100,2.11,0.9723,10,2.13,0.9815,1,2.125,0.9792,65,1
SPY190726P301,2019-07-24,2019-07-24 09:32:04,2.14,0.9861,100,2.1,0.9677,100,2.13,0.9815,1,2.12,0.9769,65,0
SPY190726P301,2019-07-24,2019-07-24 09:32:04,2.14,0.9861,100,2.1,0.9677,101,2.13,0.9815,1,2.12,0.9769,65,0
SPY190726P301,2019-07-24,2019-07-24 09:32:05,2.14,0.9861,101,2.1,0.9677,10,2.13,0.9815,1,2.12,0.9769,65,0
SPY190726P301,2019-07-24,2019-07-24 09:32:06,2.13,0.9815,20,2.09,0.9631,10,2.13,0.9815,1,2.11,0.9723,65,0
SPY190726P301,2019-07-24,2019-07-24 09:32:06,2.14,0.9861,107,2.09,0.9631,120,2.13,0.9815,1,2.115,0.9746,65,0
SPY190726P301,2019-07-24,2019-07-24 09:32:07,2.13,0.9815,20,2.09,0.9631,1,2.13,0.9815,1,2.11,0.9723,65,0
SPY190726P301,2019-07-24,2019-07-24 09:32:07,2.13,0.9815,20,2.09,0.9631,10,2.13,0.9815,1,2.11,0.9723,65,0
SPY190726P301,2019-07-24,2019-07-24 09:32:08,2.13,0.9815,20,2.1,0.9677,10,2.13,0.9815,1,2.115,0.9746,65,0
SPY190726P301,2019-07-24,2019-07-24 09:32:08,2.13,0.9815,20,2.1,0.9677,1,2.13,0.9815,1,2.115,0.9746,65,0
SPY190726P301,2019-07-24,2019-07-24 09:32:09,2.13,0.9815,101,2.09,0.9631,10,2.13,0.9815,1,2.11,0.9723,65,0
SPY190726P301,2019-07-24,2019-07-24 09:32:10,2.13,0.9815,101,2.09,0.9631,10,2.13,0.9815,1,2.11,0.9723,65,0
SPY190726P301,2019-07-24,2019-07-24 09:32:10,2.14,0.9861,107,2.09,0.9631,10,2.13,0.9815,1,2.115,0.9746,65,0
SPY190726P301,2019-07-24,2019-07-24 09:32:11,2.14,0.9861,10,2.09,0.9631,10,2.13,0.9815,1,2.115,0.9746,65,0
SPY190726P301,2019-07-24,2019-07-24 09:32:11,2.14,0.9861,10,2.1,0.9677,12,2.13,0.9815,1,2.12,0.9769,65,0
SPY190726P301,2019-07-24,2019-07-24 09:32:12,2.15,0.9907,30,2.1,0.9677,10,2.13,0.9815,1,2.125,0.9792,65,0
SPY190726P301,2019-07-24,2019-07-24 09:32:12,2.13,0.9815,1,2.09,0.9631,10,2.13,0.9815,1,2.11,0.9723,65,0
SPY190726P301,2019-07-24,2019-07-24 09:32:13,2.14,0.9861,2,2.1,0.9677,10,2.13,0.9815,1,2.12,0.9769,65,0
SPY190726P301,2019-07-24,2019-07-24 09:32:14,2.15,0.9907,4,2.11,0.9723,10,2.13,0.9815,1,2.13,0.9815,65,0
SPY190726P301,2019-07-24,2019-07-24 09:32:14,2.15,0.9907,4,2.12,0.9769,1,2.13,0.9815,1,2.135,0.9838,65,0
SPY190726P301,2019-07-24,2019-07-24 09:32:15,2.15,0.9907,20,2.11,0.9723,10,2.13,0.9815,1,2.13,0.9815,65,0
SPY190726P301,2019-07-24,2019-07-24 09:32:15,2.15,0.9907,1,2.11,0.9723,21,2.13,0.9815,1,2.13,0.9815,65,0
SPY190726P301,2019-07-24,2019-07-24 09:32:16,2.15,0.9907,1,2.12,0.9769,1,2.13,0.9815,1,2.135,0.9838,65,0
SPY190726P301,2019-07-24,2019-07-24 09:32:16,2.15,0.9907,10,2.12,0.9769,1,2.13,0.9815,1,2.135,0.9838,65,0
SPY190726P301,2019-07-24,2019-07-24 09:32:17,2.16,0.9953,1,2.13,0.9815,1,2.13,0.9815,1,2.145,0.9884,65,0
SPY190726P301,2019-07-24,2019-07-24 09:32:17,2.16,0.9953,1,2.13,0.9815,20,2.13,0.9815,1,2.145,0.9884,65,0
SPY190726P301,2019-07-24,2019-07-24 09:32:18,2.16,0.9953,1,2.13,0.9815,20,2.13,0.9815,1,2.145,0.9884,65,0
SPY190726P301,2019-07-24,2019-07-24 09:32:19,2.16,0.9953,1,2.13,0.9815,10,2.13,0.9815,1,2.145,0.9884,65,0
SPY190726P301,2019-07-24,2019-07-24 09:32:19,2.16,0.9953,10,2.12,0.9769,1,2.13,0.9815,1,2.14,0.9861,65,0
SPY190726P301,2019-07-24,2019-07-24 09:32:20,2.16,0.9953,37,2.13,0.9815,1,2.13,0.9815,1,2.145,0.9884,65,0
SPY190726P301,2019-07-24,2019-07-24 09:32:20,2.16,0.9953,39,2.12,0.9769,10,2.13,0.9815,1,2.14,0.9861,65,0
SPY190726P301,2019-07-24,2019-07-24 09:32:21,2.16,0.9953,125,2.11,0.9723,63,2.13,0.9815,1,2.135,0.9838,65,0
SPY190726P301,2019-07-24,2019-07-24 09:32:21,2.16,0.9953,125,2.12,0.9769,7,2.13,0.9815,1,2.14,0.9861,65,0
SPY190726P301,2019-07-24,2019-07-24 09:32:22,2.15,0.9907,74,2.12,0.9769,16,2.13,0.9815,1,2.135,0.9838,65,0
SPY190726P301,2019-07-24,2019-07-24 09:32:23,2.15,0.9907,65,2.12,0.9769,10,2.13,0.9815,1,2.135,0.9838,65,0
SPY190726P301,2019-07-24,2019-07-24 09:32:24,2.15,0.9907,80,2.12,0.9769,10,2.13,0.9815,1,2.135,0.9838,66,0
SPY190726P301,2019-07-24,2019-07-24 09:32:24,2.15,0.9907,27,2.13,0.9815,1,2.13,0.9815,1,2.14,0.9861,66,1
SPY190726P301,2019-07-24,2019-07-24 09:32:25,2.15,0.9907,40,2.12,0.9769,10,2.13,0.9815,1,2.135,0.9838,66,0
SPY190726P301,2019-07-24,2019-07-24 09:32:25,2.15,0.9907,100,2.12,0.9769,10,2.13,0.9815,1,2.135,0.9838,66,0
SPY190726P301,2019-07-24,2019-07-24 09:32:26,2.15,0.9907,50,2.12,0.9769,6,2.13,0.9815,1,2.135,0.9838,66,0
SPY190726P301,2019-07-24,2019-07-24 09:32:27,2.14,0.9861,8,2.11,0.9723,6,2.13,0.9815,1,2.125,0.9792,66,0
SPY190726P301,2019-07-24,2019-07-24 09:32:27,2.15,0.9907,125,2.11,0.9723,10,2.13,0.9815,1,2.13,0.9815,66,0
SPY190726P301,2019-07-24,2019-07-24 09:32:28,2.15,0.9907,100,2.11,0.9723,20,2.13,0.9815,1,2.13,0.9815,66,0
SPY190726P301,2019-07-24,2019-07-24 09:32:28,2.14,0.9861,6,2.11,0.9723,12,2.13,0.9815,1,2.125,0.9792,66,0
SPY190726P301,2019-07-24,2019-07-24 09:32:29,2.14,0.9861,6,2.11,0.9723,20,2.13,0.9815,1,2.125,0.9792,66,0
SPY190726P301,2019-07-24,2019-07-24 09:32:29,2.15,0.9907,75,2.11,0.9723,56,2.13,0.9815,5,2.13,0.9815,76,10
SPY190726P301,2019-07-24,2019-07-24 09:32:30,2.15,0.9907,85,2.11,0.9723,71,2.13,0.9815,5,2.13,0.9815,76,0
SPY190726P301,2019-07-24,2019-07-24 09:32:31,2.15,0.9907,85,2.11,0.9723,10,2.13,0.9815,5,2.13,0.9815,76,0
SPY190726P301,2019-07-24,2019-07-24 09:32:31,2.15,0.9907,85,2.11,0.9723,71,2.13,0.9815,5,2.13,0.9815,76,0
SPY190726P301,2019-07-24,2019-07-24 09:32:32,2.14,0.9861,10,2.1,0.9677,83,2.13,0.9815,5,2.12,0.9769,76,0
SPY190726P301,2019-07-24,2019-07-24 09:32:33,2.15,0.9907,50,2.11,0.9723,13,2.13,0.9815,5,2.13,0.9815,76,0
SPY190726P301,2019-07-24,2019-07-24 09:32:33,2.15,0.9907,66,2.11,0.9723,6,2.13,0.9815,5,2.13,0.9815,76,0
SPY190726P301,2019-07-24,2019-07-24 09:32:34,2.15,0.9907,65,2.11,0.9723,10,2.13,0.9815,5,2.13,0.9815,76,0
SPY190726P301,2019-07-24,2019-07-24 09:32:34,2.14,0.9861,7,2.11,0.9723,11,2.13,0.9815,5,2.125,0.9792,76,0
SPY190726P301,2019-07-24,2019-07-24 09:32:35,2.15,0.9907,65,2.11,0.9723,10,2.13,0.9815,5,2.13,0.9815,76,0
SPY190726P301,2019-07-24,2019-07-24 09:32:35,2.15,0.9907,85,2.11,0.9723,10,2.13,0.9815,5,2.13,0.9815,76,0
SPY190726P301,2019-07-24,2019-07-24 09:32:36,2.15,0.9907,85,2.11,0.9723,10,2.13,0.9815,5,2.13,0.9815,76,0
SPY190726P301,2019-07-24,2019-07-24 09:32:36,2.15,0.9907,85,2.11,0.9723,46,2.13,0.9815,5,2.13,0.9815,76,0
SPY190726P301,2019-07-24,2019-07-24 09:32:37,2.15,0.9907,85,2.11,0.9723,70,2.13,0.9815,5,2.13,0.9815,76,0
SPY190726P301,2019-07-24,2019-07-24 09:32:38,2.16,0.9953,100,2.12,0.9769,9,2.13,0.9815,5,2.14,0.9861,76,0
SPY190726P301,2019-07-24,2019-07-24 09:32:38,2.16,0.9953,100,2.11,0.9723,73,2.13,0.9815,5,2.135,0.9838,76,0
SPY190726P301,2019-07-24,2019-07-24 09:32:39,2.15,0.9907,20,2.11,0.9723,10,2.13,0.9815,5,2.13,0.9815,76,0
SPY190726P301,2019-07-24,2019-07-24 09:32:39,2.14,0.9861,7,2.09,0.9631,32,2.13,0.9815,5,2.115,0.9746,76,0
SPY190726P301,2019-07-24,2019-07-24 09:32:40,2.13,0.9815,110,2.09,0.9631,45,2.13,0.9815,5,2.11,0.9723,76,0
SPY190726P301,2019-07-24,2019-07-24 09:32:41,2.14,0.9861,10,2.11,0.9723,10,2.13,0.9815,5,2.125,0.9792,76,0
SPY190726P301,2019-07-24,2019-07-24 09:32:42,2.15,0.9907,63,2.11,0.9723,57,2.13,0.9815,5,2.13,0.9815,76,0
SPY190726P301,2019-07-24,2019-07-24 09:32:42,2.15,0.9907,126,2.11,0.9723,10,2.13,0.9815,5,2.13,0.9815,76,0
SPY190726P301,2019-07-24,2019-07-24 09:32:43,2.15,0.9907,63,2.11,0.9723,81,2.13,0.9815,5,2.13,0.9815,76,0
SPY190726P301,2019-07-24,2019-07-24 09:32:43,2.15,0.9907,82,2.11,0.9723,81,2.13,0.9815,5,2.13,0.9815,76,0
SPY190726P301,2019-07-24,2019-07-24 09:32:44,2.14,0.9861,135,2.11,0.9723,7,2.13,0.9815,5,2.125,0.9792,76,0
SPY190726P301,2019-07-24,2019-07-24 09:32:44,2.14,0.9861,101,2.11,0.9723,7,2.13,0.9815,5,2.125,0.9792,76,0
SPY190726P301,2019-07-24,2019-07-24 09:32:45,2.15,0.9907,173,2.11,0.9723,11,2.13,0.9815,5,2.13,0.9815,76,0
SPY190726P301,2019-07-24,2019-07-24 09:32:46,2.14,0.9861,7,2.11,0.9723,7,2.13,0.9815,5,2.125,0.9792,76,0
SPY190726P301,2019-07-24,2019-07-24 09:32:46,2.15,0.9907,163,2.11,0.9723,44,2.13,0.9815,5,2.13,0.9815,76,0
SPY190726P301,2019-07-24,2019-07-24 09:32:47,2.15,0.9907,10,2.11,0.9723,108,2.13,0.9815,5,2.13,0.9815,76,0
SPY190726P301,2019-07-24,2019-07-24 09:32:48,2.15,0.9907,26,2.12,0.9769,7,2.13,0.9815,5,2.135,0.9838,76,0
SPY190726P301,2019-07-24,2019-07-24 09:32:48,2.15,0.9907,26,2.11,0.9723,73,2.13,0.9815,5,2.13,0.9815,76,0
SPY190726P301,2019-07-24,2019-07-24 09:32:49,2.15,0.9907,26,2.12,0.9769,7,2.13,0.9815,5,2.135,0.9838,76,0
SPY190726P301,2019-07-24,2019-07-24 09:32:50,2.15,0.9907,46,2.12,0.9769,7,2.13,0.9815,5,2.135,0.9838,76,0
SPY190726P301,2019-07-24,2019-07-24 09:32:50,2.16,0.9953,11,2.13,0.9815,6,2.13,0.9815,5,2.145,0.9884,76,0
SPY190726P301,2019-07-24,2019-07-24 09:32:51,2.16,0.9953,14,2.13,0.9815,19,2.13,0.9815,5,2.145,0.9884,76,0
SPY190726P301,2019-07-24,2019-07-24 09:32:51,2.16,0.9953,20,2.13,0.9815,19,2.13,0.9815,5,2.145,0.9884,76,0
SPY190726P301,2019-07-24,2019-07-24 09:32:52,2.16,0.9953,14,2.13,0.9815,20,2.13,0.9815,5,2.145,0.9884,76,0
SPY190726P301,2019-07-24,2019-07-24 09:32:53,2.16,0.9953,10,2.13,0.9815,46,2.13,0.9815,5,2.145,0.9884,76,0
SPY190726P301,2019-07-24,2019-07-24 09:32:53,2.18,1.0046,3,2.14,0.9861,7,2.16,0.9953,1,2.16,0.9953,83,7
SPY190726P301,2019-07-24,2019-07-24 09:32:54,2.17,1.0,7,2.13,0.9815,7,2.16,0.9953,1,2.15,0.9907,83,0
SPY190726P301,2019-07-24,2019-07-24 09:32:55,2.17,1.0,63,2.13,0.9815,31,2.16,0.9953,1,2.15,0.9907,83,0
SPY190726P301,2019-07-24,2019-07-24 09:32:55,2.17,1.0,104,2.13,0.9815,7,2.16,0.9953,1,2.15,0.9907,83,0
SPY190726P301,2019-07-24,2019-07-24 09:32:56,2.17,1.0,76,2.13,0.9815,49,2.16,0.9953,1,2.15,0.9907,83,0
SPY190726P301,2019-07-24,2019-07-24 09:32:56,2.16,0.9953,10,2.13,0.9815,6,2.16,0.9953,1,2.145,0.9884,83,0
SPY190726P301,2019-07-24,2019-07-24 09:32:57,2.15,0.9907,34,2.12,0.9769,6,2.16,0.9953,1,2.135,0.9838,83,0
SPY190726P301,2019-07-24,2019-07-24 09:32:58,2.15,0.9907,34,2.12,0.9769,6,2.16,0.9953,1,2.135,0.9838,83,0
SPY190726P301,2019-07-24,2019-07-24 09:32:58,2.15,0.9907,118,2.11,0.9723,45,2.16,0.9953,1,2.13,0.9815,83,0
SPY190726P301,2019-07-24,2019-07-24 09:32:59,2.15,0.9907,6,2.11,0.9723,95,2.16,0.9953,1,2.13,0.9815,83,0
SPY190726P301,2019-07-24,2019-07-24 09:32:59,2.16,0.9953,8,2.13,0.9815,6,2.16,0.9953,1,2.145,0.9884,83,0
SPY190726P301,2019-07-24,2019-07-24 09:33:00,2.15,0.9907,6,2.12,0.9769,7,2.16,0.9953,1,2.135,0.9838,83,0
SPY190726P301,2019-07-24,2019-07-24 09:33:00,2.16,0.9953,51,2.13,0.9815,6,2.16,0.9953,1,2.145,0.9884,83,0
SPY190726P301,2019-07-24,2019-07-24 09:33:01,2.15,0.9907,68,2.12,0.9769,4,2.16,0.9953,1,2.135,0.9838,83,0
SPY190726P301,2019-07-24,2019-07-24 09:33:02,2.15,0.9907,120,2.11,0.9723,33,2.16,0.9953,1,2.13,0.9815,83,0
SPY190726P301,2019-07-24,2019-07-24 09:33:02,2.15,0.9907,120,2.11,0.9723,126,2.16,0.9953,1,2.13,0.9815,83,0
SPY190726P301,2019-07-24,2019-07-24 09:33:03,2.14,0.9861,84,2.1,0.9677,10,2.16,0.9953,1,2.12,0.9769,83,0
SPY190726P301,2019-07-24,2019-07-24 09:33:03,2.14,0.9861,84,2.11,0.9723,12,2.16,0.9953,1,2.125,0.9792,83,0
SPY190726P301,2019-07-24,2019-07-24 09:33:04,2.14,0.9861,7,2.11,0.9723,7,2.16,0.9953,1,2.125,0.9792,83,0
SPY190726P301,2019-07-24,2019-07-24 09:33:05,2.14,0.9861,18,2.11,0.9723,10,2.16,0.9953,1,2.125,0.9792,83,0
SPY190726P301,2019-07-24,2019-07-24 09:33:05,2.14,0.9861,18,2.11,0.9723,18,2.16,0.9953,1,2.125,0.9792,83,0
SPY190726P301,2019-07-24,2019-07-24 09:33:06,2.14,0.9861,60,2.1,0.9677,106,2.16,0.9953,1,2.12,0.9769,83,0
SPY190726P301,2019-07-24,2019-07-24 09:33:06,2.14,0.9861,43,2.11,0.9723,7,2.16,0.9953,1,2.125,0.9792,83,0
SPY190726P301,2019-07-24,2019-07-24 09:33:07,2.14,0.9861,11,2.11,0.9723,10,2.16,0.9953,1,2.125,0.9792,83,0
SPY190726P301,2019-07-24,2019-07-24 09:33:07,2.14,0.9861,49,2.11,0.9723,10,2.16,0.9953,1,2.125,0.9792,83,0
SPY190726P301,2019-07-24,2019-07-24 09:33:08,2.14,0.9861,10,2.11,0.9723,10,2.16,0.9953,1,2.125,0.9792,83,0
SPY190726P301,2019-07-24,2019-07-24 09:33:09,2.14,0.9861,66,2.11,0.9723,10,2.16,0.9953,1,2.125,0.9792,83,0
SPY190726P301,2019-07-24,2019-07-24 09:33:10,2.14,0.9861,12,2.11,0.9723,7,2.16,0.9953,1,2.125,0.9792,83,0
SPY190726P301,2019-07-24,2019-07-24 09:33:10,2.14,0.9861,62,2.11,0.9723,7,2.16,0.9953,1,2.125,0.9792,83,0
SPY190726P301,2019-07-24,2019-07-24 09:33:11,2.14,0.9861,10,2.11,0.9723,10,2.16,0.9953,1,2.125,0.9792,83,0
SPY190726P301,2019-07-24,2019-07-24 09:33:12,2.14,0.9861,10,2.11,0.9723,10,2.16,0.9953,1,2.125,0.9792,83,0
SPY190726P301,2019-07-24,2019-07-24 09:33:13,2.14,0.9861,10,2.11,0.9723,10,2.16,0.9953,1,2.125,0.9792,83,0
SPY190726P301,2019-07-24,2019-07-24 09:33:14,2.14,0.9861,10,2.12,0.9769,1,2.12,0.9769,1,2.13,0.9815,84,1
SPY190726P301,2019-07-24,2019-07-24 09:33:14,2.14,0.9861,10,2.11,0.9723,10,2.16,0.9953,1,2.125,0.9792,83,0
SPY190726P301,2019-07-24,2019-07-24 09:33:15,2.14,0.9861,10,2.1,0.9677,175,2.12,0.9769,1,2.12,0.9769,84,0
SPY190726P301,2019-07-24,2019-07-24 09:33:15,2.14,0.9861,11,2.11,0.9723,7,2.12,0.9769,1,2.125,0.9792,84,0
SPY190726P301,2019-07-24,2019-07-24 09:33:16,2.12,0.9769,1,2.11,0.9723,7,2.12,0.9769,1,2.115,0.9746,84,0
SPY190726P301,2019-07-24,2019-07-24 09:33:17,2.13,0.9815,20,2.09,0.9631,47,2.12,0.9769,1,2.11,0.9723,85,0
SPY190726P301,2019-07-24,2019-07-24 09:33:17,2.14,0.9861,9,2.11,0.9723,7,2.12,0.9769,1,2.125,0.9792,85,1
SPY190726P301,2019-07-24,2019-07-24 09:33:18,2.14,0.9861,51,2.1,0.9677,26,2.12,0.9769,1,2.12,0.9769,85,0
SPY190726P301,2019-07-24,2019-07-24 09:33:18,2.13,0.9815,10,2.09,0.9631,47,2.12,0.9769,1,2.11,0.9723,85,0
SPY190726P301,2019-07-24,2019-07-24 09:33:19,2.14,0.9861,151,2.09,0.9631,140,2.12,0.9769,1,2.115,0.9746,85,0
SPY190726P301,2019-07-24,2019-07-24 09:33:20,2.13,0.9815,80,2.1,0.9677,10,2.12,0.9769,1,2.115,0.9746,85,0
SPY190726P301,2019-07-24,2019-07-24 09:33:20,2.13,0.9815,53,2.1,0.9677,13,2.12,0.9769,1,2.115,0.9746,85,0
SPY190726P301,2019-07-24,2019-07-24 09:33:21,2.11,0.9723,10,2.07,0.9539,163,2.12,0.9769,1,2.09,0.9631,85,0
SPY190726P301,2019-07-24,2019-07-24 09:33:21,2.12,0.9769,8,2.08,0.9585,7,2.12,0.9769,1,2.1,0.9677,85,0
SPY190726P301,2019-07-24,2019-07-24 09:33:22,2.11,0.9723,64,2.08,0.9585,10,2.12,0.9769,1,2.095,0.9654,85,0
SPY190726P301,2019-07-24,2019-07-24 09:33:23,2.12,0.9769,105,2.09,0.9631,1,2.12,0.9769,1,2.105,0.97,85,0
SPY190726P301,2019-07-24,2019-07-24 09:33:23,2.12,0.9769,101,2.08,0.9585,163,2.12,0.9769,1,2.1,0.9677,85,0
SPY190726P301,2019-07-24,2019-07-24 09:33:24,2.11,0.9723,8,2.08,0.9585,101,2.12,0.9769,1,2.095,0.9654,85,0
SPY190726P301,2019-07-24,2019-07-24 09:33:24,2.12,0.9769,105,2.09,0.9631,121,2.12,0.9769,1,2.105,0.97,85,0
SPY190726P301,2019-07-24,2019-07-24 09:33:25,2.11,0.9723,63,2.07,0.9539,120,2.12,0.9769,1,2.09,0.9631,85,0
SPY190726P301,2019-07-24,2019-07-24 09:33:25,2.11,0.9723,20,2.08,0.9585,10,2.12,0.9769,1,2.095,0.9654,85,0
SPY190726P301,2019-07-24,2019-07-24 09:33:26,2.11,0.9723,162,2.07,0.9539,10,2.12,0.9769,1,2.09,0.9631,85,0
SPY190726P301,2019-07-24,2019-07-24 09:33:26,2.11,0.9723,163,2.07,0.9539,20,2.12,0.9769,1,2.09,0.9631,85,0
SPY190726P301,2019-07-24,2019-07-24 09:33:27,2.1,0.9677,6,2.07,0.9539,11,2.12,0.9769,1,2.085,0.9608,85,0
SPY190726P301,2019-07-24,2019-07-24 09:33:28,2.09,0.9631,7,2.05,0.9447,168,2.12,0.9769,1,2.07,0.9539,85,0
SPY190726P301,2019-07-24,2019-07-24 09:33:28,2.09,0.9631,54,2.05,0.9447,121,2.12,0.9769,1,2.07,0.9539,85,0
SPY190726P301,2019-07-24,2019-07-24 09:33:29,2.08,0.9585,8,2.05,0.9447,20,2.12,0.9769,1,2.065,0.9516,85,0
SPY190726P301,2019-07-24,2019-07-24 09:33:29,2.09,0.9631,152,2.05,0.9447,20,2.12,0.9769,1,2.07,0.9539,85,0
SPY190726P301,2019-07-24,2019-07-24 09:33:30,2.08,0.9585,8,2.06,0.9493,7,2.12,0.9769,1,2.07,0.9539,85,0
SPY190726P301,2019-07-24,2019-07-24 09:33:31,2.06,0.9493,108,2.03,0.9354,10,2.12,0.9769,1,2.045,0.9423,85,0
SPY190726P301,2019-07-24,2019-07-24 09:33:31,2.07,0.9539,13,2.03,0.9354,7,2.12,0.9769,1,2.05,0.9447,85,0
SPY190726P301,2019-07-24,2019-07-24 09:33:32,2.07,0.9539,169,2.03,0.9354,20,2.12,0.9769,1,2.05,0.9447,85,0
SPY190726P301,2019-07-24,2019-07-24 09:33:32,2.07,0.9539,177,2.03,0.9354,10,2.12,0.9769,1,2.05,0.9447,85,0
SPY190726P301,2019-07-24,2019-07-24 09:33:33,2.07,0.9539,169,2.03,0.9354,10,2.12,0.9769,1,2.05,0.9447,85,0
SPY190726P301,2019-07-24,2019-07-24 09:33:34,2.06,0.9493,100,2.02,0.9308,10,2.12,0.9769,1,2.04,0.94,85,0
SPY190726P301,2019-07-24,2019-07-24 09:33:34,2.06,0.9493,10,2.03,0.9354,10,2.12,0.9769,1,2.045,0.9423,85,0
SPY190726P301,2019-07-24,2019-07-24 09:33:35,2.05,0.9447,164,2.01,0.9262,45,2.12,0.9769,1,2.03,0.9354,85,0
SPY190726P301,2019-07-24,2019-07-24 09:33:36,2.05,0.9447,107,2.01,0.9262,68,2.12,0.9769,1,2.03,0.9354,85,0
SPY190726P301,2019-07-24,2019-07-24 09:33:36,2.05,0.9447,164,2.01,0.9262,68,2.12,0.9769,1,2.03,0.9354,85,0
SPY190726P301,2019-07-24,2019-07-24 09:33:37,2.05,0.9447,176,2.01,0.9262,79,2.12,0.9769,1,2.03,0.9354,85,0
SPY190726P301,2019-07-24,2019-07-24 09:33:37,2.05,0.9447,176,2.01,0.9262,72,2.12,0.9769,1,2.03,0.9354,85,0
SPY190726P301,2019-07-24,2019-07-24 09:33:38,2.04,0.94,10,2.01,0.9262,6,2.12,0.9769,1,2.025,0.9331,85,0
SPY190726P301,2019-07-24,2019-07-24 09:33:38,2.04,0.94,6,2.01,0.9262,7,2.12,0.9769,1,2.025,0.9331,85,0
SPY190726P301,2019-07-24,2019-07-24 09:33:39,2.04,0.94,30,1.99,0.917,164,2.12,0.9769,1,2.015,0.9285,85,0
SPY190726P301,2019-07-24,2019-07-24 09:33:40,2.04,0.94,30,2.0,0.9216,10,2.12,0.9769,1,2.02,0.9308,85,0
SPY190726P301,2019-07-24,2019-07-24 09:33:40,2.04,0.94,30,2.0,0.9216,6,2.12,0.9769,1,2.02,0.9308,85,0
SPY190726P301,2019-07-24,2019-07-24 09:33:41,2.03,0.9354,20,2.0,0.9216,7,2.12,0.9769,1,2.015,0.9285,85,0
SPY190726P301,2019-07-24,2019-07-24 09:33:41,2.04,0.94,30,1.99,0.917,79,2.12,0.9769,1,2.015,0.9285,85,0
SPY190726P301,2019-07-24,2019-07-24 09:33:42,2.03,0.9354,20,1.99,0.917,65,2.12,0.9769,1,2.01,0.9262,85,0
SPY190726P301,2019-07-24,2019-07-24 09:33:42,2.03,0.9354,20,1.99,0.917,81,2.12,0.9769,1,2.01,0.9262,85,0
SPY190726P301,2019-07-24,2019-07-24 09:33:43,2.03,0.9354,79,1.99,0.917,20,2.12,0.9769,1,2.01,0.9262,85,0
SPY190726P301,2019-07-24,2019-07-24 09:33:44,2.02,0.9308,6,1.99,0.917,20,2.12,0.9769,1,2.005,0.9239,85,0
SPY190726P301,2019-07-24,2019-07-24 09:33:45,2.03,0.9354,100,1.99,0.917,52,2.12,0.9769,1,2.01,0.9262,85,0
SPY190726P301,2019-07-24,2019-07-24 09:33:45,2.02,0.9308,10,1.99,0.917,20,2.12,0.9769,1,2.005,0.9239,85,0
SPY190726P301,2019-07-24,2019-07-24 09:33:46,2.03,0.9354,99,2.0,0.9216,10,2.12,0.9769,1,2.015,0.9285,85,0
SPY190726P301,2019-07-24,2019-07-24 09:33:46,2.03,0.9354,61,2.0,0.9216,10,2.12,0.9769,1,2.015,0.9285,85,0
SPY190726P301,2019-07-24,2019-07-24 09:33:47,2.02,0.9308,8,1.99,0.917,10,2.12,0.9769,1,2.005,0.9239,85,0
SPY190726P301,2019-07-24,2019-07-24 09:33:48,2.02,0.9308,12,1.99,0.917,11,2.12,0.9769,1,2.005,0.9239,85,0
SPY190726P301,2019-07-24,2019-07-24 09:33:48,2.01,0.9262,147,1.98,0.9124,6,2.12,0.9769,1,1.995,0.9193,85,0
SPY190726P301,2019-07-24,2019-07-24 09:33:49,2.01,0.9262,171,1.97,0.9078,10,2.12,0.9769,1,1.99,0.917,85,0
SPY190726P301,2019-07-24,2019-07-24 09:33:49,2.01,0.9262,101,1.97,0.9078,74,2.12,0.9769,1,1.99,0.917,85,0
SPY190726P301,2019-07-24,2019-07-24 09:33:50,1.99,0.917,20,1.95,0.8986,63,2.12,0.9769,1,1.97,0.9078,85,0
SPY190726P301,2019-07-24,2019-07-24 09:33:50,1.99,0.917,73,1.95,0.8986,83,2.12,0.9769,1,1.97,0.9078,85,0
SPY190726P301,2019-07-24,2019-07-24 09:33:51,1.99,0.917,86,1.95,0.8986,21,2.12,0.9769,1,1.97,0.9078,85,0
SPY190726P301,2019-07-24,2019-07-24 09:33:51,1.99,0.917,80,1.95,0.8986,20,2.12,0.9769,1,1.97,0.9078,85,0
SPY190726P301,2019-07-24,2019-07-24 09:33:52,1.99,0.917,85,1.95,0.8986,60,2.12,0.9769,1,1.97,0.9078,85,0
SPY190726P301,2019-07-24,2019-07-24 09:33:53,1.99,0.917,76,1.95,0.8986,83,2.12,0.9769,1,1.97,0.9078,85,0
SPY190726P301,2019-07-24,2019-07-24 09:33:53,1.99,0.917,99,1.95,0.8986,83,2.12,0.9769,1,1.97,0.9078,85,0
SPY190726P301,2019-07-24,2019-07-24 09:33:54,2.0,0.9216,6,1.96,0.9032,10,2.12,0.9769,1,1.98,0.9124,85,0
SPY190726P301,2019-07-24,2019-07-24 09:33:54,1.99,0.917,99,1.95,0.8986,83,2.12,0.9769,1,1.97,0.9078,85,0
SPY190726P301,2019-07-24,2019-07-24 09:33:55,1.99,0.917,59,1.95,0.8986,65,2.12,0.9769,1,1.97,0.9078,85,0
SPY190726P301,2019-07-24,2019-07-24 09:33:55,1.98,0.9124,6,1.95,0.8986,65,2.12,0.9769,1,1.965,0.9055,85,0
SPY190726P301,2019-07-24,2019-07-24 09:33:56,1.99,0.917,165,1.95,0.8986,41,1.97,0.9078,1,1.97,0.9078,86,1
SPY190726P301,2019-07-24,2019-07-24 09:33:57,1.99,0.917,170,1.95,0.8986,90,1.97,0.9078,1,1.97,0.9078,86,0
SPY190726P301,2019-07-24,2019-07-24 09:33:57,1.99,0.917,165,1.95,0.8986,41,1.97,0.9078,1,1.97,0.9078,86,0
SPY190726P301,2019-07-24,2019-07-24 09:33:58,1.98,0.9124,172,1.95,0.8986,90,1.97,0.9078,1,1.965,0.9055,86,0
SPY190726P301,2019-07-24,2019-07-24 09:33:58,1.99,0.917,165,1.95,0.8986,90,1.97,0.9078,1,1.97,0.9078,86,0
SPY190726P301,2019-07-24,2019-07-24 09:33:59,1.98,0.9124,10,1.95,0.8986,90,1.97,0.9078,1,1.965,0.9055,86,0
SPY190726P301,2019-07-24,2019-07-24 09:34:00,1.98,0.9124,20,1.95,0.8986,90,1.96,0.9032,5,1.965,0.9055,91,5
SPY190726P301,2019-07-24,2019-07-24 09:34:00,1.98,0.9124,16,1.95,0.8986,90,1.97,0.9078,1,1.965,0.9055,86,0
SPY190726P301,2019-07-24,2019-07-24 09:34:01,1.98,0.9124,6,1.95,0.8986,135,1.96,0.9032,5,1.965,0.9055,91,0
SPY190726P301,2019-07-24,2019-07-24 09:34:01,1.98,0.9124,10,1.95,0.8986,90,1.96,0.9032,5,1.965,0.9055,91,0
SPY190726P301,2019-07-24,2019-07-24 09:34:02,1.97,0.9078,10,1.95,0.8986,90,1.96,0.9032,5,1.96,0.9032,91,0
SPY190726P301,2019-07-24,2019-07-24 09:34:03,1.97,0.9078,10,1.95,0.8986,90,1.96,0.9032,5,1.96,0.9032,91,0
SPY190726P301,2019-07-24,2019-07-24 09:34:03,1.96,0.9032,7,1.95,0.8986,90,1.96,0.9032,5,1.955,0.9009,91,0
SPY190726P301,2019-07-24,2019-07-24 09:34:04,1.96,0.9032,7,1.92,0.8847,6,1.95,0.8986,5,1.94,0.894,181,90
SPY190726P301,2019-07-24,2019-07-24 09:34:05,1.95,0.8986,20,1.91,0.8801,15,1.95,0.8986,5,1.93,0.8894,181,0
SPY190726P301,2019-07-24,2019-07-24 09:34:05,1.96,0.9032,7,1.91,0.8801,7,1.95,0.8986,5,1.935,0.8917,181,0
SPY190726P301,2019-07-24,2019-07-24 09:34:06,1.96,0.9032,8,1.91,0.8801,105,1.95,0.8986,5,1.935,0.8917,181,0
SPY190726P301,2019-07-24,2019-07-24 09:34:06,1.97,0.9078,21,1.93,0.8894,10,1.95,0.8986,5,1.95,0.8986,181,0
SPY190726P301,2019-07-24,2019-07-24 09:34:07,1.95,0.8986,100,1.91,0.8801,120,1.95,0.8986,5,1.93,0.8894,181,0
SPY190726P301,2019-07-24,2019-07-24 09:34:07,1.95,0.8986,100,1.92,0.8847,7,1.95,0.8986,5,1.935,0.8917,181,0
SPY190726P301,2019-07-24,2019-07-24 09:34:08,1.95,0.8986,101,1.91,0.8801,20,1.95,0.8986,5,1.93,0.8894,181,0
SPY190726P301,2019-07-24,2019-07-24 09:34:09,1.95,0.8986,97,1.89,0.8709,10,1.95,0.8986,5,1.92,0.8847,181,0
SPY190726P301,2019-07-24,2019-07-24 09:34:09,1.93,0.8894,20,1.9,0.8755,6,1.95,0.8986,5,1.915,0.8824,181,0
SPY190726P301,2019-07-24,2019-07-24 09:34:10,1.95,0.8986,107,1.9,0.8755,15,1.95,0.8986,5,1.925,0.887,181,0
SPY190726P301,2019-07-24,2019-07-24 09:34:10,1.93,0.8894,10,1.9,0.8755,15,1.95,0.8986,5,1.915,0.8824,181,0
SPY190726P301,2019-07-24,2019-07-24 09:34:11,1.95,0.8986,101,1.91,0.8801,101,1.95,0.8986,5,1.93,0.8894,181,0
SPY190726P301,2019-07-24,2019-07-24 09:34:11,1.95,0.8986,101,1.91,0.8801,100,1.95,0.8986,5,1.93,0.8894,181,0
SPY190726P301,2019-07-24,2019-07-24 09:34:12,1.95,0.8986,101,1.91,0.8801,20,1.95,0.8986,5,1.93,0.8894,181,0
SPY190726P301,2019-07-24,2019-07-24 09:34:13,1.95,0.8986,100,1.91,0.8801,20,1.95,0.8986,5,1.93,0.8894,181,0
SPY190726P301,2019-07-24,2019-07-24 09:34:13,1.93,0.8894,1,1.9,0.8755,1,1.95,0.8986,5,1.915,0.8824,181,0
SPY190726P301,2019-07-24,2019-07-24 09:34:14,1.95,0.8986,101,1.91,0.8801,20,1.95,0.8986,5,1.93,0.8894,181,0
SPY190726P301,2019-07-24,2019-07-24 09:34:14,1.93,0.8894,1,1.91,0.8801,1,1.95,0.8986,5,1.92,0.8847,181,0
SPY190726P301,2019-07-24,2019-07-24 09:34:15,1.94,0.894,4,1.91,0.8801,10,1.95,0.8986,5,1.925,0.887,181,0
SPY190726P301,2019-07-24,2019-07-24 09:34:16,1.95,0.8986,101,1.92,0.8847,1,1.95,0.8986,5,1.935,0.8917,181,0
SPY190726P301,2019-07-24,2019-07-24 09:34:16,1.94,0.894,1,1.91,0.8801,20,1.95,0.8986,5,1.925,0.887,181,0
SPY190726P301,2019-07-24,2019-07-24 09:34:17,1.95,0.8986,10,1.91,0.8801,109,1.95,0.8986,5,1.93,0.8894,181,0
SPY190726P301,2019-07-24,2019-07-24 09:34:17,1.95,0.8986,113,1.91,0.8801,10,1.95,0.8986,5,1.93,0.8894,181,0
SPY190726P301,2019-07-24,2019-07-24 09:34:18,1.95,0.8986,113,1.92,0.8847,16,1.95,0.8986,5,1.935,0.8917,181,0
SPY190726P301,2019-07-24,2019-07-24 09:34:19,1.95,0.8986,106,1.92,0.8847,16,1.95,0.8986,5,1.935,0.8917,181,0
SPY190726P301,2019-07-24,2019-07-24 09:34:19,1.95,0.8986,113,1.92,0.8847,16,1.95,0.8986,5,1.935,0.8917,181,0
SPY190726P301,2019-07-24,2019-07-24 09:34:20,1.95,0.8986,42,1.92,0.8847,17,1.95,0.8986,5,1.935,0.8917,181,0
SPY190726P301,2019-07-24,2019-07-24 09:34:20,1.95,0.8986,174,1.92,0.8847,16,1.95,0.8986,5,1.935,0.8917,181,0
SPY190726P301,2019-07-24,2019-07-24 09:34:21,1.96,0.9032,65,1.92,0.8847,16,1.95,0.8986,5,1.94,0.894,181,0
SPY190726P301,2019-07-24,2019-07-24 09:34:21,1.96,0.9032,57,1.93,0.8894,16,1.95,0.8986,5,1.945,0.8963,181,0
SPY190726P301,2019-07-24,2019-07-24 09:34:22,1.95,0.8986,7,1.92,0.8847,17,1.95,0.8986,5,1.935,0.8917,181,0
SPY190726P301,2019-07-24,2019-07-24 09:34:22,1.95,0.8986,10,1.92,0.8847,17,1.95,0.8986,5,1.935,0.8917,181,0
SPY190726P301,2019-07-24,2019-07-24 09:34:23,1.96,0.9032,10,1.94,0.894,7,1.95,0.8986,5,1.95,0.8986,181,0
SPY190726P301,2019-07-24,2019-07-24 09:34:24,1.97,0.9078,121,1.94,0.894,11,1.95,0.8986,5,1.955,0.9009,181,0
SPY190726P301,2019-07-24,2019-07-24 09:34:24,1.97,0.9078,15,1.95,0.8986,1,1.95,0.8986,1,1.96,0.9032,182,1
SPY190726P301,2019-07-24,2019-07-24 09:34:25,1.98,0.9124,11,1.94,0.894,10,1.95,0.8986,1,1.96,0.9032,182,0
SPY190726P301,2019-07-24,2019-07-24 09:34:25,1.98,0.9124,103,1.95,0.8986,7,1.95,0.8986,1,1.965,0.9055,182,0
SPY190726P301,2019-07-24,2019-07-24 09:34:26,1.98,0.9124,11,1.94,0.894,1,1.95,0.8986,1,1.96,0.9032,182,0
SPY190726P301,2019-07-24,2019-07-24 09:34:27,1.96,0.9032,1,1.93,0.8894,65,1.95,0.8986,1,1.945,0.8963,182,0
SPY190726P301,2019-07-24,2019-07-24 09:34:27,1.97,0.9078,10,1.93,0.8894,165,1.95,0.8986,1,1.95,0.8986,182,0
SPY190726P301,2019-07-24,2019-07-24 09:34:28,1.97,0.9078,66,1.94,0.894,6,1.95,0.8986,1,1.955,0.9009,182,0
SPY190726P301,2019-07-24,2019-07-24 09:34:28,1.97,0.9078,76,1.94,0.894,7,1.95,0.8986,1,1.955,0.9009,182,0
SPY190726P301,2019-07-24,2019-07-24 09:34:29,1.97,0.9078,76,1.94,0.894,7,1.95,0.8986,1,1.955,0.9009,182,0
SPY190726P301,2019-07-24,2019-07-24 09:34:30,1.97,0.9078,76,1.93,0.8894,75,1.95,0.8986,1,1.95,0.8986,182,0
SPY190726P301,2019-07-24,2019-07-24 09:34:30,1.96,0.9032,10,1.93,0.8894,75,1.95,0.8986,1,1.945,0.8963,182,0
SPY190726P301,2019-07-24,2019-07-24 09:34:31,1.95,0.8986,8,1.91,0.8801,165,1.95,0.8986,1,1.93,0.8894,182,0
SPY190726P301,2019-07-24,2019-07-24 09:34:32,1.95,0.8986,79,1.91,0.8801,185,1.95,0.8986,1,1.93,0.8894,182,0
SPY190726P301,2019-07-24,2019-07-24 09:34:32,1.95,0.8986,89,1.91,0.8801,185,1.95,0.8986,1,1.93,0.8894,182,0
SPY190726P301,2019-07-24,2019-07-24 09:34:33,1.95,0.8986,8,1.92,0.8847,7,1.95,0.8986,1,1.935,0.8917,182,0
SPY190726P301,2019-07-24,2019-07-24 09:34:33,1.95,0.8986,89,1.91,0.8801,190,1.95,0.8986,1,1.93,0.8894,182,0
SPY190726P301,2019-07-24,2019-07-24 09:34:34,1.95,0.8986,95,1.92,0.8847,7,1.95,0.8986,1,1.935,0.8917,182,0
SPY190726P301,2019-07-24,2019-07-24 09:34:35,1.95,0.8986,166,1.91,0.8801,75,1.95,0.8986,1,1.93,0.8894,182,0
SPY190726P301,2019-07-24,2019-07-24 09:34:35,1.95,0.8986,97,1.92,0.8847,7,1.95,0.8986,1,1.935,0.8917,182,0
SPY190726P301,2019-07-24,2019-07-24 09:34:36,1.95,0.8986,216,1.91,0.8801,95,1.95,0.8986,1,1.93,0.8894,182,0
SPY190726P301,2019-07-24,2019-07-24 09:34:36,1.95,0.8986,204,1.91,0.8801,95,1.95,0.8986,1,1.93,0.8894,182,0
SPY190726P301,2019-07-24,2019-07-24 09:34:37,1.95,0.8986,36,1.92,0.8847,7,1.95,0.8986,1,1.935,0.8917,182,0
SPY190726P301,2019-07-24,2019-07-24 09:34:38,1.95,0.8986,55,1.91,0.8801,65,1.95,0.8986,10,1.93,0.8894,192,10
SPY190726P301,2019-07-24,2019-07-24 09:34:38,1.95,0.8986,55,1.91,0.8801,65,1.95,0.8986,10,1.93,0.8894,192,0
SPY190726P301,2019-07-24,2019-07-24 09:34:39,1.95,0.8986,168,1.92,0.8847,7,1.95,0.8986,10,1.935,0.8917,192,0
SPY190726P301,2019-07-24,2019-07-24 09:34:39,1.95,0.8986,109,1.92,0.8847,7,1.95,0.8986,10,1.935,0.8917,192,0
SPY190726P301,2019-07-24,2019-07-24 09:34:40,1.95,0.8986,148,1.92,0.8847,7,1.95,0.8986,10,1.935,0.8917,192,0
SPY190726P301,2019-07-24,2019-07-24 09:34:40,1.96,0.9032,152,1.94,0.894,2,1.95,0.8986,10,1.95,0.8986,192,0
SPY190726P301,2019-07-24,2019-07-24 09:34:41,1.96,0.9032,70,1.94,0.894,2,1.95,0.8986,10,1.95,0.8986,192,0
SPY190726P301,2019-07-24,2019-07-24 09:34:42,1.95,0.8986,12,1.92,0.8847,7,1.94,0.894,2,1.935,0.8917,194,0
SPY190726P301,2019-07-24,2019-07-24 09:34:42,1.96,0.9032,63,1.94,0.894,2,1.95,0.8986,10,1.95,0.8986,194,2
SPY190726P301,2019-07-24,2019-07-24 09:34:43,1.95,0.8986,33,1.92,0.8847,7,1.94,0.894,2,1.935,0.8917,194,0
SPY190726P301,2019-07-24,2019-07-24 09:34:43,1.95,0.8986,13,1.92,0.8847,7,1.94,0.894,2,1.935,0.8917,194,0
SPY190726P301,2019-07-24,2019-07-24 09:34:44,1.95,0.8986,100,1.92,0.8847,5,1.94,0.894,2,1.935,0.8917,194,0
SPY190726P301,2019-07-24,2019-07-24 09:34:44,1.95,0.8986,7,1.91,0.8801,170,1.94,0.894,2,1.93,0.8894,194,0
SPY190726P301,2019-07-24,2019-07-24 09:34:45,1.95,0.8986,10,1.92,0.8847,11,1.94,0.894,2,1.935,0.8917,194,0
SPY190726P301,2019-07-24,2019-07-24 09:34:45,1.95,0.8986,10,1.92,0.8847,111,1.94,0.894,2,1.935,0.8917,194,0
SPY190726P301,2019-07-24,2019-07-24 09:34:46,1.95,0.8986,10,1.92,0.8847,10,1.94,0.894,2,1.935,0.8917,194,0
SPY190726P301,2019-07-24,2019-07-24 09:34:47,1.96,0.9032,79,1.92,0.8847,58,1.94,0.894,2,1.94,0.894,194,0
SPY190726P301,2019-07-24,2019-07-24 09:34:47,1.95,0.8986,4,1.92,0.8847,70,1.94,0.894,2,1.935,0.8917,194,0
SPY190726P301,2019-07-24,2019-07-24 09:34:48,1.95,0.8986,1,1.92,0.8847,10,1.94,0.894,2,1.935,0.8917,194,0
SPY190726P301,2019-07-24,2019-07-24 09:34:48,1.96,0.9032,7,1.93,0.8894,1,1.94,0.894,2,1.945,0.8963,194,0
SPY190726P301,2019-07-24,2019-07-24 09:34:49,1.96,0.9032,11,1.93,0.8894,10,1.94,0.894,2,1.945,0.8963,194,0
SPY190726P301,2019-07-24,2019-07-24 09:34:50,1.97,0.9078,122,1.93,0.8894,54,1.94,0.894,2,1.95,0.8986,194,0
SPY190726P301,2019-07-24,2019-07-24 09:34:50,1.97,0.9078,122,1.94,0.894,7,1.94,0.894,2,1.955,0.9009,194,0
SPY190726P301,2019-07-24,2019-07-24 09:34:51,1.97,0.9078,75,1.93,0.8894,74,1.94,0.894,2,1.95,0.8986,194,0
SPY190726P301,2019-07-24,2019-07-24 09:34:52,1.96,0.9032,10,1.93,0.8894,74,1.94,0.894,2,1.945,0.8963,194,0
SPY190726P301,2019-07-24,2019-07-24 09:34:52,1.97,0.9078,78,1.93,0.8894,74,1.94,0.894,2,1.95,0.8986,194,0
SPY190726P301,2019-07-24,2019-07-24 09:34:53,1.96,0.9032,10,1.93,0.8894,59,1.94,0.894,2,1.945,0.8963,194,0
SPY190726P301,2019-07-24,2019-07-24 09:34:53,1.96,0.9032,10,1.93,0.8894,10,1.94,0.894,2,1.945,0.8963,194,0
SPY190726P301,2019-07-24,2019-07-24 09:34:54,1.97,0.9078,20,1.94,0.894,1,1.94,0.894,1,1.955,0.9009,195,1
SPY190726P301,2019-07-24,2019-07-24 09:34:54,1.96,0.9032,3,1.94,0.894,1,1.94,0.894,2,1.95,0.8986,194,0
SPY190726P301,2019-07-24,2019-07-24 09:34:55,1.97,0.9078,11,1.93,0.8894,49,1.94,0.894,1,1.95,0.8986,195,0
SPY190726P301,2019-07-24,2019-07-24 09:34:56,1.97,0.9078,78,1.93,0.8894,49,1.94,0.894,1,1.95,0.8986,195,0
SPY190726P301,2019-07-24,2019-07-24 09:34:56,1.97,0.9078,98,1.93,0.8894,84,1.94,0.894,1,1.95,0.8986,195,0
SPY190726P301,2019-07-24,2019-07-24 09:34:57,1.97,0.9078,88,1.93,0.8894,69,1.94,0.894,1,1.95,0.8986,195,0
SPY190726P301,2019-07-24,2019-07-24 09:34:57,1.97,0.9078,98,1.93,0.8894,84,1.94,0.894,1,1.95,0.8986,195,0
SPY190726P301,2019-07-24,2019-07-24 09:34:58,1.97,0.9078,88,1.93,0.8894,69,1.94,0.894,1,1.95,0.8986,195,0
SPY190726P301,2019-07-24,2019-07-24 09:34:58,1.95,0.8986,1,1.93,0.8894,6,1.94,0.894,1,1.94,0.894,195,0
SPY190726P301,2019-07-24,2019-07-24 09:34:59,1.93,0.8894,7,1.9,0.8755,6,1.94,0.894,1,1.915,0.8824,195,0
SPY190726P301,2019-07-24,2019-07-24 09:35:00,1.93,0.8894,7,1.89,0.8709,101,1.94,0.894,1,1.91,0.8801,195,0
SPY190726P301,2019-07-24,2019-07-24 09:35:00,1.93,0.8894,67,1.89,0.8709,121,1.94,0.894,1,1.91,0.8801,195,0
SPY190726P301,2019-07-24,2019-07-24 09:35:01,1.91,0.8801,10,1.88,0.8663,7,1.94,0.894,1,1.895,0.8732,195,0
SPY190726P301,2019-07-24,2019-07-24 09:35:01,1.91,0.8801,135,1.88,0.8663,7,1.94,0.894,1,1.895,0.8732,195,0
SPY190726P301,2019-07-24,2019-07-24 09:35:02,1.91,0.8801,69,1.87,0.8617,101,1.94,0.894,1,1.89,0.8709,195,0
SPY190726P301,2019-07-24,2019-07-24 09:35:02,1.91,0.8801,135,1.88,0.8663,7,1.94,0.894,1,1.895,0.8732,195,0
SPY190726P301,2019-07-24,2019-07-24 09:35:03,1.91,0.8801,117,1.87,0.8617,121,1.94,0.894,1,1.89,0.8709,195,0
SPY190726P301,2019-07-24,2019-07-24 09:35:04,1.91,0.8801,83,1.87,0.8617,121,1.94,0.894,1,1.89,0.8709,195,0
SPY190726P301,2019-07-24,2019-07-24 09:35:04,1.92,0.8847,1,1.88,0.8663,20,1.94,0.894,1,1.9,0.8755,195,0
SPY190726P301,2019-07-24,2019-07-24 09:35:05,1.91,0.8801,100,1.88,0.8663,62,1.94,0.894,1,1.895,0.8732,195,0
SPY190726P301,2019-07-24,2019-07-24 09:35:05,1.91,0.8801,63,1.88,0.8663,7,1.94,0.894,1,1.895,0.8732,195,0
SPY190726P301,2019-07-24,2019-07-24 09:35:06,1.91,0.8801,82,1.88,0.8663,9,1.94,0.894,1,1.895,0.8732,195,0
SPY190726P301,2019-07-24,2019-07-24 09:35:06,1.91,0.8801,68,1.88,0.8663,10,1.94,0.894,1,1.895,0.8732,195,0
SPY190726P301,2019-07-24,2019-07-24 09:35:07,1.91,0.8801,167,1.88,0.8663,10,1.94,0.894,1,1.895,0.8732,195,0
SPY190726P301,2019-07-24,2019-07-24 09:35:07,1.91,0.8801,167,1.88,0.8663,7,1.94,0.894,1,1.895,0.8732,195,0
SPY190726P301,2019-07-24,2019-07-24 09:35:08,1.91,0.8801,167,1.88,0.8663,7,1.94,0.894,1,1.895,0.8732,195,0
SPY190726P301,2019-07-24,2019-07-24 09:35:09,1.9,0.8755,111,1.87,0.8617,6,1.94,0.894,1,1.885,0.8686,195,0
SPY190726P301,2019-07-24,2019-07-24 09:35:10,1.89,0.8709,60,1.86,0.8571,7,1.94,0.894,1,1.875,0.864,195,0
SPY190726P301,2019-07-24,2019-07-24 09:35:10,1.89,0.8709,73,1.85,0.8525,100,1.94,0.894,1,1.87,0.8617,195,0
SPY190726P301,2019-07-24,2019-07-24 09:35:11,1.89,0.8709,69,1.85,0.8525,66,1.94,0.894,1,1.87,0.8617,195,0
SPY190726P301,2019-07-24,2019-07-24 09:35:11,1.89,0.8709,85,1.87,0.8617,10,1.94,0.894,1,1.88,0.8663,195,0
SPY190726P301,2019-07-24,2019-07-24 09:35:12,1.89,0.8709,85,1.87,0.8617,10,1.94,0.894,1,1.88,0.8663,195,0
SPY190726P301,2019-07-24,2019-07-24 09:35:12,1.89,0.8709,135,1.87,0.8617,10,1.94,0.894,1,1.88,0.8663,195,0
SPY190726P301,2019-07-24,2019-07-24 09:35:13,1.87,0.8617,20,1.84,0.8479,20,1.87,0.8617,10,1.855,0.8548,205,0
SPY190726P301,2019-07-24,2019-07-24 09:35:13,1.87,0.8617,156,1.83,0.8433,101,1.87,0.8617,10,1.85,0.8525,205,10
SPY190726P301,2019-07-24,2019-07-24 09:35:14,1.87,0.8617,47,1.84,0.8479,18,1.87,0.8617,10,1.855,0.8548,205,0
SPY190726P301,2019-07-24,2019-07-24 09:35:15,1.87,0.8617,75,1.84,0.8479,7,1.87,0.8617,10,1.855,0.8548,205,0
SPY190726P301,2019-07-24,2019-07-24 09:35:15,1.87,0.8617,95,1.83,0.8433,56,1.87,0.8617,10,1.85,0.8525,205,0
SPY190726P301,2019-07-24,2019-07-24 09:35:16,1.87,0.8617,55,1.84,0.8479,7,1.87,0.8617,10,1.855,0.8548,205,0
SPY190726P301,2019-07-24,2019-07-24 09:35:16,1.87,0.8617,95,1.83,0.8433,56,1.87,0.8617,10,1.85,0.8525,205,0
SPY190726P301,2019-07-24,2019-07-24 09:35:17,1.87,0.8617,7,1.84,0.8479,7,1.87,0.8617,10,1.855,0.8548,205,0
SPY190726P301,2019-07-24,2019-07-24 09:35:17,1.87,0.8617,84,1.84,0.8479,15,1.87,0.8617,10,1.855,0.8548,205,0
SPY190726P301,2019-07-24,2019-07-24 09:35:18,1.87,0.8617,88,1.84,0.8479,6,1.87,0.8617,10,1.855,0.8548,205,0
SPY190726P301,2019-07-24,2019-07-24 09:35:18,1.87,0.8617,156,1.84,0.8479,6,1.87,0.8617,10,1.855,0.8548,205,0
SPY190726P301,2019-07-24,2019-07-24 09:35:19,1.87,0.8617,156,1.84,0.8479,6,1.87,0.8617,10,1.855,0.8548,205,0
SPY190726P301,2019-07-24,2019-07-24 09:35:20,1.87,0.8617,156,1.84,0.8479,6,1.87,0.8617,10,1.855,0.8548,205,0
SPY190726P301,2019-07-24,2019-07-24 09:35:20,1.86,0.8571,1,1.84,0.8479,6,1.87,0.8617,10,1.85,0.8525,205,0
SPY190726P301,2019-07-24,2019-07-24 09:35:21,1.87,0.8617,48,1.84,0.8479,26,1.87,0.8617,10,1.855,0.8548,205,0
SPY190726P301,2019-07-24,2019-07-24 09:35:21,1.87,0.8617,108,1.84,0.8479,6,1.87,0.8617,10,1.855,0.8548,205,0
SPY190726P301,2019-07-24,2019-07-24 09:35:22,1.87,0.8617,46,1.84,0.8479,20,1.87,0.8617,10,1.855,0.8548,205,0
SPY190726P301,2019-07-24,2019-07-24 09:35:23,1.88,0.8663,191,1.85,0.8525,10,1.87,0.8617,10,1.865,0.8594,205,0
SPY190726P301,2019-07-24,2019-07-24 09:35:23,1.87,0.8617,46,1.84,0.8479,71,1.87,0.8617,10,1.855,0.8548,205,0
SPY190726P301,2019-07-24,2019-07-24 09:35:24,1.87,0.8617,40,1.84,0.8479,73,1.87,0.8617,10,1.855,0.8548,205,0
SPY190726P301,2019-07-24,2019-07-24 09:35:24,1.88,0.8663,54,1.85,0.8525,6,1.87,0.8617,10,1.865,0.8594,205,0
SPY190726P301,2019-07-24,2019-07-24 09:35:25,1.91,0.8801,190,1.87,0.8617,159,1.87,0.8617,10,1.89,0.8709,205,0
SPY190726P301,2019-07-24,2019-07-24 09:35:25,1.89,0.8709,41,1.86,0.8571,10,1.87,0.8617,10,1.875,0.864,205,0
SPY190726P301,2019-07-24,2019-07-24 09:35:26,1.9,0.8755,52,1.87,0.8617,159,1.87,0.8617,10,1.885,0.8686,205,0
SPY190726P301,2019-07-24,2019-07-24 09:35:27,1.91,0.8801,191,1.87,0.8617,192,1.87,0.8617,10,1.89,0.8709,205,0
SPY190726P301,2019-07-24,2019-07-24 09:35:27,1.9,0.8755,16,1.87,0.8617,192,1.87,0.8617,10,1.885,0.8686,205,0
SPY190726P301,2019-07-24,2019-07-24 09:35:28,1.91,0.8801,178,1.88,0.8663,10,1.87,0.8617,10,1.895,0.8732,205,0
SPY190726P301,2019-07-24,2019-07-24 09:35:28,1.91,0.8801,88,1.87,0.8617,192,1.87,0.8617,10,1.89,0.8709,205,0
SPY190726P301,2019-07-24,2019-07-24 09:35:29,1.9,0.8755,43,1.87,0.8617,7,1.87,0.8617,10,1.885,0.8686,205,0
SPY190726P301,2019-07-24,2019-07-24 09:35:29,1.91,0.8801,105,1.88,0.8663,6,1.87,0.8617,10,1.895,0.8732,205,0
SPY190726P301,2019-07-24,2019-07-24 09:35:30,1.89,0.8709,50,1.86,0.8571,8,1.87,0.8617,10,1.875,0.864,205,0
SPY190726P301,2019-07-24,2019-07-24 09:35:31,1.89,0.8709,61,1.86,0.8571,16,1.87,0.8617,10,1.875,0.864,205,0
SPY190726P301,2019-07-24,2019-07-24 09:35:31,1.89,0.8709,61,1.86,0.8571,121,1.87,0.8617,10,1.875,0.864,205,0
SPY190726P301,2019-07-24,2019-07-24 09:35:32,1.89,0.8709,102,1.86,0.8571,121,1.87,0.8617,10,1.875,0.864,205,0
SPY190726P301,2019-07-24,2019-07-24 09:35:32,1.9,0.8755,117,1.86,0.8571,155,1.87,0.8617,10,1.88,0.8663,205,0
SPY190726P301,2019-07-24,2019-07-24 09:35:33,1.89,0.8709,100,1.86,0.8571,121,1.87,0.8617,10,1.875,0.864,205,0
SPY190726P301,2019-07-24,2019-07-24 09:35:34,1.89,0.8709,181,1.85,0.8525,100,1.87,0.8617,10,1.87,0.8617,205,0
SPY190726P301,2019-07-24,2019-07-24 09:35:34,1.89,0.8709,181,1.85,0.8525,166,1.87,0.8617,10,1.87,0.8617,205,0
SPY190726P301,2019-07-24,2019-07-24 09:35:35,1.87,0.8617,125,1.84,0.8479,55,1.87,0.8617,10,1.855,0.8548,205,0
SPY190726P301,2019-07-24,2019-07-24 09:35:36,1.87,0.8617,47,1.84,0.8479,8,1.87,0.8617,10,1.855,0.8548,205,0
SPY190726P301,2019-07-24,2019-07-24 09:35:36,1.86,0.8571,16,1.82,0.8387,101,1.87,0.8617,10,1.84,0.8479,205,0
SPY190726P301,2019-07-24,2019-07-24 09:35:37,1.85,0.8525,1,1.82,0.8387,126,1.87,0.8617,10,1.835,0.8456,205,0
SPY190726P301,2019-07-24,2019-07-24 09:35:37,1.86,0.8571,50,1.82,0.8387,192,1.87,0.8617,10,1.84,0.8479,205,0
SPY190726P301,2019-07-24,2019-07-24 09:35:38,1.85,0.8525,1,1.82,0.8387,192,1.87,0.8617,10,1.835,0.8456,205,0
SPY190726P301,2019-07-24,2019-07-24 09:35:38,1.87,0.8617,125,1.84,0.8479,7,1.87,0.8617,10,1.855,0.8548,205,0
SPY190726P301,2019-07-24,2019-07-24 09:35:39,1.87,0.8617,125,1.84,0.8479,7,1.87,0.8617,10,1.855,0.8548,205,0
SPY190726P301,2019-07-24,2019-07-24 09:35:40,1.87,0.8617,47,1.84,0.8479,20,1.87,0.8617,10,1.855,0.8548,205,0
SPY190726P301,2019-07-24,2019-07-24 09:35:40,1.87,0.8617,125,1.83,0.8433,100,1.87,0.8617,10,1.85,0.8525,205,0
SPY190726P301,2019-07-24,2019-07-24 09:35:41,1.87,0.8617,16,1.84,0.8479,20,1.87,0.8617,10,1.855,0.8548,205,0
SPY190726P301,2019-07-24,2019-07-24 09:35:41,1.87,0.8617,6,1.84,0.8479,20,1.87,0.8617,10,1.855,0.8548,205,0
SPY190726P301,2019-07-24,2019-07-24 09:35:42,1.88,0.8663,16,1.86,0.8571,6,1.87,0.8617,10,1.87,0.8617,205,0
SPY190726P301,2019-07-24,2019-07-24 09:35:43,1.88,0.8663,16,1.86,0.8571,7,1.87,0.8617,10,1.87,0.8617,205,0
SPY190726P301,2019-07-24,2019-07-24 09:35:43,1.88,0.8663,44,1.86,0.8571,10,1.87,0.8617,10,1.87,0.8617,205,0
SPY190726P301,2019-07-24,2019-07-24 09:35:44,1.88,0.8663,44,1.86,0.8571,7,1.87,0.8617,10,1.87,0.8617,205,0
SPY190726P301,2019-07-24,2019-07-24 09:35:44,1.88,0.8663,44,1.86,0.8571,8,1.87,0.8617,10,1.87,0.8617,205,0
SPY190726P301,2019-07-24,2019-07-24 09:35:45,1.88,0.8663,25,1.85,0.8525,31,1.87,0.8617,10,1.865,0.8594,205,0
SPY190726P301,2019-07-24,2019-07-24 09:35:45,1.88,0.8663,44,1.86,0.8571,11,1.87,0.8617,10,1.87,0.8617,205,0
SPY190726P301,2019-07-24,2019-07-24 09:35:46,1.88,0.8663,25,1.86,0.8571,7,1.87,0.8617,10,1.87,0.8617,205,0
SPY190726P301,2019-07-24,2019-07-24 09:35:46,1.88,0.8663,36,1.86,0.8571,7,1.87,0.8617,10,1.87,0.8617,205,0
SPY190726P301,2019-07-24,2019-07-24 09:35:47,1.88,0.8663,25,1.86,0.8571,7,1.87,0.8617,10,1.87,0.8617,205,0
SPY190726P301,2019-07-24,2019-07-24 09:35:48,1.87,0.8617,36,1.84,0.8479,7,1.87,0.8617,10,1.855,0.8548,205,0
SPY190726P301,2019-07-24,2019-07-24 09:35:48,1.87,0.8617,36,1.85,0.8525,66,1.87,0.8617,10,1.86,0.8571,205,0
SPY190726P301,2019-07-24,2019-07-24 09:35:49,1.87,0.8617,37,1.84,0.8479,64,1.87,0.8617,10,1.855,0.8548,205,0
SPY190726P301,2019-07-24,2019-07-24 09:35:49,1.87,0.8617,72,1.84,0.8479,7,1.87,0.8617,10,1.855,0.8548,205,0
SPY190726P301,2019-07-24,2019-07-24 09:35:50,1.86,0.8571,21,1.83,0.8433,101,1.87,0.8617,10,1.845,0.8502,205,0
SPY190726P301,2019-07-24,2019-07-24 09:35:50,1.86,0.8571,21,1.84,0.8479,64,1.87,0.8617,10,1.85,0.8525,205,0
SPY190726P301,2019-07-24,2019-07-24 09:35:51,1.86,0.8571,42,1.83,0.8433,1,1.87,0.8617,10,1.845,0.8502,205,0
SPY190726P301,2019-07-24,2019-07-24 09:35:51,1.85,0.8525,24,1.83,0.8433,11,1.87,0.8617,10,1.84,0.8479,205,0
SPY190726P301,2019-07-24,2019-07-24 09:35:52,1.86,0.8571,21,1.84,0.8479,1,1.87,0.8617,10,1.85,0.8525,205,0
SPY190726P301,2019-07-24,2019-07-24 09:35:53,1.86,0.8571,21,1.84,0.8479,20,1.87,0.8617,10,1.85,0.8525,205,0
SPY190726P301,2019-07-24,2019-07-24 09:35:53,1.87,0.8617,27,1.84,0.8479,176,1.87,0.8617,10,1.855,0.8548,205,0
SPY190726P301,2019-07-24,2019-07-24 09:35:54,1.87,0.8617,41,1.84,0.8479,110,1.87,0.8617,10,1.855,0.8548,205,0
SPY190726P301,2019-07-24,2019-07-24 09:35:54,1.87,0.8617,44,1.84,0.8479,176,1.87,0.8617,10,1.855,0.8548,205,0
SPY190726P301,2019-07-24,2019-07-24 09:35:55,1.87,0.8617,40,1.85,0.8525,8,1.87,0.8617,10,1.86,0.8571,205,0
SPY190726P301,2019-07-24,2019-07-24 09:35:55,1.87,0.8617,36,1.84,0.8479,91,1.87,0.8617,10,1.855,0.8548,205,0
SPY190726P301,2019-07-24,2019-07-24 09:35:56,1.87,0.8617,16,1.85,0.8525,7,1.87,0.8617,10,1.86,0.8571,205,0
SPY190726P301,2019-07-24,2019-07-24 09:35:57,1.86,0.8571,20,1.85,0.8525,1,1.87,0.8617,10,1.855,0.8548,205,0
SPY190726P301,2019-07-24,2019-07-24 09:35:57,1.87,0.8617,16,1.85,0.8525,1,1.87,0.8617,10,1.86,0.8571,205,0
SPY190726P301,2019-07-24,2019-07-24 09:35:58,1.86,0.8571,16,1.84,0.8479,120,1.87,0.8617,10,1.85,0.8525,205,0
SPY190726P301,2019-07-24,2019-07-24 09:35:59,1.86,0.8571,16,1.84,0.8479,120,1.87,0.8617,10,1.85,0.8525,205,0
SPY190726P301,2019-07-24,2019-07-24 09:35:59,1.87,0.8617,125,1.84,0.8479,10,1.87,0.8617,10,1.855,0.8548,205,0
SPY190726P301,2019-07-24,2019-07-24 09:36:00,1.87,0.8617,124,1.84,0.8479,10,1.87,0.8617,10,1.855,0.8548,205,0
SPY190726P301,2019-07-24,2019-07-24 09:36:01,1.86,0.8571,18,1.84,0.8479,7,1.87,0.8617,10,1.85,0.8525,205,0
SPY190726P301,2019-07-24,2019-07-24 09:36:01,1.86,0.8571,16,1.84,0.8479,7,1.87,0.8617,10,1.85,0.8525,205,0
SPY190726P301,2019-07-24,2019-07-24 09:36:02,1.87,0.8617,17,1.85,0.8525,1,1.87,0.8617,10,1.86,0.8571,205,0
SPY190726P301,2019-07-24,2019-07-24 09:36:02,1.87,0.8617,17,1.85,0.8525,7,1.87,0.8617,10,1.86,0.8571,205,0
SPY190726P301,2019-07-24,2019-07-24 09:36:03,1.88,0.8663,17,1.85,0.8525,40,1.87,0.8617,10,1.865,0.8594,205,0
SPY190726P301,2019-07-24,2019-07-24 09:36:03,1.88,0.8663,17,1.86,0.8571,7,1.87,0.8617,10,1.87,0.8617,205,0
SPY190726P301,2019-07-24,2019-07-24 09:36:04,1.88,0.8663,24,1.86,0.8571,1,1.87,0.8617,10,1.87,0.8617,205,0
SPY190726P301,2019-07-24,2019-07-24 09:36:05,1.88,0.8663,17,1.85,0.8525,10,1.87,0.8617,10,1.865,0.8594,205,0
SPY190726P301,2019-07-24,2019-07-24 09:36:05,1.87,0.8617,15,1.85,0.8525,13,1.87,0.8617,10,1.86,0.8571,205,0
SPY190726P301,2019-07-24,2019-07-24 09:36:06,1.88,0.8663,21,1.86,0.8571,6,1.87,0.8617,10,1.87,0.8617,205,0
SPY190726P301,2019-07-24,2019-07-24 09:36:06,1.88,0.8663,101,1.85,0.8525,20,1.87,0.8617,10,1.865,0.8594,205,0
SPY190726P301,2019-07-24,2019-07-24 09:36:07,1.88,0.8663,16,1.84,0.8479,101,1.87,0.8617,10,1.86,0.8571,205,0
SPY190726P301,2019-07-24,2019-07-24 09:36:07,1.87,0.8617,18,1.84,0.8479,101,1.87,0.8617,10,1.855,0.8548,205,0
SPY190726P301,2019-07-24,2019-07-24 09:36:08,1.88,0.8663,36,1.86,0.8571,6,1.87,0.8617,10,1.87,0.8617,205,0
SPY190726P301,2019-07-24,2019-07-24 09:36:09,1.88,0.8663,34,1.86,0.8571,7,1.87,0.8617,10,1.87,0.8617,205,0
SPY190726P301,2019-07-24,2019-07-24 09:36:09,1.88,0.8663,36,1.86,0.8571,7,1.87,0.8617,10,1.87,0.8617,205,0
SPY190726P301,2019-07-24,2019-07-24 09:36:10,1.88,0.8663,34,1.86,0.8571,7,1.87,0.8617,10,1.87,0.8617,205,0
SPY190726P301,2019-07-24,2019-07-24 09:36:11,1.88,0.8663,16,1.86,0.8571,10,1.87,0.8617,10,1.87,0.8617,205,0
SPY190726P301,2019-07-24,2019-07-24 09:36:11,1.88,0.8663,36,1.86,0.8571,10,1.87,0.8617,10,1.87,0.8617,205,0
SPY190726P301,2019-07-24,2019-07-24 09:36:12,1.89,0.8709,16,1.87,0.8617,7,1.87,0.8617,10,1.88,0.8663,205,0
SPY190726P301,2019-07-24,2019-07-24 09:36:13,1.88,0.8663,17,1.87,0.8617,7,1.87,0.8617,10,1.875,0.864,205,0
SPY190726P301,2019-07-24,2019-07-24 09:36:13,1.89,0.8709,24,1.86,0.8571,10,1.87,0.8617,10,1.875,0.864,205,0
SPY190726P301,2019-07-24,2019-07-24 09:36:14,1.87,0.8617,17,1.85,0.8525,20,1.87,0.8617,10,1.86,0.8571,205,0
SPY190726P301,2019-07-24,2019-07-24 09:36:14,1.88,0.8663,18,1.86,0.8571,10,1.87,0.8617,10,1.87,0.8617,205,0
SPY190726P301,2019-07-24,2019-07-24 09:36:15,1.86,0.8571,31,1.84,0.8479,9,1.87,0.8617,10,1.85,0.8525,205,0
SPY190726P301,2019-07-24,2019-07-24 09:36:16,1.86,0.8571,36,1.84,0.8479,10,1.87,0.8617,10,1.85,0.8525,205,0
SPY190726P301,2019-07-24,2019-07-24 09:36:16,1.86,0.8571,100,1.83,0.8433,101,1.87,0.8617,10,1.845,0.8502,205,0
SPY190726P301,2019-07-24,2019-07-24 09:36:17,1.86,0.8571,36,1.84,0.8479,10,1.87,0.8617,10,1.85,0.8525,205,0
SPY190726P301,2019-07-24,2019-07-24 09:36:17,1.86,0.8571,100,1.84,0.8479,10,1.87,0.8617,10,1.85,0.8525,205,0
SPY190726P301,2019-07-24,2019-07-24 09:36:18,1.86,0.8571,42,1.84,0.8479,19,1.87,0.8617,10,1.85,0.8525,205,0
SPY190726P301,2019-07-24,2019-07-24 09:36:18,1.86,0.8571,36,1.84,0.8479,7,1.87,0.8617,10,1.85,0.8525,205,0
SPY190726P301,2019-07-24,2019-07-24 09:36:19,1.86,0.8571,24,1.82,0.8387,10,1.87,0.8617,10,1.84,0.8479,205,0
SPY190726P301,2019-07-24,2019-07-24 09:36:20,1.84,0.8479,42,1.82,0.8387,10,1.87,0.8617,10,1.83,0.8433,205,0
SPY190726P301,2019-07-24,2019-07-24 09:36:20,1.85,0.8525,149,1.82,0.8387,10,1.87,0.8617,10,1.835,0.8456,205,0
SPY190726P301,2019-07-24,2019-07-24 09:36:21,1.85,0.8525,94,1.82,0.8387,15,1.87,0.8617,10,1.835,0.8456,205,0
SPY190726P301,2019-07-24,2019-07-24 09:36:21,1.84,0.8479,32,1.82,0.8387,20,1.87,0.8617,10,1.83,0.8433,205,0
SPY190726P301,2019-07-24,2019-07-24 09:36:22,1.85,0.8525,94,1.82,0.8387,15,1.87,0.8617,10,1.835,0.8456,205,0
SPY190726P301,2019-07-24,2019-07-24 09:36:23,1.85,0.8525,94,1.82,0.8387,20,1.87,0.8617,10,1.835,0.8456,205,0
SPY190726P301,2019-07-24,2019-07-24 09:36:24,1.85,0.8525,52,1.82,0.8387,19,1.87,0.8617,10,1.835,0.8456,205,0
SPY190726P301,2019-07-24,2019-07-24 09:36:25,1.85,0.8525,52,1.82,0.8387,26,1.87,0.8617,10,1.835,0.8456,205,0
SPY190726P301,2019-07-24,2019-07-24 09:36:25,1.86,0.8571,32,1.83,0.8433,101,1.87,0.8617,10,1.845,0.8502,205,0
SPY190726P301,2019-07-24,2019-07-24 09:36:26,1.86,0.8571,52,1.83,0.8433,10,1.87,0.8617,10,1.845,0.8502,205,0
SPY190726P301,2019-07-24,2019-07-24 09:36:26,1.85,0.8525,18,1.83,0.8433,20,1.87,0.8617,10,1.84,0.8479,205,0
SPY190726P301,2019-07-24,2019-07-24 09:36:27,1.84,0.8479,18,1.82,0.8387,10,1.87,0.8617,10,1.83,0.8433,205,0
SPY190726P301,2019-07-24,2019-07-24 09:36:27,1.84,0.8479,32,1.82,0.8387,7,1.87,0.8617,10,1.83,0.8433,205,0
SPY190726P301,2019-07-24,2019-07-24 09:36:28,1.84,0.8479,37,1.82,0.8387,7,1.87,0.8617,10,1.83,0.8433,205,0
SPY190726P301,2019-07-24,2019-07-24 09:36:29,1.85,0.8525,49,1.82,0.8387,7,1.87,0.8617,10,1.835,0.8456,205,0
SPY190726P301,2019-07-24,2019-07-24 09:36:29,1.84,0.8479,52,1.82,0.8387,6,1.87,0.8617,10,1.83,0.8433,205,0
SPY190726P301,2019-07-24,2019-07-24 09:36:30,1.85,0.8525,49,1.82,0.8387,7,1.87,0.8617,10,1.835,0.8456,205,0
SPY190726P301,2019-07-24,2019-07-24 09:36:31,1.85,0.8525,52,1.82,0.8387,7,1.87,0.8617,10,1.835,0.8456,205,0
SPY190726P301,2019-07-24,2019-07-24 09:36:31,1.84,0.8479,16,1.82,0.8387,7,1.87,0.8617,10,1.83,0.8433,205,0
SPY190726P301,2019-07-24,2019-07-24 09:36:32,1.84,0.8479,32,1.82,0.8387,7,1.87,0.8617,10,1.83,0.8433,205,0
SPY190726P301,2019-07-24,2019-07-24 09:36:32,1.84,0.8479,15,1.82,0.8387,7,1.87,0.8617,10,1.83,0.8433,205,0
SPY190726P301,2019-07-24,2019-07-24 09:36:33,1.85,0.8525,49,1.82,0.8387,7,1.87,0.8617,10,1.835,0.8456,205,0
SPY190726P301,2019-07-24,2019-07-24 09:36:33,1.84,0.8479,32,1.82,0.8387,7,1.87,0.8617,10,1.83,0.8433,205,0
SPY190726P301,2019-07-24,2019-07-24 09:36:34,1.85,0.8525,32,1.82,0.8387,11,1.87,0.8617,10,1.835,0.8456,205,0
SPY190726P301,2019-07-24,2019-07-24 09:36:35,1.85,0.8525,52,1.82,0.8387,20,1.87,0.8617,10,1.835,0.8456,205,0
SPY190726P301,2019-07-24,2019-07-24 09:36:35,1.85,0.8525,52,1.81,0.8341,101,1.87,0.8617,10,1.83,0.8433,205,0
SPY190726P301,2019-07-24,2019-07-24 09:36:36,1.85,0.8525,120,1.82,0.8387,7,1.87,0.8617,10,1.835,0.8456,205,0
SPY190726P301,2019-07-24,2019-07-24 09:36:36,1.83,0.8433,18,1.81,0.8341,67,1.87,0.8617,10,1.82,0.8387,205,0
SPY190726P301,2019-07-24,2019-07-24 09:36:37,1.82,0.8387,17,1.8,0.8294,10,1.87,0.8617,10,1.81,0.8341,205,0
SPY190726P301,2019-07-24,2019-07-24 09:36:38,1.82,0.8387,17,1.8,0.8294,10,1.87,0.8617,10,1.81,0.8341,205,0
SPY190726P301,2019-07-24,2019-07-24 09:36:38,1.83,0.8433,149,1.8,0.8294,10,1.87,0.8617,10,1.815,0.8364,205,0
SPY190726P301,2019-07-24,2019-07-24 09:36:39,1.84,0.8479,49,1.81,0.8341,1,1.87,0.8617,10,1.825,0.841,205,0
SPY190726P301,2019-07-24,2019-07-24 09:36:39,1.83,0.8433,52,1.8,0.8294,121,1.87,0.8617,10,1.815,0.8364,205,0
SPY190726P301,2019-07-24,2019-07-24 09:36:40,1.83,0.8433,149,1.8,0.8294,10,1.87,0.8617,10,1.815,0.8364,205,0
SPY190726P301,2019-07-24,2019-07-24 09:36:41,1.83,0.8433,149,1.8,0.8294,14,1.87,0.8617,10,1.815,0.8364,205,0
SPY190726P301,2019-07-24,2019-07-24 09:36:42,1.83,0.8433,149,1.8,0.8294,7,1.87,0.8617,10,1.815,0.8364,205,0
SPY190726P301,2019-07-24,2019-07-24 09:36:42,1.82,0.8387,20,1.8,0.8294,7,1.87,0.8617,10,1.81,0.8341,205,0
SPY190726P301,2019-07-24,2019-07-24 09:36:43,1.83,0.8433,149,1.8,0.8294,18,1.87,0.8617,10,1.815,0.8364,205,0
SPY190726P301,2019-07-24,2019-07-24 09:36:43,1.83,0.8433,149,1.8,0.8294,10,1.87,0.8617,10,1.815,0.8364,205,0
SPY190726P301,2019-07-24,2019-07-24 09:36:44,1.81,0.8341,25,1.78,0.8202,44,1.87,0.8617,10,1.795,0.8271,205,0
SPY190726P301,2019-07-24,2019-07-24 09:36:45,1.81,0.8341,25,1.78,0.8202,44,1.87,0.8617,10,1.795,0.8271,205,0
SPY190726P301,2019-07-24,2019-07-24 09:36:45,1.81,0.8341,149,1.78,0.8202,13,1.87,0.8617,10,1.795,0.8271,205,0
SPY190726P301,2019-07-24,2019-07-24 09:36:46,1.81,0.8341,72,1.78,0.8202,13,1.87,0.8617,10,1.795,0.8271,205,0
SPY190726P301,2019-07-24,2019-07-24 09:36:46,1.81,0.8341,101,1.78,0.8202,13,1.87,0.8617,10,1.795,0.8271,205,0
SPY190726P301,2019-07-24,2019-07-24 09:36:47,1.81,0.8341,52,1.78,0.8202,10,1.87,0.8617,10,1.795,0.8271,205,0
SPY190726P301,2019-07-24,2019-07-24 09:36:47,1.81,0.8341,72,1.78,0.8202,50,1.87,0.8617,10,1.795,0.8271,205,0
SPY190726P301,2019-07-24,2019-07-24 09:36:48,1.81,0.8341,148,1.77,0.8156,167,1.87,0.8617,10,1.79,0.8248,205,0
SPY190726P301,2019-07-24,2019-07-24 09:36:49,1.8,0.8294,124,1.77,0.8156,12,1.87,0.8617,10,1.785,0.8225,205,0
SPY190726P301,2019-07-24,2019-07-24 09:36:49,1.81,0.8341,125,1.77,0.8156,65,1.87,0.8617,10,1.79,0.8248,205,0
SPY190726P301,2019-07-24,2019-07-24 09:36:50,1.8,0.8294,17,1.78,0.8202,7,1.87,0.8617,10,1.79,0.8248,205,0
SPY190726P301,2019-07-24,2019-07-24 09:36:50,1.81,0.8341,125,1.78,0.8202,10,1.87,0.8617,10,1.795,0.8271,205,0
SPY190726P301,2019-07-24,2019-07-24 09:36:51,1.8,0.8294,32,1.78,0.8202,7,1.87,0.8617,10,1.79,0.8248,205,0
SPY190726P301,2019-07-24,2019-07-24 09:36:51,1.81,0.8341,125,1.78,0.8202,7,1.87,0.8617,10,1.795,0.8271,205,0
SPY190726P301,2019-07-24,2019-07-24 09:36:52,1.81,0.8341,149,1.78,0.8202,7,1.87,0.8617,10,1.795,0.8271,205,0
SPY190726P301,2019-07-24,2019-07-24 09:36:52,1.8,0.8294,32,1.78,0.8202,7,1.87,0.8617,10,1.79,0.8248,205,0
SPY190726P301,2019-07-24,2019-07-24 09:36:53,1.81,0.8341,149,1.78,0.8202,7,1.87,0.8617,10,1.795,0.8271,205,0
SPY190726P301,2019-07-24,2019-07-24 09:36:54,1.83,0.8433,149,1.79,0.8248,20,1.87,0.8617,10,1.81,0.8341,205,0
SPY190726P301,2019-07-24,2019-07-24 09:36:54,1.81,0.8341,149,1.78,0.8202,20,1.87,0.8617,10,1.795,0.8271,205,0
SPY190726P301,2019-07-24,2019-07-24 09:36:55,1.82,0.8387,7,1.79,0.8248,63,1.87,0.8617,10,1.805,0.8317,205,0
SPY190726P301,2019-07-24,2019-07-24 09:36:55,1.82,0.8387,31,1.79,0.8248,10,1.87,0.8617,10,1.805,0.8317,205,0
SPY190726P301,2019-07-24,2019-07-24 09:36:56,1.82,0.8387,42,1.79,0.8248,64,1.87,0.8617,10,1.805,0.8317,205,0
SPY190726P301,2019-07-24,2019-07-24 09:36:57,1.82,0.8387,42,1.79,0.8248,65,1.87,0.8617,10,1.805,0.8317,205,0
SPY190726P301,2019-07-24,2019-07-24 09:36:58,1.81,0.8341,16,1.78,0.8202,173,1.87,0.8617,10,1.795,0.8271,205,0
SPY190726P301,2019-07-24,2019-07-24 09:36:58,1.82,0.8387,32,1.8,0.8294,20,1.87,0.8617,10,1.81,0.8341,205,0
SPY190726P301,2019-07-24,2019-07-24 09:36:59,1.83,0.8433,17,1.8,0.8294,7,1.87,0.8617,10,1.815,0.8364,205,0
SPY190726P301,2019-07-24,2019-07-24 09:37:00,1.84,0.8479,143,1.8,0.8294,151,1.87,0.8617,10,1.82,0.8387,205,0
SPY190726P301,2019-07-24,2019-07-24 09:37:00,1.84,0.8479,143,1.8,0.8294,84,1.87,0.8617,10,1.82,0.8387,205,0
SPY190726P301,2019-07-24,2019-07-24 09:37:01,1.84,0.8479,143,1.8,0.8294,105,1.87,0.8617,10,1.82,0.8387,205,0
SPY190726P301,2019-07-24,2019-07-24 09:37:01,1.82,0.8387,18,1.8,0.8294,13,1.87,0.8617,10,1.81,0.8341,205,0
SPY190726P301,2019-07-24,2019-07-24 09:37:02,1.81,0.8341,18,1.78,0.8202,159,1.87,0.8617,10,1.795,0.8271,205,0
SPY190726P301,2019-07-24,2019-07-24 09:37:03,1.81,0.8341,32,1.79,0.8248,7,1.87,0.8617,10,1.8,0.8294,205,0
SPY190726P301,2019-07-24,2019-07-24 09:37:03,1.83,0.8433,100,1.8,0.8294,7,1.81,0.8341,12,1.815,0.8364,217,12
SPY190726P301,2019-07-24,2019-07-24 09:37:04,1.83,0.8433,148,1.8,0.8294,11,1.81,0.8341,12,1.815,0.8364,217,0
SPY190726P301,2019-07-24,2019-07-24 09:37:04,1.83,0.8433,101,1.8,0.8294,11,1.81,0.8341,12,1.815,0.8364,217,0
SPY190726P301,2019-07-24,2019-07-24 09:37:05,1.83,0.8433,26,1.8,0.8294,10,1.81,0.8341,12,1.815,0.8364,217,0
SPY190726P301,2019-07-24,2019-07-24 09:37:05,1.83,0.8433,148,1.8,0.8294,10,1.81,0.8341,12,1.815,0.8364,217,0
SPY190726P301,2019-07-24,2019-07-24 09:37:06,1.83,0.8433,148,1.8,0.8294,46,1.81,0.8341,12,1.815,0.8364,217,0
SPY190726P301,2019-07-24,2019-07-24 09:37:07,1.83,0.8433,149,1.8,0.8294,7,1.81,0.8341,12,1.815,0.8364,217,0
SPY190726P301,2019-07-24,2019-07-24 09:37:07,1.83,0.8433,149,1.8,0.8294,10,1.81,0.8341,12,1.815,0.8364,217,0
SPY190726P301,2019-07-24,2019-07-24 09:37:08,1.83,0.8433,149,1.8,0.8294,48,1.81,0.8341,12,1.815,0.8364,217,0
SPY190726P301,2019-07-24,2019-07-24 09:37:08,1.83,0.8433,149,1.8,0.8294,142,1.81,0.8341,12,1.815,0.8364,217,0
SPY190726P301,2019-07-24,2019-07-24 09:37:09,1.83,0.8433,149,1.8,0.8294,6,1.81,0.8341,12,1.815,0.8364,217,0
SPY190726P301,2019-07-24,2019-07-24 09:37:09,1.83,0.8433,149,1.8,0.8294,142,1.81,0.8341,12,1.815,0.8364,217,0
SPY190726P301,2019-07-24,2019-07-24 09:37:10,1.83,0.8433,149,1.8,0.8294,10,1.81,0.8341,12,1.815,0.8364,217,0
SPY190726P301,2019-07-24,2019-07-24 09:37:11,1.83,0.8433,149,1.8,0.8294,7,1.81,0.8341,12,1.815,0.8364,217,0
SPY190726P301,2019-07-24,2019-07-24 09:37:12,1.82,0.8387,49,1.79,0.8248,6,1.81,0.8341,12,1.805,0.8317,217,0
SPY190726P301,2019-07-24,2019-07-24 09:37:12,1.82,0.8387,32,1.79,0.8248,62,1.81,0.8341,12,1.805,0.8317,217,0
SPY190726P301,2019-07-24,2019-07-24 09:37:13,1.82,0.8387,83,1.79,0.8248,10,1.81,0.8341,12,1.805,0.8317,217,0
SPY190726P301,2019-07-24,2019-07-24 09:37:13,1.82,0.8387,59,1.79,0.8248,35,1.81,0.8341,12,1.805,0.8317,217,0
SPY190726P301,2019-07-24,2019-07-24 09:37:14,1.82,0.8387,148,1.79,0.8248,10,1.81,0.8341,12,1.805,0.8317,217,0
SPY190726P301,2019-07-24,2019-07-24 09:37:14,1.82,0.8387,148,1.78,0.8202,173,1.81,0.8341,12,1.8,0.8294,217,0
SPY190726P301,2019-07-24,2019-07-24 09:37:15,1.81,0.8341,48,1.78,0.8202,188,1.81,0.8341,12,1.795,0.8271,217,0
SPY190726P301,2019-07-24,2019-07-24 09:37:16,1.81,0.8341,49,1.78,0.8202,7,1.81,0.8341,12,1.795,0.8271,217,0
SPY190726P301,2019-07-24,2019-07-24 09:37:16,1.81,0.8341,48,1.78,0.8202,188,1.81,0.8341,12,1.795,0.8271,217,0
SPY190726P301,2019-07-24,2019-07-24 09:37:17,1.83,0.8433,148,1.79,0.8248,10,1.81,0.8341,12,1.81,0.8341,217,0
SPY190726P301,2019-07-24,2019-07-24 09:37:17,1.81,0.8341,35,1.79,0.8248,20,1.81,0.8341,12,1.8,0.8294,217,0
SPY190726P301,2019-07-24,2019-07-24 09:37:18,1.83,0.8433,155,1.8,0.8294,104,1.81,0.8341,12,1.815,0.8364,217,0
SPY190726P301,2019-07-24,2019-07-24 09:37:18,1.83,0.8433,149,1.8,0.8294,104,1.81,0.8341,12,1.815,0.8364,217,0
SPY190726P301,2019-07-24,2019-07-24 09:37:19,1.82,0.8387,39,1.79,0.8248,168,1.81,0.8341,12,1.805,0.8317,217,0
SPY190726P301,2019-07-24,2019-07-24 09:37:20,1.83,0.8433,91,1.8,0.8294,7,1.81,0.8341,12,1.815,0.8364,217,0
SPY190726P301,2019-07-24,2019-07-24 09:37:20,1.83,0.8433,64,1.8,0.8294,7,1.81,0.8341,12,1.815,0.8364,217,0
SPY190726P301,2019-07-24,2019-07-24 09:37:21,1.84,0.8479,6,1.81,0.8341,153,1.81,0.8341,12,1.825,0.841,217,0
SPY190726P301,2019-07-24,2019-07-24 09:37:21,1.85,0.8525,32,1.81,0.8341,153,1.81,0.8341,12,1.83,0.8433,217,0
SPY190726P301,2019-07-24,2019-07-24 09:37:22,1.85,0.8525,88,1.82,0.8387,7,1.81,0.8341,12,1.835,0.8456,217,0
SPY190726P301,2019-07-24,2019-07-24 09:37:22,1.85,0.8525,68,1.82,0.8387,101,1.81,0.8341,12,1.835,0.8456,217,0
SPY190726P301,2019-07-24,2019-07-24 09:37:23,1.85,0.8525,50,1.82,0.8387,101,1.81,0.8341,12,1.835,0.8456,217,0
SPY190726P301,2019-07-24,2019-07-24 09:37:24,1.84,0.8479,16,1.82,0.8387,101,1.81,0.8341,12,1.83,0.8433,217,0
SPY190726P301,2019-07-24,2019-07-24 09:37:24,1.84,0.8479,32,1.82,0.8387,9,1.81,0.8341,12,1.83,0.8433,217,0
SPY190726P301,2019-07-24,2019-07-24 09:37:25,1.84,0.8479,100,1.81,0.8341,10,1.81,0.8341,12,1.825,0.841,217,0
SPY190726P301,2019-07-24,2019-07-24 09:37:25,1.84,0.8479,26,1.82,0.8387,9,1.81,0.8341,12,1.83,0.8433,217,0
SPY190726P301,2019-07-24,2019-07-24 09:37:26,1.84,0.8479,65,1.81,0.8341,10,1.81,0.8341,12,1.825,0.841,217,0
SPY190726P301,2019-07-24,2019-07-24 09:37:26,1.84,0.8479,38,1.81,0.8341,10,1.81,0.8341,12,1.825,0.841,217,0
SPY190726P301,2019-07-24,2019-07-24 09:37:27,1.83,0.8433,100,1.81,0.8341,10,1.81,0.8341,12,1.82,0.8387,217,0
SPY190726P301,2019-07-24,2019-07-24 09:37:28,1.83,0.8433,32,1.81,0.8341,6,1.81,0.8341,12,1.82,0.8387,217,0
SPY190726P301,2019-07-24,2019-07-24 09:37:28,1.83,0.8433,128,1.8,0.8294,10,1.81,0.8341,12,1.815,0.8364,217,0
SPY190726P301,2019-07-24,2019-07-24 09:37:29,1.83,0.8433,92,1.8,0.8294,10,1.81,0.8341,12,1.815,0.8364,217,0
SPY190726P301,2019-07-24,2019-07-24 09:37:29,1.82,0.8387,22,1.8,0.8294,8,1.81,0.8341,12,1.81,0.8341,217,0
SPY190726P301,2019-07-24,2019-07-24 09:37:30,1.82,0.8387,100,1.79,0.8248,10,1.81,0.8341,12,1.805,0.8317,217,0
SPY190726P301,2019-07-24,2019-07-24 09:37:31,1.83,0.8433,65,1.79,0.8248,74,1.81,0.8341,12,1.81,0.8341,217,0
SPY190726P301,2019-07-24,2019-07-24 09:37:32,1.82,0.8387,41,1.79,0.8248,12,1.81,0.8341,12,1.805,0.8317,217,0
SPY190726P301,2019-07-24,2019-07-24 09:37:32,1.83,0.8433,141,1.8,0.8294,7,1.81,0.8341,12,1.815,0.8364,217,0
SPY190726P301,2019-07-24,2019-07-24 09:37:33,1.83,0.8433,54,1.8,0.8294,100,1.81,0.8341,12,1.815,0.8364,217,0
SPY190726P301,2019-07-24,2019-07-24 09:37:33,1.82,0.8387,70,1.8,0.8294,10,1.81,0.8341,12,1.81,0.8341,217,0
SPY190726P301,2019-07-24,2019-07-24 09:37:34,1.82,0.8387,40,1.79,0.8248,38,1.81,0.8341,12,1.805,0.8317,217,0
SPY190726P301,2019-07-24,2019-07-24 09:37:34,1.82,0.8387,40,1.8,0.8294,100,1.81,0.8341,12,1.81,0.8341,217,0
SPY190726P301,2019-07-24,2019-07-24 09:37:35,1.83,0.8433,40,1.8,0.8294,121,1.81,0.8341,12,1.815,0.8364,217,0
SPY190726P301,2019-07-24,2019-07-24 09:37:36,1.84,0.8479,45,1.8,0.8294,152,1.81,0.8341,12,1.82,0.8387,217,0
SPY190726P301,2019-07-24,2019-07-24 09:37:37,1.84,0.8479,45,1.82,0.8387,7,1.81,0.8341,12,1.83,0.8433,217,0
SPY190726P301,2019-07-24,2019-07-24 09:37:37,1.85,0.8525,75,1.82,0.8387,9,1.81,0.8341,12,1.835,0.8456,217,0
SPY190726P301,2019-07-24,2019-07-24 09:37:38,1.85,0.8525,52,1.82,0.8387,16,1.81,0.8341,12,1.835,0.8456,217,0
SPY190726P301,2019-07-24,2019-07-24 09:37:39,1.84,0.8479,32,1.82,0.8387,1,1.81,0.8341,12,1.83,0.8433,217,0
SPY190726P301,2019-07-24,2019-07-24 09:37:39,1.84,0.8479,32,1.81,0.8341,7,1.81,0.8341,12,1.825,0.841,217,0
SPY190726P301,2019-07-24,2019-07-24 09:37:40,1.84,0.8479,117,1.81,0.8341,7,1.81,0.8341,12,1.825,0.841,217,0
SPY190726P301,2019-07-24,2019-07-24 09:37:40,1.84,0.8479,60,1.81,0.8341,7,1.81,0.8341,12,1.825,0.841,217,0
SPY190726P301,2019-07-24,2019-07-24 09:37:41,1.84,0.8479,77,1.81,0.8341,7,1.81,0.8341,12,1.825,0.841,217,0
SPY190726P301,2019-07-24,2019-07-24 09:37:41,1.85,0.8525,32,1.82,0.8387,100,1.81,0.8341,12,1.835,0.8456,217,0
SPY190726P301,2019-07-24,2019-07-24 09:37:42,1.85,0.8525,32,1.82,0.8387,121,1.81,0.8341,12,1.835,0.8456,217,0
SPY190726P301,2019-07-24,2019-07-24 09:37:43,1.85,0.8525,44,1.82,0.8387,101,1.81,0.8341,12,1.835,0.8456,217,0
SPY190726P301,2019-07-24,2019-07-24 09:37:43,1.85,0.8525,54,1.82,0.8387,101,1.81,0.8341,12,1.835,0.8456,217,0
SPY190726P301,2019-07-24,2019-07-24 09:37:44,1.85,0.8525,61,1.82,0.8387,101,1.81,0.8341,12,1.835,0.8456,217,0
SPY190726P301,2019-07-24,2019-07-24 09:37:45,1.85,0.8525,61,1.82,0.8387,101,1.81,0.8341,12,1.835,0.8456,217,0
SPY190726P301,2019-07-24,2019-07-24 09:37:45,1.85,0.8525,61,1.83,0.8433,6,1.81,0.8341,12,1.84,0.8479,217,0
SPY190726P301,2019-07-24,2019-07-24 09:37:46,1.84,0.8479,43,1.83,0.8433,3,1.81,0.8341,12,1.835,0.8456,217,0
SPY190726P301,2019-07-24,2019-07-24 09:37:46,1.85,0.8525,68,1.83,0.8433,6,1.81,0.8341,12,1.84,0.8479,217,0
SPY190726P301,2019-07-24,2019-07-24 09:37:47,1.84,0.8479,22,1.8,0.8294,7,1.83,0.8433,3,1.82,0.8387,224,7
SPY190726P301,2019-07-24,2019-07-24 09:37:47,1.83,0.8433,10,1.81,0.8341,100,1.83,0.8433,3,1.82,0.8387,224,0
SPY190726P301,2019-07-24,2019-07-24 09:37:48,1.83,0.8433,52,1.8,0.8294,20,1.83,0.8433,3,1.815,0.8364,224,0
SPY190726P301,2019-07-24,2019-07-24 09:37:48,1.83,0.8433,52,1.8,0.8294,10,1.83,0.8433,3,1.815,0.8364,224,0
SPY190726P301,2019-07-24,2019-07-24 09:37:49,1.83,0.8433,32,1.8,0.8294,34,1.83,0.8433,3,1.815,0.8364,224,0
SPY190726P301,2019-07-24,2019-07-24 09:37:50,1.82,0.8387,15,1.78,0.8202,168,1.83,0.8433,3,1.8,0.8294,224,0
SPY190726P301,2019-07-24,2019-07-24 09:37:50,1.83,0.8433,52,1.8,0.8294,14,1.83,0.8433,3,1.815,0.8364,224,0
SPY190726P301,2019-07-24,2019-07-24 09:37:51,1.82,0.8387,120,1.79,0.8248,1,1.83,0.8433,3,1.805,0.8317,224,0
SPY190726P301,2019-07-24,2019-07-24 09:37:51,1.82,0.8387,116,1.79,0.8248,10,1.83,0.8433,3,1.805,0.8317,224,0
SPY190726P301,2019-07-24,2019-07-24 09:37:52,1.82,0.8387,52,1.81,0.8341,6,1.83,0.8433,3,1.815,0.8364,224,0
SPY190726P301,2019-07-24,2019-07-24 09:37:52,1.82,0.8387,52,1.79,0.8248,16,1.83,0.8433,3,1.805,0.8317,224,0
SPY190726P301,2019-07-24,2019-07-24 09:37:53,1.83,0.8433,39,1.81,0.8341,3,1.83,0.8433,3,1.82,0.8387,224,0
SPY190726P301,2019-07-24,2019-07-24 09:37:54,1.82,0.8387,50,1.79,0.8248,7,1.81,0.8341,3,1.805,0.8317,231,7
SPY190726P301,2019-07-24,2019-07-24 09:37:54,1.82,0.8387,50,1.81,0.8341,3,1.83,0.8433,3,1.815,0.8364,224,0
SPY190726P301,2019-07-24,2019-07-24 09:37:55,1.82,0.8387,67,1.79,0.8248,10,1.81,0.8341,3,1.805,0.8317,231,0
SPY190726P301,2019-07-24,2019-07-24 09:37:55,1.82,0.8387,67,1.79,0.8248,11,1.81,0.8341,3,1.805,0.8317,231,0
SPY190726P301,2019-07-24,2019-07-24 09:37:56,1.81,0.8341,32,1.79,0.8248,7,1.81,0.8341,3,1.8,0.8294,231,0
SPY190726P301,2019-07-24,2019-07-24 09:37:57,1.82,0.8387,45,1.79,0.8248,121,1.81,0.8341,3,1.805,0.8317,231,0
SPY190726P301,2019-07-24,2019-07-24 09:37:57,1.81,0.8341,52,1.78,0.8202,10,1.81,0.8341,3,1.795,0.8271,231,0
SPY190726P301,2019-07-24,2019-07-24 09:37:58,1.79,0.8248,21,1.78,0.8202,7,1.81,0.8341,3,1.785,0.8225,231,0
SPY190726P301,2019-07-24,2019-07-24 09:37:58,1.81,0.8341,52,1.78,0.8202,7,1.81,0.8341,3,1.795,0.8271,231,0
SPY190726P301,2019-07-24,2019-07-24 09:37:59,1.78,0.8202,31,1.74,0.8018,10,1.81,0.8341,3,1.76,0.811,231,0
SPY190726P301,2019-07-24,2019-07-24 09:37:59,1.79,0.8248,117,1.76,0.811,10,1.81,0.8341,3,1.775,0.8179,231,0
SPY190726P301,2019-07-24,2019-07-24 09:38:00,1.79,0.8248,127,1.75,0.8064,101,1.81,0.8341,3,1.77,0.8156,231,0
SPY190726P301,2019-07-24,2019-07-24 09:38:00,1.77,0.8156,26,1.74,0.8018,10,1.81,0.8341,3,1.755,0.8087,231,0
SPY190726P301,2019-07-24,2019-07-24 09:38:01,1.79,0.8248,127,1.76,0.811,20,1.81,0.8341,3,1.775,0.8179,231,0
SPY190726P301,2019-07-24,2019-07-24 09:38:02,1.79,0.8248,144,1.76,0.811,20,1.81,0.8341,3,1.775,0.8179,231,0
SPY190726P301,2019-07-24,2019-07-24 09:38:02,1.79,0.8248,145,1.76,0.811,1,1.81,0.8341,3,1.775,0.8179,231,0
SPY190726P301,2019-07-24,2019-07-24 09:38:03,1.79,0.8248,48,1.76,0.811,101,1.81,0.8341,3,1.775,0.8179,231,0
SPY190726P301,2019-07-24,2019-07-24 09:38:03,1.79,0.8248,48,1.76,0.811,10,1.81,0.8341,3,1.775,0.8179,231,0
SPY190726P301,2019-07-24,2019-07-24 09:38:04,1.79,0.8248,52,1.76,0.811,10,1.81,0.8341,3,1.775,0.8179,231,0
SPY190726P301,2019-07-24,2019-07-24 09:38:04,1.79,0.8248,52,1.76,0.811,13,1.81,0.8341,3,1.775,0.8179,231,0
SPY190726P301,2019-07-24,2019-07-24 09:38:05,1.79,0.8248,52,1.77,0.8156,7,1.81,0.8341,3,1.78,0.8202,231,0
SPY190726P301,2019-07-24,2019-07-24 09:38:06,1.79,0.8248,52,1.76,0.811,23,1.81,0.8341,3,1.775,0.8179,231,0
SPY190726P301,2019-07-24,2019-07-24 09:38:06,1.79,0.8248,52,1.77,0.8156,7,1.81,0.8341,3,1.78,0.8202,231,0
SPY190726P301,2019-07-24,2019-07-24 09:38:07,1.79,0.8248,32,1.77,0.8156,6,1.81,0.8341,3,1.78,0.8202,231,0
SPY190726P301,2019-07-24,2019-07-24 09:38:07,1.8,0.8294,32,1.78,0.8202,7,1.81,0.8341,3,1.79,0.8248,231,0
SPY190726P301,2019-07-24,2019-07-24 09:38:08,1.79,0.8248,32,1.76,0.811,101,1.81,0.8341,3,1.775,0.8179,231,0
SPY190726P301,2019-07-24,2019-07-24 09:38:09,1.8,0.8294,32,1.78,0.8202,7,1.81,0.8341,3,1.79,0.8248,231,0
SPY190726P301,2019-07-24,2019-07-24 09:38:09,1.8,0.8294,90,1.77,0.8156,6,1.81,0.8341,3,1.785,0.8225,231,0
SPY190726P301,2019-07-24,2019-07-24 09:38:10,1.8,0.8294,62,1.76,0.811,101,1.81,0.8341,3,1.78,0.8202,231,0
SPY190726P301,2019-07-24,2019-07-24 09:38:10,1.79,0.8248,49,1.77,0.8156,7,1.81,0.8341,3,1.78,0.8202,231,0
SPY190726P301,2019-07-24,2019-07-24 09:38:11,1.81,0.8341,48,1.78,0.8202,7,1.81,0.8341,3,1.795,0.8271,231,0
SPY190726P301,2019-07-24,2019-07-24 09:38:11,1.8,0.8294,78,1.77,0.8156,7,1.81,0.8341,3,1.785,0.8225,231,0
SPY190726P301,2019-07-24,2019-07-24 09:38:12,1.8,0.8294,78,1.77,0.8156,7,1.81,0.8341,3,1.785,0.8225,231,0
SPY190726P301,2019-07-24,2019-07-24 09:38:12,1.79,0.8248,32,1.78,0.8202,7,1.81,0.8341,3,1.785,0.8225,231,0
SPY190726P301,2019-07-24,2019-07-24 09:38:13,1.8,0.8294,39,1.77,0.8156,6,1.81,0.8341,3,1.785,0.8225,231,0
SPY190726P301,2019-07-24,2019-07-24 09:38:13,1.8,0.8294,39,1.78,0.8202,7,1.81,0.8341,3,1.79,0.8248,231,0
SPY190726P301,2019-07-24,2019-07-24 09:38:14,1.81,0.8341,101,1.78,0.8202,11,1.81,0.8341,3,1.795,0.8271,231,0
SPY190726P301,2019-07-24,2019-07-24 09:38:15,1.8,0.8294,32,1.78,0.8202,10,1.81,0.8341,3,1.79,0.8248,231,0
SPY190726P301,2019-07-24,2019-07-24 09:38:15,1.8,0.8294,48,1.78,0.8202,10,1.81,0.8341,3,1.79,0.8248,231,0
SPY190726P301,2019-07-24,2019-07-24 09:38:16,1.8,0.8294,32,1.78,0.8202,7,1.81,0.8341,3,1.79,0.8248,231,0
SPY190726P301,2019-07-24,2019-07-24 09:38:17,1.8,0.8294,32,1.78,0.8202,7,1.81,0.8341,3,1.79,0.8248,231,0
SPY190726P301,2019-07-24,2019-07-24 09:38:18,1.81,0.8341,49,1.78,0.8202,10,1.81,0.8341,3,1.795,0.8271,231,0
SPY190726P301,2019-07-24,2019-07-24 09:38:19,1.81,0.8341,54,1.78,0.8202,10,1.81,0.8341,3,1.795,0.8271,231,0
SPY190726P301,2019-07-24,2019-07-24 09:38:19,1.81,0.8341,32,1.78,0.8202,10,1.81,0.8341,3,1.795,0.8271,231,0
SPY190726P301,2019-07-24,2019-07-24 09:38:20,1.81,0.8341,54,1.78,0.8202,10,1.81,0.8341,3,1.795,0.8271,231,0
SPY190726P301,2019-07-24,2019-07-24 09:38:20,1.81,0.8341,52,1.78,0.8202,20,1.81,0.8341,3,1.795,0.8271,231,0
SPY190726P301,2019-07-24,2019-07-24 09:38:21,1.81,0.8341,76,1.78,0.8202,13,1.81,0.8341,3,1.795,0.8271,231,0
SPY190726P301,2019-07-24,2019-07-24 09:38:21,1.81,0.8341,52,1.78,0.8202,13,1.81,0.8341,3,1.795,0.8271,231,0
SPY190726P301,2019-07-24,2019-07-24 09:38:22,1.81,0.8341,48,1.78,0.8202,20,1.81,0.8341,3,1.795,0.8271,231,0
SPY190726P301,2019-07-24,2019-07-24 09:38:23,1.81,0.8341,32,1.78,0.8202,101,1.81,0.8341,3,1.795,0.8271,231,0
SPY190726P301,2019-07-24,2019-07-24 09:38:24,1.81,0.8341,48,1.78,0.8202,101,1.81,0.8341,3,1.795,0.8271,231,0
SPY190726P301,2019-07-24,2019-07-24 09:38:25,1.81,0.8341,32,1.78,0.8202,101,1.81,0.8341,3,1.795,0.8271,231,0
SPY190726P301,2019-07-24,2019-07-24 09:38:26,1.8,0.8294,32,1.78,0.8202,10,1.81,0.8341,3,1.79,0.8248,231,0
SPY190726P301,2019-07-24,2019-07-24 09:38:26,1.81,0.8341,93,1.78,0.8202,101,1.81,0.8341,3,1.795,0.8271,231,0
SPY190726P301,2019-07-24,2019-07-24 09:38:27,1.8,0.8294,48,1.78,0.8202,10,1.81,0.8341,3,1.79,0.8248,231,0
SPY190726P301,2019-07-24,2019-07-24 09:38:28,1.81,0.8341,42,1.78,0.8202,10,1.81,0.8341,3,1.795,0.8271,231,0
SPY190726P301,2019-07-24,2019-07-24 09:38:28,1.81,0.8341,32,1.78,0.8202,101,1.81,0.8341,3,1.795,0.8271,231,0
SPY190726P301,2019-07-24,2019-07-24 09:38:29,1.82,0.8387,151,1.78,0.8202,10,1.81,0.8341,3,1.8,0.8294,231,0
SPY190726P301,2019-07-24,2019-07-24 09:38:30,1.81,0.8341,52,1.78,0.8202,14,1.81,0.8341,3,1.795,0.8271,231,0
SPY190726P301,2019-07-24,2019-07-24 09:38:30,1.81,0.8341,52,1.78,0.8202,10,1.81,0.8341,3,1.795,0.8271,231,0
SPY190726P301,2019-07-24,2019-07-24 09:38:31,1.81,0.8341,72,1.78,0.8202,20,1.81,0.8341,3,1.795,0.8271,231,0
SPY190726P301,2019-07-24,2019-07-24 09:38:32,1.81,0.8341,72,1.78,0.8202,20,1.81,0.8341,3,1.795,0.8271,231,0
SPY190726P301,2019-07-24,2019-07-24 09:38:33,1.81,0.8341,72,1.78,0.8202,20,1.81,0.8341,3,1.795,0.8271,231,0
SPY190726P301,2019-07-24,2019-07-24 09:38:33,1.81,0.8341,74,1.78,0.8202,20,1.81,0.8341,3,1.795,0.8271,231,0
SPY190726P301,2019-07-24,2019-07-24 09:38:34,1.81,0.8341,74,1.78,0.8202,20,1.81,0.8341,3,1.795,0.8271,231,0
SPY190726P301,2019-07-24,2019-07-24 09:38:34,1.79,0.8248,32,1.76,0.811,55,1.81,0.8341,3,1.775,0.8179,231,0
SPY190726P301,2019-07-24,2019-07-24 09:38:35,1.79,0.8248,52,1.77,0.8156,6,1.81,0.8341,3,1.78,0.8202,231,0
SPY190726P301,2019-07-24,2019-07-24 09:38:35,1.79,0.8248,149,1.77,0.8156,6,1.79,0.8248,1,1.78,0.8202,232,1
SPY190726P301,2019-07-24,2019-07-24 09:38:36,1.79,0.8248,149,1.76,0.811,23,1.79,0.8248,1,1.775,0.8179,232,0
SPY190726P301,2019-07-24,2019-07-24 09:38:37,1.79,0.8248,59,1.77,0.8156,6,1.79,0.8248,1,1.78,0.8202,232,0
SPY190726P301,2019-07-24,2019-07-24 09:38:37,1.79,0.8248,149,1.76,0.811,23,1.79,0.8248,1,1.775,0.8179,232,0
SPY190726P301,2019-07-24,2019-07-24 09:38:38,1.79,0.8248,84,1.76,0.811,20,1.79,0.8248,1,1.775,0.8179,232,0
SPY190726P301,2019-07-24,2019-07-24 09:38:38,1.79,0.8248,59,1.76,0.811,23,1.79,0.8248,1,1.775,0.8179,232,0
SPY190726P301,2019-07-24,2019-07-24 09:38:39,1.79,0.8248,84,1.76,0.811,13,1.79,0.8248,1,1.775,0.8179,232,0
SPY190726P301,2019-07-24,2019-07-24 09:38:39,1.79,0.8248,95,1.76,0.811,13,1.79,0.8248,1,1.775,0.8179,232,0
SPY190726P301,2019-07-24,2019-07-24 09:38:40,1.79,0.8248,193,1.76,0.811,14,1.79,0.8248,1,1.775,0.8179,232,0
SPY190726P301,2019-07-24,2019-07-24 09:38:41,1.78,0.8202,160,1.76,0.811,6,1.79,0.8248,1,1.77,0.8156,232,0
SPY190726P301,2019-07-24,2019-07-24 09:38:41,1.79,0.8248,52,1.76,0.811,23,1.79,0.8248,1,1.775,0.8179,232,0
SPY190726P301,2019-07-24,2019-07-24 09:38:42,1.78,0.8202,160,1.76,0.811,6,1.79,0.8248,1,1.77,0.8156,232,0
SPY190726P301,2019-07-24,2019-07-24 09:38:43,1.77,0.8156,41,1.76,0.811,3,1.79,0.8248,1,1.765,0.8133,232,0
SPY190726P301,2019-07-24,2019-07-24 09:38:43,1.77,0.8156,74,1.76,0.811,3,1.79,0.8248,1,1.765,0.8133,232,0
SPY190726P301,2019-07-24,2019-07-24 09:38:44,1.77,0.8156,74,1.76,0.811,3,1.79,0.8248,1,1.765,0.8133,232,0
SPY190726P301,2019-07-24,2019-07-24 09:38:45,1.77,0.8156,74,1.76,0.811,3,1.79,0.8248,1,1.765,0.8133,232,0
SPY190726P301,2019-07-24,2019-07-24 09:38:45,1.78,0.8202,42,1.76,0.811,6,1.79,0.8248,1,1.77,0.8156,232,0
SPY190726P301,2019-07-24,2019-07-24 09:38:46,1.77,0.8156,37,1.76,0.811,3,1.79,0.8248,1,1.765,0.8133,232,0
SPY190726P301,2019-07-24,2019-07-24 09:38:46,1.77,0.8156,46,1.76,0.811,3,1.79,0.8248,1,1.765,0.8133,232,0
SPY190726P301,2019-07-24,2019-07-24 09:38:47,1.77,0.8156,62,1.76,0.811,3,1.79,0.8248,1,1.765,0.8133,232,0
SPY190726P301,2019-07-24,2019-07-24 09:38:47,1.76,0.811,20,1.73,0.7972,120,1.76,0.811,3,1.745,0.8041,239,7
SPY190726P301,2019-07-24,2019-07-24 09:38:48,1.78,0.8202,222,1.74,0.8018,13,1.76,0.811,3,1.76,0.811,239,0
SPY190726P301,2019-07-24,2019-07-24 09:38:48,1.77,0.8156,48,1.73,0.7972,120,1.76,0.811,3,1.75,0.8064,239,0
SPY190726P301,2019-07-24,2019-07-24 09:38:49,1.77,0.8156,32,1.74,0.8018,152,1.76,0.811,3,1.755,0.8087,239,0
SPY190726P301,2019-07-24,2019-07-24 09:38:50,1.78,0.8202,127,1.75,0.8064,7,1.76,0.811,3,1.765,0.8133,239,0
SPY190726P301,2019-07-24,2019-07-24 09:38:50,1.79,0.8248,96,1.76,0.811,10,1.76,0.811,3,1.775,0.8179,239,0
SPY190726P301,2019-07-24,2019-07-24 09:38:51,1.78,0.8202,49,1.75,0.8064,11,1.76,0.811,3,1.765,0.8133,239,0
SPY190726P301,2019-07-24,2019-07-24 09:38:51,1.78,0.8202,32,1.76,0.811,7,1.76,0.811,3,1.77,0.8156,239,0
SPY190726P301,2019-07-24,2019-07-24 09:38:52,1.79,0.8248,32,1.76,0.811,169,1.76,0.811,3,1.775,0.8179,239,0
SPY190726P301,2019-07-24,2019-07-24 09:38:52,1.79,0.8248,32,1.77,0.8156,11,1.76,0.811,3,1.78,0.8202,239,0
SPY190726P301,2019-07-24,2019-07-24 09:38:53,1.79,0.8248,48,1.77,0.8156,10,1.76,0.811,3,1.78,0.8202,239,0
SPY190726P301,2019-07-24,2019-07-24 09:38:54,1.79,0.8248,109,1.76,0.811,20,1.76,0.811,3,1.775,0.8179,239,0
SPY190726P301,2019-07-24,2019-07-24 09:38:54,1.79,0.8248,89,1.76,0.811,20,1.76,0.811,3,1.775,0.8179,239,0
SPY190726P301,2019-07-24,2019-07-24 09:38:55,1.78,0.8202,186,1.75,0.8064,6,1.76,0.811,3,1.765,0.8133,239,0
SPY190726P301,2019-07-24,2019-07-24 09:38:55,1.78,0.8202,257,1.75,0.8064,7,1.76,0.811,3,1.765,0.8133,239,0
SPY190726P301,2019-07-24,2019-07-24 09:38:56,1.78,0.8202,195,1.75,0.8064,7,1.76,0.811,3,1.765,0.8133,239,0
SPY190726P301,2019-07-24,2019-07-24 09:38:56,1.79,0.8248,131,1.75,0.8064,61,1.76,0.811,3,1.77,0.8156,239,0
SPY190726P301,2019-07-24,2019-07-24 09:38:57,1.78,0.8202,48,1.75,0.8064,145,1.76,0.811,3,1.765,0.8133,239,0
SPY190726P301,2019-07-24,2019-07-24 09:38:58,1.78,0.8202,89,1.75,0.8064,7,1.76,0.811,3,1.765,0.8133,239,0
SPY190726P301,2019-07-24,2019-07-24 09:38:58,1.78,0.8202,190,1.75,0.8064,7,1.76,0.811,3,1.765,0.8133,239,0
SPY190726P301,2019-07-24,2019-07-24 09:38:59,1.76,0.811,119,1.73,0.7972,7,1.76,0.811,3,1.745,0.8041,239,0
SPY190726P301,2019-07-24,2019-07-24 09:38:59,1.76,0.811,48,1.75,0.8064,7,1.76,0.811,3,1.755,0.8087,239,0
SPY190726P301,2019-07-24,2019-07-24 09:39:00,1.77,0.8156,219,1.73,0.7972,93,1.76,0.811,3,1.75,0.8064,239,0
SPY190726P301,2019-07-24,2019-07-24 09:39:00,1.76,0.811,20,1.73,0.7972,7,1.76,0.811,3,1.745,0.8041,239,0
SPY190726P301,2019-07-24,2019-07-24 09:39:01,1.76,0.811,107,1.73,0.7972,10,1.76,0.811,3,1.745,0.8041,239,0
SPY190726P301,2019-07-24,2019-07-24 09:39:01,1.76,0.811,88,1.73,0.7972,68,1.76,0.811,3,1.745,0.8041,239,0
SPY190726P301,2019-07-24,2019-07-24 09:39:02,1.76,0.811,149,1.73,0.7972,47,1.76,0.811,3,1.745,0.8041,239,0
SPY190726P301,2019-07-24,2019-07-24 09:39:03,1.77,0.8156,118,1.74,0.8018,20,1.76,0.811,3,1.755,0.8087,239,0
SPY190726P301,2019-07-24,2019-07-24 09:39:03,1.76,0.811,32,1.73,0.7972,55,1.76,0.811,3,1.745,0.8041,239,0
SPY190726P301,2019-07-24,2019-07-24 09:39:04,1.77,0.8156,142,1.74,0.8018,67,1.76,0.811,3,1.755,0.8087,239,0
SPY190726P301,2019-07-24,2019-07-24 09:39:05,1.77,0.8156,122,1.74,0.8018,10,1.76,0.811,3,1.755,0.8087,239,0
SPY190726P301,2019-07-24,2019-07-24 09:39:05,1.77,0.8156,142,1.74,0.8018,66,1.76,0.811,3,1.755,0.8087,239,0
SPY190726P301,2019-07-24,2019-07-24 09:39:06,1.77,0.8156,126,1.74,0.8018,10,1.76,0.811,3,1.755,0.8087,239,0
SPY190726P301,2019-07-24,2019-07-24 09:39:07,1.77,0.8156,126,1.74,0.8018,52,1.76,0.811,3,1.755,0.8087,239,0
SPY190726P301,2019-07-24,2019-07-24 09:39:07,1.77,0.8156,126,1.74,0.8018,57,1.76,0.811,3,1.755,0.8087,239,0
SPY190726P301,2019-07-24,2019-07-24 09:39:08,1.76,0.811,123,1.73,0.7972,146,1.76,0.811,3,1.745,0.8041,239,0
SPY190726P301,2019-07-24,2019-07-24 09:39:08,1.76,0.811,60,1.74,0.8018,10,1.76,0.811,3,1.75,0.8064,239,0
SPY190726P301,2019-07-24,2019-07-24 09:39:09,1.76,0.811,40,1.73,0.7972,10,1.76,0.811,3,1.745,0.8041,239,0
SPY190726P301,2019-07-24,2019-07-24 09:39:09,1.77,0.8156,160,1.73,0.7972,146,1.76,0.811,3,1.75,0.8064,239,0
SPY190726P301,2019-07-24,2019-07-24 09:39:10,1.76,0.811,40,1.73,0.7972,10,1.76,0.811,3,1.745,0.8041,239,0
SPY190726P301,2019-07-24,2019-07-24 09:39:11,1.76,0.811,89,1.73,0.7972,26,1.76,0.811,3,1.745,0.8041,239,0
SPY190726P301,2019-07-24,2019-07-24 09:39:11,1.76,0.811,1,1.73,0.7972,54,1.76,0.811,3,1.745,0.8041,239,0
SPY190726P301,2019-07-24,2019-07-24 09:39:12,1.77,0.8156,293,1.74,0.8018,7,1.76,0.811,3,1.755,0.8087,239,0
SPY190726P301,2019-07-24,2019-07-24 09:39:12,1.77,0.8156,152,1.74,0.8018,7,1.76,0.811,3,1.755,0.8087,239,0
SPY190726P301,2019-07-24,2019-07-24 09:39:13,1.77,0.8156,166,1.74,0.8018,7,1.76,0.811,3,1.755,0.8087,239,0
SPY190726P301,2019-07-24,2019-07-24 09:39:13,1.77,0.8156,135,1.74,0.8018,10,1.76,0.811,3,1.755,0.8087,239,0
SPY190726P301,2019-07-24,2019-07-24 09:39:14,1.76,0.811,96,1.73,0.7972,142,1.76,0.811,3,1.745,0.8041,239,0
SPY190726P301,2019-07-24,2019-07-24 09:39:14,1.77,0.8156,152,1.73,0.7972,165,1.76,0.811,3,1.75,0.8064,239,0
SPY190726P301,2019-07-24,2019-07-24 09:39:15,1.77,0.8156,152,1.74,0.8018,7,1.76,0.811,3,1.755,0.8087,239,0
SPY190726P301,2019-07-24,2019-07-24 09:39:16,1.77,0.8156,85,1.75,0.8064,7,1.76,0.811,3,1.76,0.811,239,0
SPY190726P301,2019-07-24,2019-07-24 09:39:16,1.77,0.8156,200,1.74,0.8018,7,1.76,0.811,3,1.755,0.8087,239,0
SPY190726P301,2019-07-24,2019-07-24 09:39:17,1.77,0.8156,32,1.75,0.8064,1,1.75,0.8064,3,1.76,0.811,242,3
SPY190726P301,2019-07-24,2019-07-24 09:39:17,1.77,0.8156,32,1.75,0.8064,7,1.75,0.8064,3,1.76,0.811,242,0
SPY190726P301,2019-07-24,2019-07-24 09:39:18,1.78,0.8202,352,1.75,0.8064,7,1.75,0.8064,3,1.765,0.8133,242,0
SPY190726P301,2019-07-24,2019-07-24 09:39:18,1.78,0.8202,235,1.75,0.8064,7,1.75,0.8064,3,1.765,0.8133,242,0
SPY190726P301,2019-07-24,2019-07-24 09:39:19,1.78,0.8202,351,1.75,0.8064,20,1.75,0.8064,3,1.765,0.8133,242,0
SPY190726P301,2019-07-24,2019-07-24 09:39:21,1.78,0.8202,115,1.75,0.8064,10,1.75,0.8064,3,1.765,0.8133,242,0
SPY190726P301,2019-07-24,2019-07-24 09:39:21,1.78,0.8202,115,1.75,0.8064,20,1.75,0.8064,3,1.765,0.8133,242,0
SPY190726P301,2019-07-24,2019-07-24 09:39:22,1.78,0.8202,165,1.75,0.8064,10,1.75,0.8064,3,1.765,0.8133,242,0
SPY190726P301,2019-07-24,2019-07-24 09:39:22,1.78,0.8202,234,1.75,0.8064,13,1.75,0.8064,3,1.765,0.8133,242,0
SPY190726P301,2019-07-24,2019-07-24 09:39:23,1.78,0.8202,261,1.75,0.8064,13,1.75,0.8064,3,1.765,0.8133,242,0
SPY190726P301,2019-07-24,2019-07-24 09:39:24,1.78,0.8202,219,1.75,0.8064,13,1.75,0.8064,3,1.765,0.8133,242,0
